2562 4279
97 174 173 204 Arm.
187 171 228 204 D.

119 221 202 249 1319.

97 254 164 278 Eat-o.
175 261 201 279 ι.

90 1647 165 1678 Arm.
179 1645 220 1678 D.

114 1695 201 1726 1319.

135 1746 140 1751 .
160 1734 202 1753 iz.

88 1767 118 1789 Ε,
141 1773 165 1792 2.

86 1805 154 1828 Scor.
175 1810 218 1829 ¹2.

87 1843 119 1866 E.
135 1848 159 1866 2.
180 1848 217 1868 m.

104 1990 187 2020 ⁴111.

122 2038 187 2067 775·

246 99 264 128 1
274 89 325 137 7'43

247 172 335 203 nosti-i
349 172 449 203 Terrae
464 168 608 208 praedie'oe
620 165 857 202 destructionem,
875 161 1018 201 nostrique
1040 161 1313 197 exhaeredationem,

248 218 498 248 contemptumque
511 229 521 245 ,
551 206 703 242 dampnum
722 201 914 239 graviffimum
930 224 939 239 ,
961 203 994 233 &
1019 210 1118 232 contra
1142 209 1242 239 pacem
1260 207 1313 227 no-

248 249 351 287 stram,
367 247 442 279 unde
458 246 610 283 plurimum
626 250 776 271 movemur
786 263 796 279 ,
814 250 873 270 non
887 241 1050 278 immerito,
1068 241 1101 271 δε
1115 240 1272 269 turbamur:

285 287 369 325 Nos,
387 285 511 314 nolentes
525 290 610 312 tantas
624 279 786 317 seditiones,
803 278 941 316 dampna,
956 279 989 309 &
1010 278 1152 316 facinora,
1171 277 1191 307 fi
1212 285 1310 313 perpe-

247 334 313 356 trata
328 325 392 361 sint,
410 322 547 358 impunita
561 318 686 356 transire,
703 316 749 348 affi
770 318 896 347 navimus
909 327 959 346 vos
973 327 1088 355 omncs,
1105 325 1174 354 tres,
1192 315 1225 346 &
1239 314 1311 344 duos

248 362 394 399 vestrum,
408 360 568 398 Justitiarios
587 356 715 394 nostros,
733 366 748 386 a
789 355 1004 393 inquirendum,
1029 365 1077 396 per
1096 355 1310 385 Sacramentum

248 401 403 439 proborum
425 398 458 428 &
478 396 610 433 legalium
630 394 793 425 Hominum
808 393 844 423 de
865 392 957 423 Terra
979 393 1132 431 praediffl't,
1148 401 1206 422 nori
1218 390 1312 428 ¹suspe-

250 440 384 475 ctorum,
405 446 452 473 per
474 444 543 472 quos
564 434 602 463 rei
623 433 722 463 veritas
743 431 843 462 melitis
863 432 926 462 scii-i
945 433 1064 470 poterit,
1081 432 1129 470 qui
1150 430 1186 460 de
1207 429 1309 459 eadem

247 474 419 513 Terra‚1tib
431 473 529 503 nostris
548 471 675 502 fidelitate
694 471 738 502 seu
767 470 894 506 ligiantia
913 469 1079 507 constituti,
1104 469 1186 500 dietis
1212 467 1312 498 Inimi·

246 516 288 544 cis
307 513 407 543 nostris
421 534 431 550 ,
454 511 488 542 ad
508 511 564 541 hoc
589 510 667 547 quod
697 511 725 540 in
747 508 856 539 dictam
885 508 1003 538 Terram
1023 508 1145 538 nostram
1166 508 1311 543 venirent,

249 553 311 591 vel,
331 552 401 581 dum
420 551 450 579 in
473 548 572 580 eadem
594 548 686 579 Terra
707 548 818 578 fuerunt
854 547 1016 584 consilium,
1033 546 1078 577 vel
1099 545 1249 583 auxilium,
1266 543 1311 574 seu

246 589 411 621 consensum
428 588 619 626 praebuerunt,
636 596 748 617 necnon
763 585 796 616 ad
816 569 977 623 sieditiones,
1000 585 1120 623 dampna
1135 585 1168 614 ὃς
1183 584 1309 614 facinora

246 629 382 667 praedieta
396 626 530 658 audienda
544 626 577 656 &
592 624 784 662 terminanda,
801 623 952 654 secundum
967 623 1060 661 Leges
1075 624 1107 655 ὅ(
1123 621 1310 653 Consuetudi-

247 677 317 697 nem
332 667 431 696 Terrae
445 664 604 703 praedictae:

286 705 322 736 Et
337 704 402 735 ideo
418 704 500 734 vobis
516 702 679 733 mandamus
692 700 787 739 quod,
804 700 839 731 ad
856 709 944 731 certos
964 699 1020 730 dies
1034 700 1067 731 &
1081 699 1161 737 loca,
1177 708 1246 739 quos
1260 707 1311 728 vos

246 753 364 782 omnes,
381 752 450 780 tres,
467 741 512 773 vel
526 741 584 772 duo
598 739 723 771 vestrum
741 739 774 770 ad
790 739 847 769 hoc
863 738 1054 776 provideritis,
1071 737 1261 777 inquisitiones
1276 736 1308 766 ile

246 782 284 812 las
297 781 414 813 faciatis:
432 781 464 812 δε
477 780 640 818 seditiones,
657 779 780 816 dampna
801 778 834 808 &
852 778 973 807 facinora
994 776 1127 814 praedidia
1148 776 1261 807 audiatis
1275 775 1309 805 &

245 821 400 853 terminetis
417 820 446 849 in
467 819 558 849 forma
573 816 723 856 praedidffi:
744 816 843 846 fasturi
861 815 927 856 inde
951 815 1026 853 quod
1041 838 1052 853 ,
1072 815 1134 845 &c.
1156 813 1311 845 secundum

247 859 362 896 Legem
383 859 416 890 &
431 856 672 888 Consuetudinem
687 855 785 885 Terrae
800 853 960 891 praedietae,
976 853 1068 890 salvis,
1084 853 1145 884 &c.

289 897 488 928 Mandavimus
503 897 580 926 enirn
597 894 728 924 omnibus
746 894 779 923 &
793 892 903 929 lingulis
919 892 1159 929 Vicecomitibus,
1176 891 1210 920 &
1231 889 1312 920 Balli-

244 937 306 975 vis,
328 937 362 968 &
383 935 523 966 Fidelibus
547 933 644 964 nostris
670 932 767 962 Terrae
792 930 953 968 praedietae,
977 930 1035 960 tam
1059 929 1130 960 infra
1160 929 1311 966 libertates,

244 976 334 1014 quarn
346 983 440 1012 extra,
458 972 538 1011 qu'od
555 972 637 1002 vobis
651 970 798 1007 omnibus,
816 970 918 1007 tribus,
935 970 967 1000 δε
987 968 1097 999 duobus
1117 966 1263 1005 vestrum,
1277 967 1308 996 in

245 1013 407 1052 praemissis,
427 1013 478 1042 lint
493 1010 681 1046 intendentes,
697 1008 886 1046 consulentes,
905 1009 938 1038 &
951 1007 1123 1044 auxiliantes,
1141 1006 1307 1044 quotiens&

242 1054 356 1091 quando
371 1061 419 1089 per
432 1061 482 1080 vos
499 1059 614 1086 omnes,
629 1056 696 1084 tres,
715 1046 758 1076 vel
772 1046 843 1076 duos
856 1045 982 1076 vestrfim
1014 1045 1093 1082 super
1109 1045 1182 1084 hoc,
1202 1054 1234 1075 ex
1244 1054 1307 1082 par-

243 1099 271 1122 te
287 1090 399 1126 nostra,
416 1089 517 1120 fuerint
531 1086 704 1125 praemuniti,
722 1085 754 1116 &
774 1084 849 1123 quod
865 1084 952 1114 iidem
970 1068 1178 1122 vicecomites,
1195 1082 1229 1113 ad
1250 1093 1310 1113 cer-

243 1137 287 1160 tos
302 1129 360 1158 dies
380 1129 412 1158 &
431 1127 510 1164 loca,
527 1135 596 1164 quos
610 1135 662 1156 vos
673 1133 789 1161 omneS,
809 1131 879 1161 treS,
896 1130 942 1153 aut
961 1122 1019 1152 duo
1039 1121 1162 1152 vestrum
1184 1123 1223 1152 eis
1241 1121 1310 1152 scire

243 1166 371 1205 faciatis,
388 1166 482 1196 venire
500 1165 602 1194 faciant
621 1172 719 1193 coram
734 1162 816 1191 vobis
837 1160 986 1199 omnibus,
1011 1160 1115 1198 tribus,
1133 1160 1179 1190 vel
1199 1160 1310 1190 duobus

244 1205 386 1243 vestrum,
411 1211 451 1235 tot
470 1203 504 1234 δι
526 1203 606 1240 tales,
629 1202 687 1233 &c.
713 1199 748 1230 de
765 1199 873 1230 Ballivis
902 1199 969 1238 suis,
993 1208 1053 1229 non
1077 1198 1214 1239 suspe&0s
1228 1221 1238 1237 ,
1261 1208 1311 1237 per

244 1254 333 1283 qUOS,
350 1243 410 1274 &c.

281 1281 315 1313 In
331 1282 422 1320 cujus,
438 1280 499 1310 &c.

317 1319 407 1352 Teste
427 1318 510 1357 Rege
531 1316 603 1356 apud
617 1316 764 1355 Eborum,
782 1314 922 1347 tricesimo
941 1314 987 1346 die
1010 1314 1095 1346 Maii.

930 1394 983 1422 Per
999 1390 1081 1431 ipsum
1099 1393 1203 1431 Regem.

422 1541 471 1574 Dc
494 1534 681 1581 Willetfibns
704 1534 860 1579 levandis,
883 1537 985 1569 contra
1010 1539 1120 1569 Scotos.

243 1635 382 1694 REX,
399 1634 507 1666 dile&o
520 1634 553 1665 δε
569 1632 644 1664 fideli
657 1631 722 1670 suo,
741 1631 899 1662 Humfredo
921 1631 957 1662 de
973 1630 1093 1670 Bohun,
1117 1630 1227 1662 Comiti
1248 1631 1309 1663 He-

317 1674 449 1706 refordiae
464 1674 497 1704 δε
512 1670 610 1710 ΕΠὲΧ,
628 1671 672 1701 vel
687 1671 744 1708 ejus
756 1670 881 1706 Bauivis,
899 1671 928 1700 in
941 1670 1037 1701 Terris
1052 1670 1102 1701 suis
1115 1670 1152 1701 de
1166 1670 1310 1709 Breghen-

242 1714 319 1752 nok,
335 1712 507 1752 Penkelthy,
524 1711 557 1742 &
572 1708 766 1746 Cantredselif‚
782 1708 903 1739 salutern.

279 1752 361 1783 Cum
377 1774 387 1790 ,
412 1750 447 1782 ad
467 1748 671 1780 refraenandum
693 1748 863 1785 Scotorum,
889 1746 1073 1777 Inimicorum
1093 1748 1127 1778 &
1148 1745 1309 1778 Rebellium

244 1790 404 1822 nostrorum
418 1812 428 1826 ,
453 1787 622 1818 obstinatam
642 1786 814 1824 nequitiam,
834 1785 870 1815 de
891 1787 1042 1816 communi
1066 1784 1195 1816 Consilio
1210 1785 1310 1823 Regni

244 1829 348 1866 nostri,
365 1827 557 1858 ordinavimus
570 1826 602 1856 δε
618 1824 674 1855 effe
696 1825 899 1861 proponimus,
917 1823 1050 1854 Domino
1069 1825 1263 1862 concedente,
1280 1835 1309 1856 a·

243 1866 300 1906 pud
317 1867 440 1898 Novum
455 1863 592 1895 Castrum
607 1863 684 1901 super
703 1862 835 1902 Tynam‚
852 1871 920 1892 curn
939 1863 1077 1893 excercitu
1094 1861 1206 1901 nostro,
1221 1873 1311 1901 quan-

243 1915 274 1936 to
288 1906 421 1943 potentias
436 1904 605 1944 poterimus,
623 1912 638 1932 a
661 1901 707 1931 die
731 1901 891 1931 Nativitaris
907 1899 1004 1931 Samen
1020 1900 1155 1939 johannis
1179 1901 1309 1939 Baptistae

243 1945 377 2012 §2⁰33ss
393 1938 1106 2011 fiffi‘ic’oisndnissbffiigsssmnziffossmisse{iffi
1115 1939 1310 2009 {iffi-‘33⁰⁰‘

241 2020 324 2051 riliter
339 1992 531 2058 &Spotenter,
549 2026 620 2048 cum
635 2015 694 2046 Dei
708 2015 863 2053 adjutorio,
877 1987 1081 2053 ei'itirpagdam:
1264 1989 1295 2010 Vl

278 2057 329 2097 Et,
345 2060 375 2088 in
396 2057 545 2088 subsidium
564 2054 746 2098 expeditionis
766 2053 869 2084 nostrae
890 2053 1053 2093 praediGtae,
1071 2052 1213 2086 Homines
1231 2055 1311 2096 pedi—

238 2106 295 2136 tes,
313 2097 346 2127 ad
361 2106 436 2128 arma
450 2103 594 2133 potentes,
611 2103 644 2124 ex
700 2101 721 2123 it
736 2102 787 2122 nos
801 2092 922 2131 habere,

276 2136 357 2174 Nos,
375 2135 586 2173 expeditionem
600 2135 649 2162 noi
676 2141 723 2162 arn
736 2130 900 2175 prjaedie'tam
915 2130 995 2161 cordi
1006 2130 1156 2172 specialiter
1167 2131 1309 2173 habentes,

240 2186 293 2206 vos
310 2175 473 2213 requirimus
491 2172 525 2203 &
547 2180 680 2207 rogamus
701 2178 844 2208 quatinus,
862 2169 898 2200 de
916 2169 1012 2200 Terris
1034 2170 1130 2201 vestris
1151 2171 1309 2212 praedietis,

239 2214 376 2245 ducentos
396 2211 540 2242 Homines
554 2209 679 2247 Pedites,
697 2209 732 2238 de
747 2207 938 2238 Validioribus
952 2208 986 2239 &
1006 2207 1216 2240 Potentioribus
1233 2211 1308 2241 Ter-

240 2261 336 2284 rarum
357 2249 510 2282 vestrarum
530 2247 728 2290 praedictarum
744 2269 754 2285 ,
778 2246 846 2284 eligi
867 2245 971 2277 faciatis
991 2256 1038 2286 per
1058 2248 1195 2286 quosdam
1217 2247 1309 2280 fideles

239 2290 367 2327 nostrOS,
383 2298 453 2326 quos
464 2287 498 2318 ad
517 2288 574 2317 hoc
585 2285 800 2322 assignabimus,
815 2284 850 2314 ad
866 2295 933 2323 nOS,
950 2284 984 2315 ad
1006 2285 1103 2316 locum
1119 2286 1306 2326 praedidtum,

240 2328 401 2366 ducendos,
418 2328 454 2356 ita
469 2324 545 2364 quod
559 2325 610 2355 sint
632 2323 758 2362 ibidem,
776 2324 806 2352 in
826 2323 919 2352 mense
940 2323 1077 2360 praedieto
1100 2326 1134 2353 ad
1157 2323 1309 2365 ultimum,

241 2367 388 2406 prompti,
406 2365 439 2395 &
454 2364 557 2402 parati,
573 2372 606 2392 ac
625 2363 708 2392 armis
721 2361 946 2399 competentibus
961 2361 1032 2391 bene
1047 2362 1168 2400 muniti,
1187 2362 1221 2393 ad
1241 2373 1308 2403 pro-

242 2403 426 2436 ficiscendum
443 2402 544 2432 exinde
565 2399 733 2438 nobiscum,
750 2399 784 2429 ad
806 2399 887 2430 vadia
907 2398 1001 2430 nostra
1015 2421 1025 2438 ‚
1049 2408 1147 2431 contra
1168 2400 1307 2434 inimicos

241 2443 355 2476 nostros
369 2440 548 2479 supradictos.

281 2481 317 2512 Et
332 2481 406 2517 hoc,
426 2479 494 2510 sicut
509 2487 578 2516 nos,
595 2477 629 2508 &
644 2477 784 2519 honorem
803 2475 932 2519 nostrum
952 2486 985 2507 ac
1007 2476 1150 2515 vestrum,
1169 2478 1203 2510 &
1225 2488 1308 2510 com—

243 2519 364 2552 modum
380 2518 478 2554 Regni
494 2515 582 2547 nostri
594 2515 725 2552 diligitis,
742 2513 834 2544 modis
847 2515 977 2545 omnibus
992 2514 1106 2546 faciatis.

283 2557 435 2588 Mittemus
450 2563 544 2585 autem
559 2554 593 2584 ad
611 2562 696 2592 partes
710 2552 765 2582 illas
782 2552 923 2591 quendam
943 2553 1090 2585 Clericurn
1112 2554 1256 2593 nostrum,
1273 2557 1308 2588 ad

243 2596 325 2628 vadia
350 2595 434 2626 dictis
453 2593 626 2624 Hominibus
641 2614 650 2630 ,
669 2602 685 2622 a
704 2590 751 2621 die
767 2601 823 2629 quo
848 2591 875 2622 se
894 2592 1037 2623 moverint
1055 2603 1070 2623 a
1098 2594 1218 2630 partibus
1243 2594 1312 2634 illis,

243 2633 337 2676 quous
352 2643 385 2664 ue
398 2632 432 2663 ad
448 2642 498 2662 nos
514 2632 640 2661 venerint
655 2629 689 2660 ad
705 2629 803 2659 locum
817 2629 1000 2669 praedictum,
1014 2630 1155 2662 solvenda.

284 2644 371 2705 Teste
385 2671 468 2710 Rege
480 2669 552 2710 apud
568 2668 716 2706 Eburum,
734 2676 834 2706 quarto
847 2667 894 2699 die
903 2668 990 2708 Junii.

990 2749 1043 2777 Per
1061 2746 1143 2787 ipsum
1162 2749 1267 2786 Regem.

247 2837 414 2871 Confimiles
430 2836 532 2867 Literae
553 2835 712 2872 diriguntur
733 2833 904 2872 subscriptis,
928 2832 964 2864 de
986 2833 1126 2865 Peditibus
1142 2833 1316 2873 subscriptis,

285 2879 316 2909 in
328 2876 424 2908 Terris
439 2875 490 2906 suis
503 2874 659 2912 subscriptis
672 2873 822 2911 eligendis,
839 2872 969 2903 videlicet
978 2895 988 2911 ‚

287 2956 394 2992 Hugoni
411 2952 436 2982 Ie
454 2949 597 2990 Despenser
613 2949 729 2989 Jum'ori
744 2972 754 2987 ,
779 2949 811 2979 de
829 2958 886 2988 500
909 2948 1068 2978 Hominibus
1092 2949 1230 2980 Peditibus
1244 2973 1254 2989 ,
1278 2954 1310 2982 in

247 2995 337 3025 Terris
344 2991 403 3033 sicis
418 2991 450 3021 de
467 2989 627 3027 Glomorgan
645 2986 682 3023 ὠ·
702 2990 872 3026 Morgannon
889 2991 919 3017 in
938 2986 1041 3017 Wallia'
1057 2987 1198 3026 eligendis,
1216 2988 1277 3025 ἀνι.

281 3070 379 3099 Eidem
397 3070 505 3105 Hugoni
521 3066 553 3096 de
573 3074 628 3105 300
648 3063 807 3094 Hominibus
825 3063 977 3107 Peditibus,
994 3067 1023 3093 in
1039 3066 1128 3094 Terris
1149 3066 1181 3094 de
1199 3069 1310 3095 Contre-

242 3109 400 3184 iebigzzisin
409 3105 539 3180 galli&
555 3115 614 3145 quae
625 3104 693 3144 sunt
712 3106 741 3133 in
759 3100 885 3141 Custodit}
895 3102 951 3143 suci
970 3113 1005 3132 ex
1025 3103 1200 3144 Commifflone
1217 3107 1307 3143 Regis,

382 3169 392 3184 ,
464 3169 470 3174 .

283 3222 425 3251 Edwardo
443 3223 540 3249 Comiti
557 3217 679 3259 Cestriae,
695 3216 745 3247 vel
759 3217 815 3254 ejus
824 3215 989 3284 'Justiciario
1007 3215 1113 3256 Cestriae
1131 3218 1163 3246 de
1179 3228 1237 3248 200
1250 3222 1309 3249 Ho-

247 3258 532 3333 rdniitnibcheditibus,
558 3262 586 3288 in
604 3260 692 3288 Terris
710 3256 742 3286 de
759 3258 823 3293 Eng
834 3254 905 3294 efeld
919 3254 957 3291 ὠ·
976 3255 1198 3295 Maylourseyſsiet
1216 3257 1311 3295 eligen-

291 3322 301 3338 ,
377 3322 383 3328 .

286 3375 429 3405 Edmundo
445 3377 542 3403 Comiti
560 3371 700 3402 Arundell
716 3372 747 3401 de
770 3380 828 3401 200
846 3368 1003 3399 Hominibus
1023 3370 1177 3410 peditibus,
1194 3374 1223 3401 in
1247 3374 1313 3402 Ter-

249 3417 288 3444 ris
300 3414 359 3452 ficis
377 3414 409 3443 de
428 3412 509 3442 Colne
525 3409 563 3446 &¹
583 3409 660 3440 Albo
680 3409 844 3447 Monasterio
862 3413 891 3438 in
911 3406 1014 3437 Wallid
1032 3407 1171 3447 eligendis,

288 3489 413 3527 Johanni
429 3489 460 3518 de
478 3487 618 3518 Cherleton
635 3487 666 3516 de
685 3495 742 3525 500
756 3484 916 3516 Hominibus
935 3484 1089 3525 Peditibus,
1108 3488 1139 3515 in
1155 3487 1244 3516 Terris
1255 3484 1313 3525 ficis

255 3527 288 3557 de
303 3530 398 3567 Powys
412 3531 440 3557 in
457 3527 558 3557 Wallid
575 3526 718 3564 eligendis,
733 3523 796 3560 &c.

293 3602 420 3642 Johanni
437 3603 467 3633 de
484 3602 606 3643 Hastyng
629 3602 660 3632 de
678 3611 736 3632 200
755 3600 912 3631 Hominibus
934 3599 1091 3638 Peditibus,
1108 3602 1138 3630 in
1157 3602 1245 3629 Terris
1255 3600 1316 3640 suis

257 3641 290 3671 de
306 3645 474 3681 Bergeveney
491 3645 520 3671 in
540 3640 642 3671 Wzllid
660 3640 802 3679 eligendis,
820 3638 879 3674 &tn

297 3716 423 3753 Johanni
438 3717 550 3756 Grffard
563 3718 595 3748 de
614 3720 656 3747 Br
671 3716 782 3756 mesfeld
801 3716 833 3746 de
851 3724 910 3745 200
934 3713 1094 3745 Hominibus
1115 3713 1269 3755 Peditibus,
1286 3718 1316 3746 in

259 3755 347 3784 Terris
358 3754 414 3792 fiais
429 3755 461 3784 de
479 3760 643 3794 Cantremag
663 3767 701 3786 an
717 3760 746 3786 in
765 3753 867 3785 Wallid
885 3753 1017 3792 eligendis.

686 80 725 120 (3
754 79 795 120 ()
824 77 869 119 ti·
899 76 938 117 if
967 75 1000 116 ti
1029 75 1072 117 151
1103 74 1144 116 71·
1171 74 1191 116 I
1220 71 1261 114 Ε)
1288 66 1331 112 :tt
1363 68 1396 109 Ἐί
1424 67 1449 109 ΕΞ
1472 95 1485 117 ,
1541 67 1574 108 IL
1605 70 1622 111 I
1648 70 1688 111 ’1'
1719 68 1750 110 li
1779 69 1821 111 Ἐξ.
1851 67 1930 120 143,

1347 246 1406 277 Pro
1430 246 1544 278 Comite
1566 242 1763 288 Lancastriae,
1788 244 2035 326 fitpeffiortione
2051 246 2218 279 Comitatus
2238 248 2409 291 Pruvimiae,

1760 290 1821 336 fibi
1843 303 1861 325 c
1945 304 1976 326 a.

1350 376 1436 432 RE
1448 377 1479 408 X
1497 378 1647 417 omnibus,
1669 377 1703 409 ad
1723 388 1809 417 quos,
1825 378 1885 409 &c.
1899 376 2021 409 salutem.
2427 376 2503 409 Ann.
2517 379 2556 414 D.

1446 418 1544 449 Sciatis
1557 416 1653 455 quod,
1670 417 1739 448 curn
1753 418 1838 447 bonae
1852 415 2179 455 memoriae,‘Alienora,
2196 416 2338 456 quondam
2346 418 2408 451 Re·
2449 426 2532 457 1319.

1347 455 1560 500 ginahAngliae,
1578 455 1651 486 Avia
1672 454 1783 494 nostra,
1801 456 1964 493 portionem
1983 456 2082 486 Terrae
2100 455 2145 486 seu
2161 455 2323 488 Comitatus
2335 457 2409 489 Pr0⁴
2428 459 2481 521 {341²-
2494 456 2536 489 12⁴-

1368 504 1378 524 1
1399 504 1454 524 ciae
2453 514 2459 520 .
2495 514 2504 523 .

1348 506 1366 525 v
1379 505 1472 572 nCQiae'
1480 530 1544 571 jure
1568 532 1744 563 haereditario
1764 530 1851 570 ipsam
1876 530 1979 562 Aviam
2000 531 2125 563 nostram
2147 533 2334 571 contingebat
2375 535 2409 566 δε
2431 503 2540 563 Ρατῗιι.

1346 571 1482 615 quicquid
1495 571 1589 601 eidem
1603 572 1752 609 competiit
1766 580 1799 601 ex
1818 569 1988 601 succeffione
2009 569 2110 609 Patris,
2127 572 2161 603 &
2173 571 2274 603 Matris
2288 557 2410 611 ejusdem
2432 574 2462 599 E.
2473 580 2497 600 2·
2513 579 2540 609 p-

1348 611 1431 640 Avrae
1446 609 1552 652 nostrae·
1582 618 1649 639 cum
1665 619 1746 640 mero
1764 619 1798 640 ac
1815 609 1906 639 mixto
1926 608 2068 648 Imperio,
2083 619 2117 640 ac
2139 611 2225 641 etiam
2237 610 2412 650 Jmiidiffio-
2435 619 2461 637 2.
2474 619 2542 647 ma.

1345 658 1401 716 ἓε,
1417 648 1462 716 &s
1473 631 1607 678 omnibus
1624 646 1752 716 {uribus,
1775 647 1962 691 omnibusque
1985 648 2156 692 pertinentiis
2175 648 2320 693 Portionis
2336 650 2412 695 ejus-

1349 696 1432 754 Aniae
1455 685 1919 768 fissstlsszffmgzss‘ezzaff‘iiffflffl
1927 685 2007 763 'parsiss
2021 686 2415 765 Ῐὲἓωρέῗεῗὲὲῗὲῗςέἔῗᾶἓῖ

1351 762 1492 801 quendam
1508 762 1587 800 huJus
1603 771 1780 800 portionem,

1385 800 1436 830 De
1452 800 1498 831 sua
1514 800 1672 831 liberalitate
1689 799 1815 832 doniiffet
1835 802 1869 833 &
1887 801 2065 833 conceffiffet
2079 825 2089 841 ,
2111 801 2218 833 dilectis
2236 801 2415 842 consangui-

1346 839 1405 882 neis
1419 839 1451 870 &
1464 838 1589 882 fidelibus
1604 838 1721 877 nostris,
1738 839 1866 870 Thomae
1880 850 1956 871 nunc
1971 839 2081 872 Comiti
2089 840 2275 881 Lancastriae,
2293 843 2414 874 &Hen-

1347 887 1408 907 rico
1434 877 1522 907 Fratri
1547 877 1670 914 ejusdem
1692 877 1835 916 Thomae,
1860 878 1935 908 Filiis
1955 878 2104 910 Edmundi
2121 879 2266 919 quondam
2288 881 2415 914 Comitis

1349 914 1526 959 Leicestriae,
1543 915 1576 945 &
1590 915 1753 953 Nepotibus
1767 916 1852 947 dietae
1867 916 1950 948 Aviae
1963 916 2081 948 nostrae:
2100 928 2149 957 ac,
2167 918 2248 950 titulo
2269 919 2413 951 Donatio-

1348 963 1407 1022 nin),
1424 952 1596 1022 trgnstglisget
1612 954 1838 1023 ineosdeggqg&
1850 964 1952 999 eorum
1967 954 2119 1024 Haegledes,
2135 966 2188 1001 pro
2199 959 2286 996 aequis
2301 958 2417 990 Portio-

1348 1002 1430 1075 tini-‚⁵
1444 1001 2009 1075 21¹2?iniige’ri‘iegimmssfisstssnoissssssss
2021 995 2415 1072 ςᾶἓῐὲῗὲςΐέἶῖἓέῗῖἒεξεὲῗέ
2442 1053 2444 1055 -

1348 1078 1393 1112 nis¹
1410 1079 1491 1107 ingre
1511 1079 1520 1099 i
1547 1069 1697 1114 uriiyersae,
1721 1068 1890 1101 accresceret
1908 1069 2019 1108 Nepoti
2038 1069 2171 1109 superstiti
2187 1081 2224 1102 eo
2240 1074 2300 1111 ipso
2319 1074 2418 1106 Portio

1348 1107 1438 1138 taliter
1456 1107 1629 1139 decedentis:

1387 1146 1602 1190 Ordinassetque
1625 1144 1739 1185 praefata
1761 1145 1835 1178 Avia
1858 1145 1950 1178 nostra
1971 1146 2048 1186 quod
2072 1147 2091 1178 fi
2107 1147 2187 1180 liberi
2205 1150 2335 1187 praedicti
2354 1151 2416 1182 Ed-

1347 1185 1465 1223 mundi,
1487 1194 1555 1216 tunc
1573 1186 1646 1224 nati,
1664 1185 1697 1217 &
1715 1192 1818 1216 extunc
1837 1185 1963 1216 nascituri
1976 1209 1987 1225 ,
2013 1185 2181 1218 decederent
2198 1188 2255 1219 fine
2270 1189 2363 1221 liberis
2378 1191 2415 1222 de

1347 1223 1473 1261 ipsorum
1489 1225 1654 1268 corporibus
1672 1225 1835 1268 procreatis,
1854 1232 1921 1255 tunc
1938 1232 1998 1256 tota
2017 1223 2183 1257 Haeraeditas
2200 1226 2245 1257 sua
2259 1228 2415 1268 praedifita,

1347 1271 1416 1292 cum
1434 1263 1569 1293 omnibus
1586 1262 1637 1293 suis
1660 1263 1833 1300 pertinentiis
1845 1285 1855 1302 ,
1874 1263 1909 1294 ad
1933 1262 2071 1295 Haeredes
2088 1263 2169 1302 ipsius
2191 1265 2274 1297 Aviae
2292 1267 2396 1299 nostrae

1346 1299 1444 1337 Reges
1462 1301 1593 1346 Angliae,
1610 1309 1808 1332 reverteretur:
2404 1291 2415 1308 ³

1382 1339 1462 1384 Qas
1476 1339 1590 1380 quidem
1607 1338 1803 1371 Donationem
1817 1340 1850 1371 &
1866 1338 2089 1372 Conceffionem

2127 1342 2242 1373 celebris
2256 1346 2415 1383 memoriae,

1345 1376 1492 1409 Dominus
1508 1378 1680 1417 Edwardus,
1707 1378 1851 1416 quondam
1869 1377 1931 1409 Rex
1949 1379 2077 1418 Angliae,

2094 1364 2175 1411 i'ater
2192 1382 2210 1400 *
2229 1381 2322 1412 noster
2385 1393 2415 1414 er

1347 1416 1456 1462 Literas
1473 1417 1531 1448 suas
1548 1425 1687 1456 patentes,
1706 1427 1759 1456 pro
1777 1416 1804 1447 se
1821 1417 1854 1448 &
1872 1416 2039 1449 Haeredibus
2055 1419 2124 1458 suis,
2142 1393 2415 1457 postmodum⁷cgm

1347 1453 1484 1494 firmam,

1382 1493 1449 1524 Nos
1464 1517 1474 1533 ,
1507 1493 1627 1533 praefato
1649 1493 1761 1524 Comiti
1790 1494 1950 1525 uberiorem
1977 1496 2094 1531 gratiam
2119 1495 2214 1527 facere
2236 1497 2360 1529 volentes
2383 1500 2414 1530 in

1345 1531 1399 1563 hac
1416 1541 1506 1577 parte,
1524 1533 1711 1564 concessimus
1728 1533 1770 1572 ei,
1808 1543 1841 1563 ro
1858 1533 1940 1563 nobis
1957 1532 1990 1564 ὃ(
2008 1532 2176 1565 Haeredibus
2192 1534 2309 1583 nostris,
2327 1547 2414 1576 quan-

1347 1577 1408 1601 tum
1431 1581 1462 1602 in
1482 1571 1564 1603 nobis
1579 1572 1637 1611 est,
1653 1571 1762 1602 dietam
1801 1572 1942 1602 ortionem
1959 1571 2059 1603 Terrae
2082 1572 2137 1603 suae
2161 1572 2324 1606 Comitatus
2341 1585 2415 1614 prae-

1346 1608 1434 1648 dieti,
1450 1620 1518 1641 cum
1544 1620 1623 1641 mero
1645 1620 1678 1641 ac
1704 1611 1795 1640 mixto
1810 1609 1936 1648 Imperio
1953 1633 1962 1647 ,
1991 1610 2025 1641 &
2043 1611 2129 1642 etiam
2145 1610 2360 1652 Jurisdid'cione,
2379 1616 2414 1646 &

1348 1649 1481 1679 omnibus
1502 1648 1637 1688 Juribus,
1661 1647 1846 1686 omnibusque
1868 1649 2040 1686 pertinentiis
2064 1648 2201 1680 Portionis
2225 1652 2364 1691 ejusdem,
2381 1654 2415 1684 &

1346 1687 1482 1755 fflicqmd
1501 1687 1535 1718 ad
1551 1697 1604 1718 nos
1615 1710 1626 1726 ,
1650 1687 1694 1718 vel
1710 1687 1844 1717 Haeredes
1861 1686 1970 1717 nostros
1984 1709 1994 1725 ,
2019 1687 2055 1718 de
2078 1687 2248 1720 Haereditate
2264 1690 2415 1731 praediffl,

1375 1725 1440 1764 'quo
1450 1725 1534 1765 Jure,
1550 1726 1649 1757 reverti
1660 1725 1705 1756 seu
1718 1725 1885 1756 descendere
1900 1725 1990 1763 poffiet
1998 1748 2009 1764 ,
2027 1725 2058 1756 H
2066 1736 2085 1756 A
2094 1735 2114 1756 Β
2123 1735 2142 1756 E
2152 1735 2174 1756 N
2184 1736 2205 1757 D
2213 1738 2234 1757 A
2244 1737 2271 1758 M
2290 1729 2323 1760 ὃ(
2341 1729 2372 1760 Τ
2380 1739 2415 1761 ε-

1352 1771 1376 1793 N
1389 1773 1407 1794 E
1418 1772 1441 1794 N
1452 1772 1541 1794 ΒΑΜ
1564 1764 1659 1795 eidem
1685 1763 1812 1801 Comiti,
1834 1763 2019 1802 Haeredibus,
2041 1765 2075 1795 &
2098 1764 2249 1802 Affignatis
2266 1767 2334 1806 suis,
2349 1767 2414 1798 ΙΜ-

1349 1811 1368 1832 P
1377 1811 1395 1832 E
1404 1811 1453 1833 Rp
1463 1812 1481 1833 E
1492 1811 1515 1832 τ
1524 1811 1546 1833 υ
1555 1811 1578 1833 u
1588 1811 1615 1834 M
1625 1826 1635 1842 ,
1651 1803 1706 1833 sine
1722 1803 1870 1834 occafione
1886 1810 1933 1833 aut
1951 1802 2109 1842 calumpnia
2128 1803 2233 1844 nostri,
2250 1806 2296 1837 vel
2311 1805 2414 1838 Haere-

1346 1840 1417 1871 dum
1435 1840 1595 1884 nostrorum
1612 1850 1865 1882 quorumcumque.

1386 1879 1420 1910 In
1435 1889 1528 1919 cujus,
1546 1880 1606 1911 &c-

1421 1917 1509 1950 Teste
1528 1917 1611 1959 Rege
1627 1917 1700 1960 apud
1717 1917 1845 1951 Eborum
1863 1918 1963 1958 quinto
1981 1918 2026 1950 die
2040 1915 2130 1958 Junii.

2449 1380 2463 1396 ·
2479 1380 2533 1408 111.

2462 1420 2529 1457 77⁶«

2009 1997 2062 2026 Per
2080 1995 2162 2036 ipfiam
2179 1999 2281 2035 Regem⁴

1347 2131 1407 2163 Pro
1429 2126 1580 2176 [Magistro
1605 2129 1714 2175 Rogero
1737 2125 1773 2160 de
1797 2123 1995 2174 thbmg,
2030 2125 2075 2160 ad
2095 2127 2273 2174 Confiientiae
2295 2129 2415 2176 Papalis

1680 2180 1847 2223 puritatem
1861 2174 2073 2221 serenandam.

1347 2261 1512 2323 PAPAE
1534 2263 1599 2293 Rex
1616 2262 1718 2293 devota
1732 2260 1837 2299 pedum
1853 2260 1945 2291 oscula
1959 2260 2114 2292 beatorum.
2436 2261 2562 2298 Anni).

1432 2300 1606 2339 Apostolicae
1623 2300 1805 2342 Benignitatis
1831 2299 1946 2337 provida
1973 2298 2203 2338 Circumspeetio
2219 2324 2230 2340 ,
2254 2302 2366 2333 cunCtis
2387 2303 2413 2333 se
2459 2312 2539 2342 1319.

1347 2337 1467 2369 offerens
1484 2341 1514 2369 in
1539 2339 1710 2370 exhibitione
1730 2337 1843 2375 justitiae
1866 2338 2042 2376 debitorem,
2066 2338 2170 2369 nostrae
2189 2339 2414 2371 considerationis
2435 2345 2487 2368 An.
2507 2352 2548 2370 iz.

1345 2378 1489 2408 obtutibus
1506 2378 1643 2416 grandem
1657 2376 1791 2408 fiduciam
1806 2375 1993 2414 administrat,
2011 2386 2063 2414 pro
2081 2377 2276 2408 conservandis
2285 2388 2318 2409 ac
2333 2387 2412 2410 tuen—
2437 2384 2468 2408 E.
2486 2389 2512 2408 2.

1345 2415 1389 2460 dis
1408 2415 1513 2460 Regiae
1539 2415 1695 2453 Dignitatis
1721 2414 1822 2445 nostrae
1842 2415 1949 2452 J'uribus
1973 2415 2019 2453 (ad
2042 2424 2162 2459 quorum
2186 2415 2410 2448 observationem
2434 2416 2544 2452 Rom&

1342 2464 1491 2493 juramentl
1517 2454 1655 2492 religione
1677 2456 1849 2490 coartamur)
1869 2463 1905 2483 eo
1927 2452 2095 2493 frequentius
2121 2453 2219 2484 vestra:
2243 2453 2412 2487 Paternitatis
2435 2460 2474 2483 Fr·
2498 2466 2538 2488 ¹2.

1346 2492 1470 2531 praesidia
1487 2492 1657 2531 implorandi
1672 2515 1682 2531 ,
1707 2502 1765 2531 quo
1783 2491 1899 2522 firmiori
1915 2490 2108 2529 supportamur
2127 2491 2248 2531 fiducia,
2264 2494 2344 2532 quod
2364 2505 2413 2527 ve-
2436 2499 2466 2522 E.
2485 2505 2510 2523 2.
2525 2505 2559 2527 m.

1347 2531 1401 2562 stra
1418 2531 1549 2562 consueta
1566 2531 1725 2569 Beriignitas
1749 2540 1780 2561 ea
1797 2530 1864 2560 velit
1885 2528 1989 2560 illibata
2014 2529 2171 2570 persistere,
2194 2532 2246 2570 &,
2269 2542 2305 2563 ne
2325 2533 2414 2565 dimi-
2438 2533 2464 2561 8.
2482 2534 2506 2561 d-

1346 2578 1464 2601 nuantur
1478 2569 1621 2609 indebite,
1638 2579 1658 2599 ο
1679 2579 1725 2600 em
1738 2577 1876 2606 apponere
1894 2568 2013 2599 remedii
2028 2579 2047 2598 o
2088 2570 2167 2599 rtuni.

1418 2607 1581 2639 uamobrem
1596 2630 1606 2646 ,
1638 2618 1654 2638 a
1700 2606 1877 2638 serenandam
1908 2605 2009 2637 vestrae
2081 2607 2221 2639 nscientiae
2252 2610 2415 2650 puritatem,

1348 2647 1402 2679 San
1436 2647 1492 2677 ‘tati
1509 2645 1607 2677 vestrae
1623 2646 1798 2683 intimamus,
1817 2644 1913 2684 quod,

1387 2684 1513 2715 Vacante
1537 2693 1627 2722 nuper
1645 2683 1892 2722 Archiepiscopatu
1915 2682 2045 2714 Eborum
2060 2707 2070 2723 ,
2094 2692 2144 2722 per
2169 2686 2281 2717 obitum
2295 2709 2305 2725 ,
2328 2688 2416 2718 bonae

1349 2724 1518 2761 memoriae‚
1535 2722 1687 2753 Willielmi
1711 2722 1747 2753 de
1764 2720 1917 2752 Grenefeld
1932 2744 1942 2759 ‚
1966 2732 2056 2759 nuper
2072 2723 2287 2764 Archiepiscopi
2307 2725 2366 2757 loci
2383 2727 2415 2757 il-

1348 2763 1398 2793 lius
1434 2763 1469 2793 &
1485 2762 1541 2800 ejus
1559 2761 1689 2792 custodia
1706 2762 1738 2791 in
1756 2770 1843 2791 manu
1860 2759 1953 2791 nostra
1969 2760 2117 2799 existente,

1385 2784 1454 2832 Hos
1471 2799 1658 2831 Praebendam
1676 2799 1712 2830 de
1726 2798 1870 2829 Wistowe
1887 2799 1929 2837 (in
1948 2797 2075 2830 Ecclesia
2092 2801 2164 2830 beati
2181 2799 2256 2831 Petri
2274 2801 2402 2833 Eborum

1347 2847 1416 2870 tunc
1442 2847 1596 2882 vacantem.
1615 2847 1664 2876 per
1689 2845 1812 2868 mortem
1838 2836 1972 2881 Magistri
1996 2837 2071 2868 Petri
2095 2838 2131 2869 de
2149 2838 2303 2879 Sabaudia,
2328 2842 2361 2872 &
2377 2826 2414 2872 ad

1347 2877 1473 2909 nostram
1493 2876 1684 2907 Collationem
1703 2876 1885 2914 spediantem)
1908 2875 2015 2907 <Medio
2033 2875 2149 2907 Clerico
2167 2877 2263 2908 nostro
2276 2901 2286 2917 ,
2316 2878 2414 2916 Magi-

1347 2916 1404 2947 stro
1420 2915 1540 2954 Rogero
1557 2915 1593 2945 de
1610 2914 1784 2952 Northburg
1801 2914 1969 2945 contulimus
1986 2915 2070 2953 pleno
2081 2916 2143 2953 jure
2160 2915 2272 2954 Regio,
2290 2926 2346 2954 quo
2353 2927 2415 2957 nos,

1347 2954 1587 3024 &sllffrogenirores
1604 2952 1706 2992 nostri,
1725 2953 1821 2992 Reges
1841 2953 1973 2993 Angliae,
1997 2954 2035 2984 usi
2056 2954 2148 2984 sumus
2164 2954 2296 2984 haetenus
2313 2955 2432 2991 incon-,

1348 3003 1384 3024 cu
1410 3004 1441 3024 e:

1383 3033 1460 3072 Qi,
1476 3033 1578 3063 virtute
1595 3031 1761 3063 Collationis
1777 3029 1954 3070 hujusmodi,
1976 3030 2010 3060 ad
2029 3029 2212 3060 Praebendam
2231 3029 2305 3061 illam
2325 3042 2414 3064 cano-

1346 3071 1412 3102 nice
1430 3070 1561 3102 admissus
1579 3071 1649 3109 fuit,
1675 3071 1816 3110 ipsamque
1834 3068 1950 3107 pacifice
1968 3067 2100 3098 haetenus
2116 3069 2202 3098 tenuit
2220 3068 2253 3099 &
2270 3071 2373 3110 quiete.

1384 3108 1492 3140 Verum
1505 3132 1516 3148 ,
1534 3110 1596 3149 quia
1616 3110 1676 3147 jam
1694 3110 1775 3140 nobis
1793 3107 1909 3150 relatum
1925 3105 1967 3136 est
1984 3105 2061 3144 quod
2077 3116 2128 3137 vos
2141 3128 2152 3144 ‚
2177 3115 2310 3144 praetextu
2326 3110 2415 3147 cujus-

1345 3149 1411 3179 dam
1430 3147 1651 3186 Reservationis,
1668 3147 1768 3185 factae,
1786 3154 1817 3176 ut
1830 3144 1968 3182 asseritur,
1984 3154 2034 3184 per
2070 3144 2158 3175 felicis
2171 3148 2333 3186 memoriae,
2348 3147 2414 3179 Do-

1347 3188 1459 3217 minum
1475 3187 1671 3223 Clementem,
1688 3184 1791 3228 Papam
1807 3184 1967 3222 Quinum,
1986 3182 2022 3214 de
2034 3167 2184 3227 Beneficiis
2196 3182 2413 3222 Capellanorum

1348 3225 1429 3262 ipsius
1448 3225 1568 3255 Domini
1586 3223 1689 3262 Papae,
1704 3224 1876 3260 ubicumque
1893 3221 2090 3252 decedentium
2104 3244 2114 3259 ,
2131 3222 2167 3252 de
2180 3221 2259 3253 dieta
2278 3222 2412 3256 Praeben-

1347 3264 1384 3294 da
1400 3265 1461 3302 jam
1479 3263 1588 3293 noviter
1621 3261 1780 3292 Venerabili
1794 3259 1888 3297 Patri,
1905 3258 2038 3290 Domino
2050 3259 2207 3298 Bernardo,
2223 3261 2334 3293 Sandiae
2343 3262 2411 3294 Ma-

1350 3304 1397 3332 riae
1417 3303 1449 3332 in
1469 3300 1576 3339 Aquiro
1594 3284 1728 3343 biacono
1745 3298 1884 3343 Cardinali
1897 3320 1907 3336 ,
1920 3298 2106 3342 ⁴providisti-s,
2124 3298 2247 3342 suspensa
2263 3308 2358 3330 tamen
2376 3311 2412 3332 ex

1349 3339 1440 3372 vestra
1458 3338 1649 3370 Benivolentia
1665 3346 1829 3369 executione
1843 3336 2010 3368 Provifionis
2031 3337 2203 3376 hujusmodi,
2221 3337 2359 3376 quousque
2375 3339 2412 3370 de

1345 3381 1406 3448 jsnre
1423 3378 1519 3447 nglstro
1536 3376 1633 3446 Regio
1650 3377 1679 3407 in
1696 3377 1729 3408 ea
1736 3385 1819 3444 fparte
1838 3375 2051 3445 eiiietisiglenius
2071 3375 2228 3406 informati:
2245 3375 2280 3406 de
2292 3386 2349 3414 quo
2363 3387 2413 3409 ve-

1377 3427 1415 3447 rae
1466 3426 1548 3447 emen
1562 3425 1596 3445 1ae
1640 3424 1692 3446 ates
1707 3426 1735 3445 re
1748 3425 1851 3445 erimus
1891 3425 1925 3445 ec
1962 3425 2004 3445 es:

1385 3455 1453 3486 Nos
1476 3455 1534 3485 tam
1552 3425 1654 3484 nostgrrae
1668 3477 1678 3492 ,
1701 3454 1788 3492 quam
1811 3424 1934 3492 ejusdem
1951 3452 2059 3484 Clerici
2075 3452 2164 3483 nostri
2178 3450 2390 3493 indemnitati,

1387 3494 1439 3526 Ne
1458 3494 1620 3531 contingat,
1647 3493 1724 3532 quod
1741 3491 1826 3530 absit,
1842 3499 1976 3531 praetextu
1991 3491 2160 3522 Provisionis
2177 3490 2317 3533 praetadtae
2332 3514 2343 3529 ,
2367 3494 2416 3523 ali-

1351 3533 1434 3573 quid,
1450 3531 1527 3570 super
1542 3530 1699 3561 Praebendi
1717 3529 1852 3568 praedi'eta
1864 3552 1875 3568 ,
1897 3529 2084 3570 praejudiciale
2109 3528 2208 3565 Regio
2220 3528 2278 3565 juri
2300 3529 2414 3571 nostro,

1349 3574 1393 3605 seu
1409 3571 1458 3609 ipsi
1475 3571 1560 3600 etiam
1577 3568 1709 3607 Clerico,
1725 3570 1897 3607 attemptari,
2145 3603 2150 3609 Ι

1389 3608 1583 3640 Desiderantes
1600 3608 1732 3645 oportuni
1749 3607 1921 3645 appositione
1937 3605 2053 3638 remedii
2069 3603 2231 3642 provideri,

1388 3647 1532 3680 Sandiitati
1549 3644 1647 3676 vestrae
1664 3645 1775 3676 sinceris
1791 3644 1937 3676 affectibus
1954 3644 2152 3682 supplicamus,
2178 3641 2302 3680 quatinus
2318 3643 2352 3674 ad
2368 3645 2413 3683 jus

1350 3687 1476 3718 nostrum
1493 3684 1618 3723 Regium
1635 3683 1725 3722 (cujus
1741 3693 1793 3714 vos
1807 3683 1945 3722 speramus
1965 3681 2082 3712 indubie
2104 3681 2260 3723 praecipuos
2283 3680 2414 3713 defenso-

1352 3728 1405 3762 res)
1424 3725 1550 3755 Paternae
1568 3722 1927 3753 considerationisintuitum
1935 3726 2144 3763 convertentes,
2163 3717 2330 3756 praedienm
2339 3720 2411 3751 Pro-

1352 3765 1507 3800 visionem,
1525 3760 1642 3799 praefato
1658 3759 1733 3791 Patri
1749 3760 1871 3798 faeram,
1888 3767 1917 3790 ut
1934 3764 2127 3800 praemuntur,
2146 3755 2182 3786 de
2200 3754 2358 3788 Praebenda
2371 3759 2415 3790 su-

1352 3801 1478 3840 pradieta
1506 3800 1580 3839 (jure
1602 3797 1698 3829 nostro
1716 3798 1812 3836 Regio
1833 3797 1932 3829 vestrae
1945 3794 2110 3827 Beantudim
2125 3802 2194 3825 tunc
2211 3803 2269 3824 non
2287 3794 2413 3835 detecto)

1355 3841 1384 3871 di
1408 3839 1514 3870 nemini
1530 3847 1677 3881 reyocare:
2105 3871 2111 3877 '
2406 3873 2413 3879 .

1354 3888 1472 3946 ffidssx,
1485 3883 1693 3944 Ριὲἱῗυὲἓὲἑὲῗ
1707 3871 2024 3953 ὦὲἓῶῗὲεῑέἓῖῇωέ
2036 3869 2414 3952 ξέθὲἓῖὶῗὲἓοὲξιῗέἓόηὲἓ

1353 3954 1524 3994 spectantem
1546 3952 1751 3992 comperimus)
1777 3959 1812 3983 ex
1834 3948 1926 3982 nostrii
1953 3946 2112 3980 conatione
2130 3949 2268 3981 canonice
2285 3948 2413 4019 estc-gg}-

2406 4010 2416 4026 ²
