2562 4279
0 604 5 649 ἰ
20 601 74 629 ΙΙΙ.

0 701 120 734 Ann.D.

23 750 107 781 ¹321·

0 783 41 828 η4η.
66 790 106 814 14.

0 831 19 845 2.
45 828 70 845 2.

0 856 125 893 Nuus-¹4·

0 898 19 922 Ξ.
38 904 63 922 2.
87 903 124 922 m.

0 1543 64 1575 Rnn.
82 1542 123 1573 D.

12 1592 96 1624 1321.

0 1626 42 1650 dn.
63 1630 105 1657 14.

0 1665 20 1688 Ε.
43 1669 70 1688 2.

0 1702 46 1727 m.
66 1707 110 1734 14.

0 1741 21 1764 Ε.
43 1745 70 1764 2.

0 1795 26 1842 ri.
38 1796 67 1851 9'.

8 2679 67 2711 lnn.
80 2678 121 2711 D.

12 2727 96 2757 1321.

10 2761 42 2805 ln.
63 2768 106 2793 ¹4·

11 2806 128 2870 iaia..

13 2892 29 2937 ι’.
39 2881 69 2946 2¹.
79 2911 104 2939 d.

35 3447 88 3476 111.

702 163 812 204 ET
897 159 1164 201 ACTA

0 245 121 314 &nn-ID·
172 249 220 280 De
234 250 304 282 dicti
318 260 387 282 vero
398 266 439 274 —-
451 249 541 281 Eleeti
556 248 610 279 fide
623 249 657 280 &
671 248 822 286 industria,
835 249 893 286 jam
915 247 1054 284 probatis,
1072 244 1195 285 plenarie

9 295 62 328 132
86 308 92 313 .

0 331 55 354 Eav.
73 332 102 353 2.

136 289 324 327 confidentes,
360 289 470 320 uaedam
484 288 613 327 Negotia
627 310 637 325 ,
660 297 712 317 nos
731 288 764 317 &
783 287 896 316 nostros
908 286 1058 324 specialiter
1078 291 1195 327 tangen-

137 329 173 357 tia
188 351 198 365 ,
224 329 323 359 vestrae
368 327 509 358 eatitudini
527 326 648 356 seriosius
670 325 838 362 exponenda
853 347 862 362 ,
889 324 981 353 eidem
1006 325 1194 360 injunximus,

136 367 199 404 cui,
217 368 235 397 si
250 367 355 410 placet,
371 368 401 396 in
416 365 518 396 eisdem
532 363 660 395 adhibere
674 363 836 402 dignemini
851 362 965 400 plenam
979 361 1074 391 fidem.

174 405 347 444 Coniervet,
364 406 424 436 &c.

169 481 238 513 Dat.
251 481 324 522 apud
336 479 641 517 Westmonasterium,
658 477 776 508 decimo
792 485 892 516 quarto
906 476 953 507 die
968 475 1052 506 Maii.

271 606 299 633 ³*
323 608 371 641 De
386 603 488 650 Officio
512 606 691 649 Majoratus
709 601 862 636 Londoniae
885 602 1052 650 replegiato.

199 690 280 730 EX,
297 690 402 720 dilecto
416 690 450 721 &
466 688 537 719 fideli
551 689 618 725 suo,
636 688 769 718 Roberto
782 687 816 717 de
836 687 982 727 Kcndale,
1000 688 1123 718 salutem.

138 697 192 752 R
229 729 322 767 Qia,
340 729 376 758 de
390 726 476 767 gratia
493 726 588 757 nostra
603 726 620 756 s
651 727 735 764 ciali,
761 727 973 766 replegiavimus
985 750 994 764 ,
1020 726 1127 756 dilecffis
1138 735 1197 768 'no-

140 770 198 808 bis,
215 768 406 799 Aldermannis
420 766 452 796 &
466 764 586 795 Civibus
605 737 735 795 Civitatis
749 765 853 795 nostrae
873 765 1035 795 Londoniae
1053 764 1196 808 Officmm

140 807 306 844 Majoritatis
320 804 446 835 Civitatis
464 804 533 833 illius
548 827 556 841 ‚
581 803 666 843 usque
680 804 714 834 ad
736 804 924 842 Qindenam
937 804 1033 834 Sanffi
1047 802 1198 833 Michaelis

138 845 271 886 proximo
284 845 420 880 futuram,
434 842 510 880 quod
525 842 642 881 quidem
662 841 823 881 Officium,
837 852 943 882 nuper,
961 852 1059 872 coram
1071 842 1196 880 justitia-

139 885 186 914 riis
200 883 299 914 nostris
314 881 518 919 itinerantibus,
535 880 610 920 apud
631 881 752 911 Turrim
771 881 933 911 Loudoniae
945 904 954 919 ,
979 880 1141 920 quibusdam
1160 880 1197 909 de

137 923 236 960 causis,
255 928 368 959 captum
382 919 433 949 fuit
448 920 476 949 in
495 929 614 949 manum
637 920 764 950 nostram
780 932 790 957 :,
813 921 846 950 ὃς
869 922 1095 950 nominationem
1110 943 1120 957 ,
1146 928 1194 956 per

136 961 284 999 praedictos
303 958 509 988 Aldermannos
529 958 562 989 ἃ
585 957 672 988 Cives
687 982 697 997 ,
722 959 804 988 nobis
827 959 931 989 fastam
948 958 983 988 de
1002 958 1140 988 Hamone
1159 958 1194 987 de

137 997 327 1038 Chiggeivell,
346 996 422 1038 Cive
432 995 563 1027 Civitatis
574 997 734 1037 praedidiae,
753 1007 806 1035 pro
821 997 901 1027 dic'to
914 996 1042 1035 Officio,
1062 1007 1108 1035 per
1123 1006 1196 1026 tem-

135 1047 185 1078 pus
198 1036 367 1105 prgedic‘ciium
381 1035 535 1104 regbencclio13
557 1037 764 1104 acceptzssvimus
779 1059 789 1074 ,
810 1036 1077 1074 sacramentumque
1092 1036 1199 1072 recepi-

169 1085 199 1105 us
259 1084 295 1105 eo
316 1084 362 1104 em
378 1084 417 1105 no
437 1084 460 1104 is
493 1084 508 1104 e
530 1083 601 1105 itum
616 1085 644 1104 in
679 1084 710 1104 ac
744 1084 808 1105 arte.

137 1085 263 1144 mvgbis
277 1113 443 1144 mandamus
456 1113 533 1152 quod
548 1113 644 1143 eidem
658 1084 787 1143 Har-riom
801 1111 968 1143 Custodiam
982 1111 1110 1142 Civitatis
1124 1121 1199 1149 prae-

134 1151 235 1190 dietae,
254 1161 339 1189 quam
354 1152 435 1181 vobis
456 1162 545 1192 nuper
567 1152 759 1182 commisimus
773 1151 939 1192 regendam,
958 1151 1078 1181 liberetis
1091 1151 1199 1181 haben-

135 1191 202 1222 dam
217 1192 250 1222 ὃς
265 1189 415 1230 regendam
428 1191 459 1220 in
469 1190 563 1220 forma
572 1190 734 1230 supradiffffi.

171 1267 261 1299 Teste
275 1267 358 1308 Rege
370 1266 444 1307 apud
457 1266 744 1298 Westmonasterium
752 1289 761 1306 ,
779 1267 914 1298 vicesimo
927 1267 1023 1304 primo
1035 1266 1081 1297 die
1094 1265 1177 1297 Maii.

749 1346 802 1374 Per
814 1343 895 1384 ipfiem
909 1346 1013 1382 Regem.

467 1473 528 1504 Pro
552 1468 700 1516 Comitiffiz
727 1468 764 1502 de
785 1468 865 1517 Fyfi’.

141 1553 225 1610 RE
235 1552 265 1585 X
285 1555 419 1586 omnibus
433 1554 545 1586 Ballivis
558 1557 592 1588 δε
614 1555 753 1585 Fidelibus
771 1554 822 1586 suis
835 1577 846 1593 ,
869 1554 928 1585 tam
943 1553 1014 1584 infra
1030 1552 1200 1590 ubertates,

202 1594 290 1638 quam
305 1603 396 1632 exrra,
414 1594 446 1624 ad
462 1604 550 1633 quos,
568 1595 628 1625 &o
641 1594 763 1624 salutem.

177 1631 256 1663 Cum
272 1655 282 1671 ,
305 1632 405 1663 dilecta
424 1632 528 1670 Neptis
550 1632 644 1662 nostra
656 1655 666 1670 ,
687 1631 778 1663 Maria
794 1630 947 1663 Comitiss'a
965 1630 1002 1661 de
1016 1630 1086 1668 Fyfe
1100 1652 1111 1668 ,
1137 1639 1201 1667 quae

142 1680 266 1701 moratur
281 1672 310 1700 in
325 1670 422 1701 Scotia
435 1693 445 1709 ,
473 1673 565 1701 mittat
581 1669 745 1701 Robettum
764 1670 799 1699 de
816 1669 967 1710 Cumpton
979 1692 989 1708 ,
1014 1670 1048 1700 ὃς
1065 1668 1201 1706 quosdam

141 1710 210 1741 alios
223 1710 377 1743 Servientes
390 1710 450 1740 suos
467 1709 504 1739 de
526 1708 624 1742 Scotia
636 1732 646 1747 ‚
671 1709 755 1747 usque
768 1708 922 1740 Civitatem
944 1708 1070 1738 nostram
1085 1707 1205 1737 Londo-

142 1748 217 1787 niae,
231 1747 264 1778 ad
278 1746 404 1786 Pannos,
418 1747 544 1786 Jocalia,
562 1749 595 1778 ὅ(
609 1746 658 1778 alia
673 1770 682 1786 ,
706 1757 771 1785 quae
791 1757 842 1787 pro
857 1746 979 1778 Camerti
999 1747 1080 1784 ipsius
1100 1744 1204 1776 Comi-

139 1786 565 1856 gffgnecesssriadexistuntstd
579 1796 651 1827 opus
662 1786 786 1825 ejusdem
792 1786 954 1817 Comitiffae
962 1808 971 1824 ,
986 1785 1094 1816 ibidem
1106 1794 1205 1815 emen—

159 1836 174 1856 a
253 1835 313 1855 rovr
333 1835 369 1854 en
389 1834 419 1854 a:

174 1835 264 1894 Vollis
276 1863 440 1894 mandamus
454 1863 532 1903 quod
550 1864 642 1896 eidem
662 1863 813 1903 Roberto,
830 1871 877 1896 aut
893 1863 1087 1894 Servientibus
1101 1862 1204 1900 praedi-

136 1901 189 1934 &is
201 1903 232 1932 in
244 1902 339 1933 eundo
360 1902 452 1934 versus
472 1902 628 1934 Civitatem
647 1903 812 1941 praedietam
828 1926 837 1940 ‚
863 1903 969 1934 ibidem
985 1901 1124 1933 morando
1135 1924 1145 1939 ,
1169 1901 1203 1931 &

135 1940 236 1974 exinde
250 1939 336 1979 usque
349 1940 473 1972 Scotiam
490 1941 635 1973 redeundo
648 1965 659 1980 ,
682 1951 742 1972 non
764 1941 885 1973 inferatis
898 1964 907 1980 ,
931 1943 994 1978 seu,
1014 1949 1154 1978 quantum
1172 1941 1202 1969 in

137 1979 219 2013 vobis
234 1978 276 2009 est
288 2002 298 2018 ,
324 1979 360 2010 ab
378 1980 435 2010 aliis
457 1980 553 2010 inferri
571 1981 732 2020 permittatis
747 1981 872 2018 injuriam
882 2002 893 2018 ,
911 1979 1087 2017 molestiam,
1103 1978 1204 2017 damp-

138 2022 228 2057 num,
247 2018 482 2055 impedimentum
496 2019 623 2056 aliquod,
640 2018 685 2048 seu
700 2028 870 2058 gravamen,
887 2020 935 2056 &,
954 2018 974 2049 si
987 2018 1055 2058 quid
1067 2019 1105 2047 eis
1119 2017 1202 2047 foris-

136 2056 244 2087 faCtum
259 2056 356 2094 fuerit,
373 2057 402 2087 id
416 2058 469 2094 eis,
487 2057 545 2087 sine
558 2057 693 2087 dilatione
706 2058 810 2088 faciatis
822 2057 972 2087 emendari.

139 2130 158 2162 d
179 2093 212 2124 In
229 2095 322 2132 cujus,
340 2095 400 2126 δίε.
416 2096 499 2135 usque
513 2095 547 2126 ad
555 2095 671 2126 Festum
685 2095 782 2127 Sanffi
797 2095 916 2126 Martini
930 2095 1062 2133 proximo
1076 2094 1202 2125 futurum

160 2141 294 2163 araturas:

178 2170 298 2202 Proviso
331 2170 386 2202 uod
402 2170 478 2203 idern
494 2170 640 2203 Robertus
653 2195 662 2210 ,
687 2180 733 2203 aut
756 2172 912 2203 Servientes
932 2171 1059 2211 praediffl
1073 2194 1084 2210 ,
1110 2169 1206 2210 Equos

138 2209 175 2240 ad
190 2209 295 2248 Arma,
324 2219 359 2240 eu
372 2209 534 2241 Armaturas
546 2211 648 2248 aliquas
654 2233 673 2253 ,ἢ
681 2211 766 2250 usque
777 2211 811 2242 ad
823 2211 987 2249 praedicftam
1000 2211 1121 2241 Terram
1131 2210 1204 2241 Sco-

139 2248 296 2318 tiainsecum
309 2258 369 2317 ηιέἓ
382 2249 485 2281 ducant
493 2271 504 2286 ,
518 2249 563 2280 seu
577 2250 644 2280 duci
657 2252 760 2280 sacrant
775 2249 974 2288 quovismodo.

222 2296 318 2327 cujus,
369 2296 394 2317 c.

173 2362 262 2394 Teste
276 2363 360 2401 Rege
373 2363 447 2402 apud
455 2363 760 2402 Westmonasteriurn,
777 2363 911 2395 vicesimo
924 2372 1027 2404 quarto
1039 2364 1086 2395 die
1102 2362 1185 2394 Maii.

282 2442 335 2470 Per
348 2439 431 2479 ipfitm
442 2444 554 2480 Regem,
570 2445 714 2472 nunciante
728 2440 863 2482 Magtstro
878 2440 993 2471 Roberto
1006 2440 1037 2470 de
1052 2439 1168 2471 Baldok.

280 2579 329 2611 De
354 2578 474 2624 Treuga
493 2567 563 2610 tum
580 2579 666 2610 Duce
685 2580 845 2610 Britanniae
857 2577 1060 2628 proroganda.

140 2667 287 2727 REX,
304 2669 460 2702 Senescallo
473 2669 523 2702 suo
530 2668 697 2709 Vaseoniae,
713 2664 855 2709 quintine
870 2669 930 2710 est,
946 2669 991 2702 vel
1005 2669 1054 2710 qui
1067 2678 1121 2710 pro
1133 2677 1210 2701 tem-

203 2719 271 2748 pore
284 2709 338 2739 erit
347 2731 356 2746 ,
372 2708 496 2740 salutem.

177 2747 259 2778 Cum
273 2757 324 2777 nos
335 2747 500 2786 Treugam‚

180 2785 258 2825 Qae
269 2786 340 2816 inter
355 2795 405 2815 nos
420 2796 474 2823 pro
494 2785 689 2825 Hominibus,
708 2785 916 2818 Mercatoribus
931 2808 940 2823 ,
962 2785 996 2817 &
1011 2784 1136 2817 Subditis
1153 2795 1207 2816 no-

145 2821 225 2868 stris,
241 2823 399 2854 Marinar'iis
432 2825 465 2855 &
480 2824 553 2863 aliis,
568 2827 628 2855 tam
640 2825 676 2855 de
691 2824 797 2864 Regno
810 2825 910 2856 nostro
923 2825 1055 2862 Angliae,
1091 2826 1154 2855 uam
1171 2825 1207 2855 de

143 2861 241 2892 Terris
259 2861 357 2891 nostris
375 2847 525 2893 H'iberniae
542 2862 574 2893 &
595 2862 710 2893 Walliae
725 2886 735 2901 ‚
758 2873 792 2894 ex
832 2872 888 2894 arte
909 2862 965 2893 una
978 2885 988 2900 ,
1011 2863 1044 2894 &
1096 2864 1206 2894 obilem

142 2898 245 2930 Virum
258 2922 267 2937 ,
288 2899 449 2938 johannem
472 2900 588 2932 Ducem
605 2900 754 2932 Britannice
768 2925 778 2940 ,
833 2903 1056 2938 onianguineum
1075 2902 1205 2933 nostrum

141 2938 332 2976 carissimum,
352 2947 404 2977 pro
418 2937 608 2977 Hominibus,
627 2939 850 2978 Mercatoribus,
869 2940 1034 2971 &Subditis
1048 2940 1116 2978 suis,
1136 2940 1208 2971 Ma-

140 2976 262 3014 rinariis,
280 2977 313 3007 &
326 2976 399 3014 aliis,
417 2976 453 3007 de
468 2976 584 3007 Ducatu
597 2977 646 3007 suo
659 2977 808 3010 Britanniae
822 2988 855 3009 ex
871 2978 955 3009 altera
968 3001 978 3016 ,
999 2978 1078 3017 super
1092 2979 1205 3018 quibus-

139 3015 205 3045 dam
220 3014 445 3046 Dissensionibus
465 3015 498 3045 &
513 3014 669 3045 Discordiis
684 3039 693 3054 ,
713 3017 862 3048 occasione
877 3017 1050 3048 diversorum
1067 3017 1207 3055 dampno-

140 3063 221 3096 rum,
237 3054 305 3085 hinc
321 3054 403 3093 inde,
419 3053 567 3093 datorum,
585 3054 670 3092 usque
681 3055 714 3085 ad
732 3055 847 3086 Festum
861 3054 1005 3086 Omnium
1013 3055 1204 3095 Sannorum,

139 3101 197 3130 Jam
212 3093 344 3131 proximo
357 3092 484 3123 futurum
498 3101 579 3130 capta
592 3093 644 3124 fuit
659 3094 692 3124 δε
705 3094 787 3132 inita,

179 3130 228 3161 Ab
243 3130 344 3162 eodem
358 3130 443 3162 Festo
455 3130 602 3163 Omnium
616 3131 806 3170 Sanctorum,
824 3142 874 3172 per
889 3141 980 3163 unum
992 3142 1096 3163 annum
1111 3134 1207 3170 proxi-

142 3178 194 3199 mo
207 3168 365 3207 sequentem
378 3169 557 3213 completum
567 3193 576 3208 ,
591 3169 752 3201 duxerimus
766 3171 988 3211 prorogandam,

177 3199 229 3237 xAc
243 3229 253 3245 ‚
277 3207 402 3238 volentes
416 3207 606 3239 Diffenfiones
619 3209 653 3239 &
674 3208 891 3240 Discordiarum
906 3210 1029 3240 materias
1043 3209 1203 3248 hujusmodi

144 3245 246 3284 sedari,
264 3245 297 3276 δε
311 3244 416 3277 Pacem
436 3246 513 3283 super
528 3246 752 3279 Diffenfionibus
768 3249 800 3279 ὃ(
815 3247 965 3279 Discordiis
979 3248 1045 3287 illis,
1063 3249 1155 3279 modis
1169 3250 1203 3280 <Sc

141 3285 209 3322 viis,
227 3285 326 3324 quibus
341 3284 520 3315 commodius
532 3286 698 3326 poterimus,
716 3288 898 3318 amicabiliter
911 3287 1073 3325 reformati,

179 3322 234 3353 Per
247 3330 341 3353 totum
354 3322 488 3361 Regnum
499 3323 644 3362 nostrum,
663 3336 696 3357 ac
710 3326 811 3356 Terras
827 3326 933 3357 nostras
952 3325 981 3356 su
1003 3325 1131 3363 radietas,
1150 3336 1204 3364 pu-

144 3361 221 3392 blice
234 3360 382 3392 fecerimus
393 3362 573 3400 proclamari,
590 3363 668 3399 quod
681 3373 780 3394 omnes
793 3365 826 3396 &
842 3365 960 3403 singuli,
976 3335 1088 3396 gubditi
1099 3366 1204 3404 nostri,

144 3399 335 3437 Mercatores‚
352 3398 495 3429 Marinarii
505 3422 514 3438 ‚
531 3401 563 3431 &
577 3401 619 3430 alii
634 3401 669 3432 de
689 3401 796 3439 Regno
811 3404 843 3434 &
856 3404 951 3434 Terris
966 3403 1067 3433 nostris
1082 3403 1204 3442 eisdem,

143 3440 192 3508 ῗυὶ
206 3448 253 3476 per
267 3438 376 3468 duflum
397 3436 515 3468 Ducem
529 3463 539 3478 ,
566 3437 753 3479 Mercatores,
774 3440 941 3472 Marinarios
953 3464 961 3479 ,
986 3442 1006 3461 *²
1021 3442 1053 3472 ὃς
1072 3442 1205 3473 Subditos

157 3487 206 3507 uos
221 3500 230 3515 ,
256 3478 285 3507 in
299 3475 389 3507 Terra
403 3500 413 3513 ,
437 3475 483 3506 vel
503 3477 531 3506 in
552 3475 651 3516 Mari,
673 3477 792 3517 dampna
811 3479 901 3517 aliqua
919 3479 985 3518 paffi
999 3480 1059 3510 sunt
1072 3502 1082 3518 ,
1106 3481 1139 3511 &
1152 3491 1204 3518 pro

145 3515 270 3547 emendis
283 3515 350 3546 inde
365 3514 496 3544 habendis
511 3515 638 3554 prosequi
650 3517 807 3557 voluerint,

181 3554 310 3585 Necnon
323 3554 356 3585 &
370 3553 424 3591 illi,
444 3553 543 3591 quibus
557 3555 712 3594 imponitur
733 3556 854 3596 dampna
867 3556 954 3595 aliqua
975 3556 1203 3598 Mercatoribus,

146 3592 322 3630 Marinariis,
336 3593 369 3623 &
381 3592 505 3623 Subditis
519 3592 588 3622 dicti
604 3592 693 3624 Ducis
705 3596 841 3634 intulisse,

184 3631 246 3663 Sint
259 3630 331 3671 apud
346 3630 536 3662 Burdeoaliam
558 3631 586 3661 in
603 3631 688 3662 Festo
700 3633 795 3665 Sanffl
818 3634 938 3666 Andreae
964 3634 1093 3672 Apostoli
1112 3637 1205 3674 proxi-

147 3679 199 3701 mo
210 3670 322 3708 futuro,
339 3669 418 3710 super
431 3657 558 3710 dampnis
572 3670 730 3708 hujusmodi
744 3673 913 3705 sufficienter
926 3673 1084 3711 informati,
1102 3675 1135 3704 ad
1151 3684 1204 3705 tra-

147 3709 283 3740 &randum
298 3709 422 3749 ibidem,
440 3719 540 3741 coram
555 3710 636 3740 vobis
651 3711 684 3740 ὃ(
696 3710 753 3742 aliis
764 3713 799 3743 de
812 3712 950 3743 Concilio
961 3712 1059 3743 nostro
1072 3714 1099 3742 in
1121 3715 1205 3751 parti-

148 3746 201 3777 bus
213 3748 278 3786 illis,
295 3749 374 3788 super
393 3748 535 3780 amicabili
546 3748 618 3779 Pace
638 3749 667 3778 in
687 3748 740 3780 hac
754 3761 828 3789 parte
841 3751 1035 3789 reformanda,
1053 3751 1086 3781 &
1109 3753 1142 3782 ad
1164 3753 1204 3782 fa-

147 3786 283 3824 ciendum
296 3788 407 3818 ulterius
421 3789 498 3826 quod
513 3812 523 3827 ,
545 3787 581 3818 de
601 3790 750 3819 communi
763 3790 868 3820 assensu
883 3792 916 3823 &
935 3790 1052 3820 consilio
1065 3813 1074 3828 ,
1097 3791 1204 3822 ibidem

149 3826 296 3894 contiffierit
307 3827 428 3857 ordinari
436 3850 445 3865 ,
1076 3859 1078 3861 ,

187 3863 234 3893 Vo
254 3865 275 3893 is
286 3865 449 3896 mandamus
467 3865 562 3906 quod,
582 3866 699 3903 receptis
718 3864 818 3895 Litetis
833 3866 934 3897 nostris
953 3867 988 3897 de
1005 3869 1206 3906 prorogatione

148 3898 325 3944 Treugarum
339 3904 535 3941 praedi&arum
544 3928 552 3943 ,
573 3904 719 3942 praefatum
736 3903 852 3935 Ducem
861 3929 870 3942 ,
888 3914 918 3936 ut
929 3906 1046 3936 eandem
1060 3907 1203 3947 Treugam

150 3937 272 3970 suniliter
282 3951 413 3981 proroget
426 3943 458 3974 &
472 3943 613 3981 observet,
632 3953 683 3983 pro
698 3951 772 3980 parte
785 3942 846 3982 sua,
865 3944 1017 3982 inducaris3

173 3975 244 4020 HEt,
261 3978 280 4008 fi
292 3979 366 4009 idem
380 3981 447 4012 Dux
460 3992 521 4012 eam
543 3982 651 4013 duxerit
663 3981 880 4021 acceptandam,
899 3991 966 4014 tunc
979 3982 1054 4021 illos,
1072 3984 1108 4015 de
1122 3984 1205 4015 Cori-

151 4014 220 4044 cilio
231 4015 343 4055 nostro,
360 4019 390 4049 inv
405 4022 525 4057 partibus
540 4021 681 4052 Vasconiae
703 4020 843 4058 praediCtis
856 4045 865 4059 ,
889 4021 961 4060 apud
976 4021 1086 4052 dietum
1109 4024 1206 4054 locum

152 4051 338 4095 Burdegaliae,
356 4057 386 4087 in
399 4058 478 4091 dicto
494 4059 580 4091 Festo
591 4060 689 4093 Sanffi
703 4059 844 4099 Andreae,
857 4062 1022 4101 congregari
1035 4059 1154 4101 faciatis,
1171 4071 1215 4094 aev

1246 157 1723 203 PUBLICA.

1234 242 1313 280 super
1328 245 1564 289 praemiffiszuria·
1576 256 1643 276 cum
1657 248 1709 290 illis
1720 248 1759 278 de
1772 247 1852 280 (Ιίἂο
1864 247 2011 288 confluo,
2027 241 2200 281 TraCiatum
2214 248 2294 281 illum
2313 244 2389 277 Arm·
2404 246 2446 279 D.

1232 288 1365 318 teneatis,
1385 283 1417 312 &
1435 287 1578 323 pernciatis
1591 293 1659 315 tunc
1673 287 1779 317 ibidem
1794 289 1824 318 in
1838 289 1931 320 forma
1942 288 2103 326 supradiffiffi.
2314 293 2418 353 2223·

2378 345 2384 353 '
2419 347 2427 361 fl

2242 177 2291 204 21

1270 357 1339 388 Dat.
1355 359 1429 398 apud
1444 358 1747 402 westmonasterium,
1765 365 1902 397 vicesimo
1914 373 2014 406 quarto
2028 365 2075 397 die
2088 364 2170 397 Maii.

1389 434 1452 466 Istae
1465 435 1569 468 Literae
1581 447 1660 470 erant
1674 448 1807 477 patentes.

1908 522 1963 551 Per
1981 520 2062 561 ipfiem
2079 522 2183 559 Regem.

1475 660 1525 691 De
1550 657 1687 705 Juribns
1710 663 1809 708 Regiis
1829 664 2043 708 conservandis.

1235 750 1321 805 RE
1332 751 1362 796 X
1381 753 1622 799 Arcbiepiscopis‚
1641 755 1802 796 Episcopis‚
1820 757 1994 798 Abbatibus,
2012 759 2157 794 Prioribus
2194 763 2290 796 Deca-
2311 748 2388 781 ΑΜ·
2404 750 2446 782 D*

1308 802 1364 835 nis,
1383 792 1612 837 Archidiaconis,
1629 794 1868 834 Praecentoribus,
1885 797 2028 837 SacristiS,
2046 788 2240 841 Officiali’bus,
2255 805 2289 835 ὃς
2332 798 2416 830 ¹32¹·

1233 831 1368 860 omnibus
1390 830 1516 862 Personis
1531 831 1742 871 Ecclesiasticis,
1762 834 1791 862 in
1803 844 1981 875 quacumque
1994 837 2138 876 Dignitate
2153 843 2291 874 constitu-
2310 831 2362 855 Aa.
2387 839 2429 865 ¹4-

1231 870 1282 907 tis,
1302 879 1416 899 necnon
1430 870 1560 900 Notariis
1575 870 1718 909 Publicis,
1730 872 1854 902 salutem.
2311 870 2339 893 E.
2361 876 2386 894 ²·

1270 908 1316 938 Ad
1329 908 1397 946 Jura
1410 908 1502 939 nostra
1518 908 1624 948 Regia,
1643 921 1679 940 ne
1694 911 1862 948 depereant,
1876 910 1921 941 seu
1935 921 1984 948 per
1997 912 2152 952 aliquorum
2165 918 2291 958 Usurpa-
2310 908 2368 932 ¹³³²*
2389 915 2431 941 ¹4·

1231 946 1322 976 tiones
1345 947 1479 978 indebitas
1496 947 1649 987 aliqualiter
1663 949 1870 987 subtrahantur,
1890 960 2024 987 quatenus
2034 953 2108 990 juste
2123 960 2274 994 poterimus
2315 948 2333 970 E
2366 953 2390 970 ²¹

1233 986 1439 1015 manutenenda
1455 996 1461 1015 :
1480 986 1672 1025 subtractaque
1693 988 1726 1018 &
1748 996 1905 1026 occupata,
1925 988 1944 1018 fi
1967 999 2031 1027 quae
2045 991 2165 1032 fuerint,
2182 997 2216 1025 ad
2234 981 2296 1028 Sta,-
2315 989 2449 1019 P·²·⁷⁷³·¹·

1233 1031 1295 1053 tum
1315 1023 1445 1054 debitum
1465 1025 1625 1055 revocanda
1648 1035 1654 1054 ι
1687 1035 1802 1056 necnon
1823 1026 1857 1056 ad
1879 1028 2110 1065 impuonatorurn
2131 1036 2297 1066 eorumdem

1228 1061 1342 1100 Jurium
1362 1063 1526 1092 nostrorum
1546 1072 1663 1094 conatus
1680 1064 1791 1094 illicitos
1810 1053 2014 1105 refraenandZs3
2033 1077 2069 1097 eo
2086 1069 2232 1102 studiolius
2246 1082 2298 1104 nos

1231 1100 1315 1131 decet
1335 1111 1453 1138 operam
1470 1101 1603 1132 adhibere
1622 1103 1654 1132 &
1685 1102 1817 1132 solicitius
1835 1105 1984 1135 eittendere
2006 1115 2126 1137 manum
2152 1108 2277 1140 nostram

1235 1149 1294 1179 quo
1308 1138 1341 1169 ad
1355 1141 1413 1170 hoc
1428 1140 1545 1170 vinculo
1560 1139 1737 1180 astringimur
1748 1141 1920 1179 juramenti,
2284 1134 2296 1150 ³

1273 1177 1353 1208 Cum
1373 1179 1468 1216 itaque
1486 1177 1681 1210 Collationem
1697 1180 1820 1210 nostram
1833 1180 1867 1210 ad
1881 1179 2065 1212 Praebendam
2079 1183 2114 1214 de
2128 1184 2300 1227 Aylesbury,

1236 1218 1266 1247 in
1287 1216 1413 1247 Ecclesia
1432 1216 1522 1248 Beatae
1547 1217 1650 1248 Mariae
1673 1217 1835 1249 Lincolniae
1858 1228 1947 1259 nuper
1967 1229 2131 1261 vacantem,
2150 1226 2182 1254 ὃς
2196 1224 2229 1255 ad
2245 1236 2299 1257 no-

1237 1255 1321 1285 stram
1346 1256 1541 1286 Donationem
1565 1256 1738 1294 spestantem
1752 1282 1762 1296 ,
1796 1257 1887 1288 versus
1908 1257 2068 1288 Henricum
2083 1284 2092 1295 ,
2127 1260 2299 1301 Episcopum

1236 1293 1468 1324 Lincolniensem
1481 1318 1490 1332 ,
1499 1296 1722 1333 recuperavimus
1737 1305 1786 1335 per
1799 1295 2052 1327 considerationem
2066 1297 2165 1330 Curiae
2179 1302 2298 1342 nostrae3

1235 1334 1286 1371 &,
1302 1333 1408 1363 dilecto
1421 1332 1539 1364 Clerico
1554 1333 1668 1372 nostro,
1690 1334 1743 1365 Ma
1763 1333 1831 1365 istro
1846 1335 1977 1365 Roberto
1993 1335 2029 1365 de
2044 1335 2151 1371 Baldok
2167 1337 2301 1371 Praeben-

1234 1372 1301 1402 darn
1316 1372 1391 1402 illam
1406 1372 1611 1404 contulerimus
1622 1374 1720 1411 Regio
1731 1344 1801 1412 Jgure
1815 1372 1930 1404 nostro:
1952 1372 2090 1414 Idemque
2106 1374 2234 1407 Clericus
2248 1389 2302 1409 no-

1236 1410 1291 1440 ster
1311 1410 1513 1450 poffeffionem
1532 1411 1618 1442 dictae
1640 1412 1784 1451 praedidiae
1808 1411 1992 1451 Praebendae,
2010 1414 2112 1445 virtute
2133 1413 2302 1448 Collationis

1235 1448 1341 1480 nostrae
1362 1450 1524 1490 praedidhe,
1543 1451 1683 1482 canonice
1706 1451 1738 1482 sit
1761 1451 1917 1489 affecutus,
1936 1451 1970 1482 &
1992 1461 2056 1483 carn
2076 1452 2196 1493 pacifice
2216 1456 2302 1492 poffi-

1236 1487 1300 1518 deat
1315 1489 1342 1518 in
1360 1488 1503 1526 praesenti:

1269 1526 1308 1556 Et
1329 1527 1545 1558 intellexerimus
1559 1550 1569 1566 ,
1595 1528 1649 1565 jam
1669 1527 1705 1558 de
1723 1537 1803 1558 novo
1844 1527 1921 1566 quod
1942 1527 2074 1568 quidam,
2097 1529 2149 1567 Jus
2171 1530 2304 1564 nostrum

1232 1565 1403 1604 praedictum
1423 1568 1601 1605 impugnare,
1618 1566 1783 1606 dielumque
1823 1568 1967 1606 udicium,
1985 1569 2013 1597 in
2036 1566 2125 1599 Curia
2140 1568 2252 1609 nostrii,
2271 1579 2303 1602 ut

1234 1605 1426 1673 praemittitur,
1445 1606 1498 1634 rite
1510 1604 1668 1643 redditum,
1686 1615 1740 1643 pro
1753 1605 1860 1636 viribus
1871 1615 2002 1636 enervare
2016 1608 2151 1646 nitentes,
2171 1610 2303 1648 quasdam

1259 1644 1474 1680 rovocationes,
1494 1644 1542 1682 Ap
1562 1643 1718 1681 ellationes,
1733 1645 1961 1683 interponentes,
1974 1643 2200 1677 Commisfiones
2212 1648 2248 1679 ad
2261 1649 2308 1679 ci-v

1235 1681 1352 1712 tandum
1368 1682 1518 1720 praefatum
1532 1653 1678 1713 Clericum
1693 1682 1819 1712 nostrum
1830 1705 1839 1721 ,
1859 1683 1891 1712 ad
1907 1684 2132 1723 comparendum
2150 1695 2222 1716 extra
2241 1687 2303 1718 Re-

1237 1729 1326 1760 gnum
1348 1720 1494 1758 nostrum,
1517 1720 1595 1760 super
1616 1720 1760 1758 praemiffis
1780 1721 1991 1760 responsurum,
2017 1722 2099 1753 vobis
2123 1724 2303 1765 demandari,

1237 1770 1270 1790 ac
1283 1760 1336 1790 alia
1348 1759 1456 1790 diversa
1474 1769 1521 1797 per
1534 1770 1586 1790 nos
1599 1760 1627 1789 in
1641 1759 1693 1789 hac
1706 1768 1784 1799 parte
1799 1759 1859 1790 fieri
1893 1769 2042 1798 recurant,

1276 1797 1330 1828 Per
1361 1807 1404 1828 uae
1420 1798 1529 1837 utique,
1547 1799 1567 1828 si
1580 1798 1781 1839 procederent,
1799 1797 1856 1829 effe
1888 1809 1918 1828 us
1932 1798 2100 1830 Collationis
2112 1799 2218 1832 nostrae
2232 1812 2303 1840 prae-

1237 1836 1324 1867 dietae
1365 1847 1381 1866 e
1399 1837 1472 1867 facili
1486 1836 1575 1877 posset
1587 1837 1730 1876 enervari,
1745 1837 1882 1876 nobisque
1895 1838 1928 1868 ὃς
1944 1837 2072 1868 Coronae
2085 1839 2190 1870 nostrae
2202 1841 2304 1879 praeju-

1237 1876 1344 1906 dicium
1366 1876 1399 1906 &
1420 1876 1675 1906 exhaeredationem
1696 1875 1888 1914 multipliciter
1903 1878 2044 1915 generari,
2060 1887 2093 1908 ac
2107 1878 2199 1909 dictus
2214 1878 2305 1910 Cleri-

1237 1913 1401 1982 cusbnoster
1416 1914 1494 1953 super
1513 1914 1682 1954 possessione
1694 1913 1742 1945 sua
1755 1914 1840 1946 dietae
1855 1914 2022 1947 Praebendae
2036 1915 2180 1947 molestari
2195 1927 2229 1948 ac
2243 1928 2306 1956 per-

1237 1961 1281 1983 tur
1303 1963 1341 1982 :iri
1356 1963 1362 1982 2

1275 1991 1360 2030 Nos,
1386 1991 1512 2022 volentes
1529 1991 1690 2030 hujusmodi
1710 1990 1877 2030 praejudicio
1897 1992 1931 2023 ὃ(
1953 1991 2192 2033 exhaeredauoni,
2214 1995 2308 2026 modia

1238 2030 1273 2060 ὃς
1295 2031 1347 2060 viis
1367 2030 1500 2060 omnibus
1515 2054 1525 2067 ,
1551 2030 1653 2068 quibus
1675 2031 1829 2070 poterimus
1879 2040 1963 2068 prout
1984 2030 2018 2061 ad
2041 2031 2097 2061 hoc
2118 2031 2306 2065 diverfirnode

1236 2067 1435 2107 astringimur,
1451 2069 1583 2107 obviare,
1603 2068 1636 2098 &
1654 2067 1815 2107 hujusmodi
1829 2053 1958 2100 Coiiatus
1972 2069 2083 2100 illicitos
2098 2071 2265 2104 refraenare:

1277 2106 1368 2137 Vobis
1387 2107 1534 2145 omnibus,
1556 2107 1590 2138 &
1609 2107 1719 2146 fingulis
1739 2105 1881 2144 vestrum,
1899 2107 2080 2147 mandamus,
2099 2108 2216 2141 firmiter
2231 2111 2305 2142 inhi-

1238 2146 1351 2184 bentes,
1373 2147 1426 2184 ne,
1465 2154 1581 2177 raerexru
1602 2145 1717 2184 alicujus
1738 2144 1956 2177 Commiffionis
1974 2154 2021 2177 aut
2041 2147 2182 2186 mandati,
2202 2150 2304 2188 vobis,

1240 2185 1285 2215 vel
1303 2185 1386 2216 alicui
1404 2194 1440 2215 ve
1467 2183 1549 2223 rum,
1566 2194 1616 2223 per
1632 2194 1844 2224 quemcumque
1864 2184 1932 2215 facti
1968 2184 2013 2216 seu
2026 2184 2162 2226 faciendi,
2181 2186 2306 2220 Citatio-

1238 2233 1287 2254 nes
1301 2246 1311 2262 ,
1335 2223 1582 2263 Provocationes,
1606 2222 1828 2264 Appellationes,
1855 2222 1927 2254 Indu
1961 2225 2054 2261 ones,
2079 2233 2126 2256 aut
2147 2226 2214 2257 alios
2235 2227 2307 2258 Pro·

1238 2262 1344 2300 cessuS,
1363 2262 1406 2292 seu
1427 2261 1470 2292 Im
1492 2262 1647 2302 edimenta,
1666 2272 1730 2301 quae
1750 2262 1780 2292 in
1799 2261 1994 2301 praejudicium
2010 2262 2114 2299 nostri,
2132 2264 2176 2295 seu
2190 2265 2259 2296 dero
2278 2277 2307 2298 a.

1240 2301 1350 2331 tionem
1363 2300 1439 2337 Juris
1482 2311 1582 2331 oronae
1597 2300 1701 2331 nostrae
1713 2300 1759 2331 seu
1775 2299 1930 2339 Dignitatis
1943 2300 2047 2332 nostrae
2062 2300 2178 2341 Regiae,
2198 2305 2244 2335 vel
2255 2276 2309 2343 fu.

1239 2338 1324 2378 dicii,
1342 2337 1434 2370 Curia
1454 2339 1549 2370 nostra
1569 2339 1687 2378 redditi,
1705 2341 1917 2370 enervationem
1938 2339 2038 2370 cedere
2050 2340 2178 2378 valeant,
2197 2343 2242 2373 seu
2258 2353 2309 2381 pet

1240 2387 1306 2415 quae
1327 2377 1419 2408 dietus
1441 2376 1568 2408 Clericus
1590 2377 1700 2416 noster,
1720 2377 1798 2416 super
1816 2376 1984 2416 posieffione
1999 2377 2046 2409 sua
2059 2378 2209 2420 praedicis,
2229 2382 2309 2413 inde·-

1239 2417 1299 2447 bite
1315 2416 1454 2447 molestari
1469 2417 1589 2454 poterit,
1607 2417 1689 2446 nobis
1703 2417 1880 2454 inconsultis,
1898 2415 1990 2447 facere
2005 2417 2183 2455 praesumatis.

1277 2454 1332 2493 Et,
1352 2455 1370 2485 fi
1395 2452 1570 2493 Citationes,
1589 2454 1634 2485 seu
1654 2453 1804 2486 Proceffus
1818 2454 1925 2493 aliquos
1940 2455 2155 2495 praejudiciales,
2175 2466 2312 2498 praetextu

1239 2493 1353 2531 alicujus
1375 2492 1591 2524 Commiffionis
1613 2493 1787 2531 hujusmodi,
1805 2493 1884 2531 super
1898 2493 1978 2525 dieto
1994 2494 2013 2514 ²¹¹⁵
2024 2494 2173 2534 Negotio,
2193 2497 2252 2528 fieri
2267 2498 2308 2528 fe·
2333 2498 2348 2514 ⁸*
2358 2498 2411 2527 111.

1240 2533 1331 2563 ceritis
1344 2555 1354 2571 ,
1371 2542 1419 2562 eos
1439 2532 1544 2563 faciatis
1568 2532 1624 2562 sine
1638 2532 1772 2563 dilatione
1786 2531 1878 2570 aliqua
1892 2534 2035 2571 revocari,
2053 2533 2145 2565 scituri
2161 2544 2214 2571 pro
2229 2545 2309 2567 certo
2331 2536 2397 2573 887.

1242 2571 1337 2609 quod,
1362 2571 1382 2601 si
1402 2570 1477 2601 secus
1499 2571 1635 2609 feceritis,
1654 2569 1688 2601 ad
1712 2581 1779 2609 vos,
1797 2579 1930 2611 tanquam
1951 2570 2110 2603 Violatores
2125 2573 2202 2612 Juris
2222 2575 2311 2607 nostri

1241 2609 1343 2650 Regii,
1360 2619 1420 2640 non
1436 2611 1587 2648 inmerito,
1607 2611 1726 2650 graviter
1739 2610 1889 2650 capiemus.

1278 2684 1368 2719 Teste
1383 2686 1464 2727 Rege
1478 2686 1552 2728 apud
1567 2685 1874 2726 westmonasterium,
1892 2696 1994 2726 quarto
2009 2686 2055 2718 die
2064 2687 2141 2727 Julii.

1927 2766 1982 2794 Per
1993 2763 2074 2804 ipst'cm
2088 2767 2193 2803 Regem.

1240 2911 1297 2942 Pro
1323 2908 1505 2941 Cancellario
1529 2910 1566 2946 ᾤ’
1597 2905 1762 2955 Magistris
1789 2907 2000 2951 Univeffitatis
2027 2903 2218 2955 Cantebrigiae
2237 2936 2248 2951 ,
2273 2905 2310 2940 de

1285 2954 1454 2998 Domzbm,
1465 2954 1636 3000 fundandis
1655 2966 1709 3001 pro
1723 2954 1934 3001 fhstentatione
1949 2956 2140 2998 Scolarium,
2159 2960 2191 2989 in
2210 2954 2310 3001 The07

1286 3005 1364 3052 logia
1381 3007 1417 3043 σ’-
1440 3008 1520 3038 Arte
1534 3004 1706 3038 Dialeffica
1716 3003 1915 3048 studentium.

1241 3097 1368 3156 REX
1387 3099 1535 3138 omnibus,
1553 3099 1587 3130 ad
1601 3109 1690 3139 quos,
1709 3100 1769 3131 &c.
1786 3100 1907 3131 salutem.
2329 3108 2403 3140 Arm,
2414 3108 2455 3140 Dg

1352 3137 1450 3168 Sciatis
1463 3138 1562 3177 quod,
1581 3139 1614 3168 ad
1628 3149 1656 3169 re
1677 3139 1853 3176 uifitionern,
1872 3138 1969 3169 dilensti
1985 3136 2091 3168 Clerici
2108 3134 2214 3175 nostri,
2238 3134 2305 3167 Ro·
2347 3157 2431 3188 ,321-
2453 3142 2456 3146 ’

1239 3176 1297 3218 geri
1309 3175 1345 3206 de
1362 3176 1549 3216 Northburg,
1569 3149 1770 3208 Archidiacosii
1787 3176 2025 3215 Richemundiae‚
2041 3173 2251 3220 concessimus,
2269 3175 2302 3206 &
2325 3190 2375 3215 A„-
2399 3197 2442 3225 ¹4·

1239 3214 1382 3245 licentiam
1400 3215 1544 3255 dedimus,
1562 3226 1614 3256 pro
1636 3217 1717 3246 nobis
1732 3218 1765 3248 &
1789 3215 1960 3246 Haeredibus
1981 3214 2100 3251 nostris,
2118 3222 2254 3253 quantum
2274 3223 2302 3244 in
2324 3230 2354 3253 E.
2377 3236 2400 3253 Ζ,

1240 3253 1323 3283 nobis
1337 3253 1395 3292 est,
1413 3254 1522 3285 dilectis
1534 3256 1616 3285 nobis
1629 3256 1657 3285 in
1673 3254 1811 3293 Christo,
1829 3253 2002 3286 Cancellatio
2018 3254 2050 3284 &
2066 3250 2208 3291 Magistris
2222 3251 2301 3282 Uni·
2324 3268 2381 3292 pas,
2399 3267 2442 3301 ¹4}

1238 3293 1368 3322 versitatis
1388 3292 1594 3333 Cantebrigiae,
1614 3294 1694 3331 quod
1710 3293 1758 3333 ipsi
1774 3293 1981 3323 Advocationes
1999 3291 2202 3328 Ecclesiarum,
2219 3290 2303 3334 usque
2324 3307 2351 3332 E.
2373 3311 2400 3331 ,Η
2439 3298 2441 3301 ’

1238 3331 1272 3360 ad
1292 3330 1447 3362 Valentiam
1472 3332 1665 3372 Qadraginta
1689 3331 1836 3362 Librarum
1859 3341 1908 3369 per
1925 3331 2060 3367 Annum,
2075 3331 2152 3367 juxta
2167 3329 2302 3372 Taxatio-
2321 3347 2346 3378 p⁴
2367 3350 2394 3368 2·

1238 3379 1306 3399 nem
1324 3369 1573 3411 Norwyceniem,
1599 3371 1634 3401 de
1652 3371 1873 3411 quibuscumque
1895 3369 1993 3399 Feodo
2015 3368 2227 3410 Advocationes
2247 3366 2301 3397 illae
2322 3389 2359 3408 m·
2383 3387 2409 3407 ,-

1239 3408 1356 3439 fuerint(
1360 3411 1481 3447 exceptis
1496 3409 1740 3440 Advocationibus
1757 3408 1961 3447 Ecclesiarum,
1979 3416 2043 3447 quae
2055 3407 2090 3436 de
2107 3406 2186 3436 nobis
2201 3414 2301 3437 tenen-

1240 3448 1326 3476 turin
1341 3445 1461 3485 Capite)
1480 3448 1624 3485 adquirere
1657 3447 1760 3477 offint:
2103 3483 2108 3488 .

1276 3484 1307 3515 H
1319 3496 1336 3515 A
1348 3494 1484 3516 BENDA
1505 3486 1554 3516 sibi
1577 3488 1610 3517 &
1651 3485 1842 3516 uccessoribus
1864 3482 1932 3526 suis,
1950 3481 2130 3526 Cancellario
2152 3480 2304 3527 &VMQ-

1238 3523 1296 3553 stris
1316 3523 1511 3555 Universitatis
1554 3525 1690 3561 raedifrae,
1709 3523 1744 3552 de
1767 3522 1938 3560 Capitalibus
1960 3520 2094 3550 Dominis
2113 3519 2202 3551 Feodi
2216 3520 2304 3559 illius,

1238 3571 1286 3600 per
1300 3562 1407 3593 servitia
1419 3563 1484 3593 inde
1497 3534 1590 3593 debita
1601 3564 1635 3594 &
1650 3562 1782 3605 consueta
1791 3585 1799 3599 ,
1819 3561 1866 3590 lsi
1877 3568 1893 3588 P
1904 3569 1923 3602 s
1932 3567 1954 3588 R
1964 3566 1981 3602 ξ
1993 3568 2010 3588 E
2020 3566 2042 3587 τ
2050 3565 2073 3587 υ
2083 3565 2106 3588 υ
2115 3565 2142 3588 Μ
2150 3571 2166 3602 ς,

1276 3599 1317 3630 Ita
1338 3601 1414 3639 quod
1431 3602 1575 3642 praedicti,
1594 3601 1780 3631 Cancellarius
1795 3600 1828 3629 δε
1845 3596 1991 3640 Magistri,
2008 3596 2146 3627 Ecclesias
2160 3596 2227 3640 ipsas
2234 3620 2250 3641 ,θ
2262 3597 2306 3628 us-

1237 3649 1292 3677 que
1308 3639 1341 3669 ad
1358 3640 1483 3670 valorem
1499 3640 1683 3678 praediCfflm,
1701 3647 1819 3677 quarum
1835 3635 2048 3665 Advocationes
2060 3635 2097 3665 sic
2110 3635 2143 3666 ad
2165 3635 2303 3674 uisierint,

1239 3678 1399 3715 quibusdam
1416 3678 1578 3717 Domibus,
1598 3687 1663 3717 quas
1676 3676 1793 3706 fundare
1805 3672 1953 3704 intendunt
1968 3673 1998 3702 in
2011 3672 2110 3717 eadem
2127 3645 2305 3704 (Jniversita-

1238 3724 1282 3755 te,
1300 3727 1352 3754 pro
1373 3716 1568 3747 sustentatione
1588 3716 1762 3750 Scolarium,
1777 3714 1804 3742 in
1821 3712 1904 3742 Sacra
1916 3710 2081 3755 Theologia
2095 3712 2130 3742 &
2144 3711 2215 3743 Arte
2230 3709 2304 3743 Dia-

1239 3755 1340 3785 lectica
1354 3755 1542 3793 studentium,
1558 3763 1640 3794 prout
1656 3754 1694 3783 eis
1709 3751 1806 3782 melius
1820 3751 1882 3781 fore
1895 3749 2034 3780 Videbitur
2049 3749 2303 3790 faciendum,dare

1241 3793 1343 3831 possint
1359 3794 1392 3824 &
1405 3793 1549 3830 affignare.

1277 3831 1315 3862 Et
1329 3832 1405 3870 quod
1421 3831 1568 3869 Magistri,
1587 3830 1631 3861 vel
1647 3827 1790 3860 Custodes
1803 3827 1965 3859 earumdem
1982 3825 2169 3867 Domorum,
2188 3828 2237 3867 qui
2250 3836 2304 3868 pro

1239 3879 1366 3908 tempore
1384 3870 1502 3906 fuerint,
1522 3868 1659 3900 Ecclesias
1680 3869 1736 3898 illas
1749 3868 1919 3908 apropriare:
1941 3867 1974 3896 &
1989 3876 2048 3905 eaS,
2065 3867 2249 3905 apropriataS,
2267 3868 2300 3897 in

1240 3910 1367 3947 proprios
1388 3908 1448 3938 usus
1470 3917 1564 3938 tenere
1586 3905 1688 3945 poffint
1710 3907 1760 3936 sibi
1780 3906 1813 3936 &
1833 3903 2045 3936 Succefforibus
2065 3904 2134 3946 suis,
2160 3903 2303 3944 Magistris

1242 3948 1284 3978 vel
1308 3945 1481 3976 Custodibus
1506 3944 1674 3976 Domorum
1694 3945 1800 3975 illarum
1813 3967 1823 3982 ,
1852 3953 1906 3982 pro
1925 3942 2122 3975 sustentatione
2142 3942 2302 3986 Scolarium

1241 3985 1439 4025 praediuorum
1454 4007 1464 4024 ,
1487 3985 1522 4015 de
1544 3982 1717 4024 Capitalibus
1739 3983 1875 4014 Dominis
1897 3980 1987 4012 Feodi
2007 3981 2078 4013 illius
2090 4005 2102 4021 ,
2127 3991 2176 4022 per
2194 3981 2302 4013 servitia

1240 4023 1393 4064 praedicta,
1414 4023 1744 4053 IMPERPi-:Tuuivr

1277 4063 1502 4102 Sraruro,
1521 4070 1572 4094 nn
1593 4068 1827 4137 TnRR1sCe3-i-
1845 4066 2147 4097 werinmari-ris,
2164 4062 2302 4124 annuli:
