2562 4279
0 315 31 334 in.
48 303 90 334 D·

2 352 71 383 343-

0 394 25 409 rz.
43 392 71 418 3.

0 646 34 667 in
50 634 90 665 D.

1 682 65 714 343·

5 735 10 740 .
34 722 74 747 ¹7.

0 772 87 822 ⁷3:17.

1 836 70 863 3.m.

113 234 187 269 152

112 316 211 337 eorum
225 305 325 341 altero,
345 301 461 332 nomine
482 298 598 337 nostro,
616 297 752 334 fecerint,
771 295 816 326 vel
836 294 951 333 fecerit,
968 296 998 325 in
1019 292 1184 333 praemiffis,

116 346 150 377 &
167 345 291 383 quolibet
305 338 522 378 permissorum.

154 380 662 456 InDCdiluZpuffzllfestmonasterium,
678 410 803 442 secundo
817 409 864 440 die
880 409 1060 448 Septembris.

268 540 326 576 Ad
349 543 483 586 Papam,
509 548 612 570 contra
636 536 851 582 Ufhrpatt'ones
877 534 1011 581 Papales.

113 626 264 696 PAgAE
284 625 444 673 130¹&ssss
537 662 542 666 ι
739 659 761 668 ..
838 673 842 677 Ι

213 665 304 696 ensata
319 663 397 695 Sedis
412 660 589 700 Apostolicae
602 659 782 697 Clementia,
800 670 863 698 quae
879 658 914 689 de
930 657 1075 688 Fomento
1088 654 1190 687 Devo-

113 705 197 735 tionis
212 703 319 734 Christi
335 702 475 733 fidelium
494 701 528 731 ὃς
545 700 717 730 Animarum
733 698 824 729 Salute
838 697 906 728 solet
927 695 982 726 esse
998 696 1108 726 summe
1127 695 1191 725 soli-

114 745 186 781 cita,
203 752 262 773 non
280 750 405 780 quaerens
421 749 481 778 que
495 738 556 768 sunt
570 737 632 776 sua,
652 737 691 767 set
706 747 771 775 quae
793 736 853 767 sunt
889 735 961 765 otius
977 734 1043 773 jesu
1064 732 1171 763 Christi
1176 756 1189 780 2

114 790 188 812 tenet
204 780 384 819 probabiliter
401 776 494 808 nostra
515 775 616 806 fiducia
637 775 717 814 quod
732 774 824 806 vestra
883 774 1009 816 aturitaS,
1029 774 1057 802 in
1078 771 1190 809 specula

115 819 293 850 Cellitudinis
310 816 481 856 Apostolicae
495 814 675 854 praeclaritate
692 813 864 844 Meritorum
879 813 912 843 &
928 811 1063 842 Scientiae
1084 809 1191 840 divini-

115 859 158 889 tus
173 859 230 896 jam
246 856 356 894 erecta,
375 866 425 894 ea,
444 864 507 894 quae
521 853 617 884 Decus
631 852 765 884 Ecclefiae
781 853 815 883 &
830 851 1026 882 Devotionem
1042 848 1137 878 Plebis
1149 856 1190 879 at-

114 905 230 928 tenuant
245 919 254 935 ,
280 906 313 926 ac
336 895 505 926 Animarum
528 893 562 924 &
581 891 691 922 Rerum
711 890 833 930 pericula
855 889 1056 926 cominantur,
1083 887 1191 919 curabit

115 934 331 966 misericorditer
347 933 507 964 reformare.
985 965 990 970 ¹
1130 965 1135 970 ι

150 974 184 1005 In
201 973 343 1011 publicam
357 981 450 1002 autem
465 980 526 1000 non
541 969 714 1006 ambigimus
730 967 861 998 notitiam
877 963 1048 1002 pervenisse,
1062 965 1190 1033 qbialitess

112 1013 149 1044 ab
167 1011 290 1042 Exordio
307 1010 458 1042 Nascentis
475 1007 626 1044 Ecclesiae,
646 1008 676 1036 in
690 1006 797 1046 Regno
817 1003 915 1035 nostro
927 1003 1058 1041 Angliae,
1105 1013 1189 1041 roge-

111 1053 233 1081 nitorum
249 1049 408 1080 nostrorum
425 1047 542 1083 Regum
561 1045 689 1084 Angliae,
709 1045 743 1076 ὅ(
760 1044 916 1074 Procerum
931 1052 965 1072 ac
983 1041 1122 1072 Fidelium
1145 1042 1189 1073 di-

112 1090 154 1120 ἀί
168 1089 262 1129 Regni
279 1088 381 1126 nostri,
399 1087 487 1120 digne
507 1084 655 1114 recolenda
677 1083 825 1119 Prioritas,
842 1090 956 1120 propter
971 1079 1075 1110 Divini
1090 1079 1191 1111 Cultsis

112 1137 297 1165 augmentum
308 1151 318 1165 ,
332 1125 485 1157 construxit
501 1123 637 1154 Ecclesias
647 1145 656 1161 ,
675 1123 708 1153 ὃ(
723 1122 790 1160 ipsas
804 1121 901 1158 amplis
915 1120 1022 1149 dotavit
1038 1118 1190 1150 Poffeffio-

115 1168 216 1204 nibus,
234 1167 268 1197 δε
284 1165 439 1200 Privilegiis
452 1162 659 1198 communivit,
677 1170 783 1199 ponens
797 1159 826 1188 in
839 1160 877 1188 eis
894 1157 1040 1188 Ministros
1054 1158 1190 1197 idoneos,

114 1206 164 1244 qui
179 1204 280 1235 Fidem
297 1203 480 1234 Catholicain
496 1202 524 1231 in
537 1199 666 1238 subjeetis
682 1199 733 1230 sibi
746 1198 868 1236 Linguis
883 1197 917 1227 &
933 1195 1050 1236 Populis
1072 1196 1189 1228 feliciter

135 1254 166 1274 ro
188 1252 306 1273 avarunt

113 1254 133 1283 p
150 1254 341 1319 Pperoquorui’ri
357 1289 452 1311 curam
470 1278 502 1309 &
518 1277 721 1308 solicitudinem
737 1275 829 1305 Vinea
850 1273 977 1305 Domini
994 1272 1137 1312 Sabaoth,
1156 1273 1187 1305 in

114 1319 202 1351 Cultu
218 1321 251 1351 St
267 1319 386 1357 Frustu,
401 1317 509 1348 ibidem
527 1315 645 1346 mirifice
659 1314 845 1346 foecundavit.

152 1359 200 1389 Set
220 1358 307 1397 (quod
323 1356 489 1387 Dolendum
505 1355 555 1386 est)
578 1354 657 1392 ipsius
675 1353 766 1383 Vinea
781 1351 950 1391 Propagines
972 1349 1144 1387 degenerant
1159 1352 1188 1381 in

116 1396 284 1436 Labruicas‚
303 1397 335 1427 ὃς
352 1397 535 1427 exterminant
555 1393 629 1423 illam
646 1392 715 1429 Apri
736 1391 772 1421 de
792 1390 887 1429 Silva,
905 1389 1102 1429 singularesque
1126 1389 1190 1420 Feri

115 1433 267 1474 depascunt
281 1445 342 1466 eam
352 1458 361 1473 ,
378 1434 448 1463 dum
464 1443 509 1470 per
524 1431 718 1469 Impositiones
731 1430 765 1460 δε
780 1429 960 1460 Proviliones
974 1427 1052 1458 Sedis
1065 1427 1191 1467 Aposto⁶

72 1486 73 1489 ¹
115 1474 181 1505 licae
200 1476 274 1513 (quae
288 1474 368 1504 solito
386 1473 497 1507 gravius
514 1468 693 1505 invalescunt)
714 1468 795 1506 ipsius
811 1467 983 1505 Peculium,
999 1475 1096 1498 contra
1111 1469 1189 1507 piam

0 3220 92 3257 '⁷386-

114 1512 302 1544 Voluntatem
322 1512 354 1542 &
373 1510 593 1541 Ordinationem
615 1507 814 1545 Donatorum,
833 1517 933 1537 manus
951 1513 1094 1544 occupant
1115 1506 1191 1537 indi-

115 1561 258 1590 gnorum,
278 1551 311 1581 &
326 1548 478 1587 praesertim
494 1547 681 1584 Exterorum3

155 1590 190 1621 Et
204 1592 261 1629 ejus
275 1589 434 1626 Dignitates
446 1588 478 1618 δε
495 1585 634 1617 Beneficia
648 1585 765 1623 pinguia
779 1583 905 1615 Personis
920 1583 1103 1614 conferuntur
1111 1583 1191 1614 Alie-

114 1630 243 1667 nigenis,
262 1628 423 1667 plerumque
438 1626 520 1656 nobis
532 1624 678 1662 suspectis,
695 1625 743 1662 qui
765 1633 825 1653 nori
846 1623 963 1653 resident
984 1623 1014 1652 in
1031 1622 1117 1652 dietis
1138 1622 1191 1653 Be·-

114 1667 237 1706 neficiis,
255 1668 287 1698 &
302 1667 391 1697 vultus
402 1663 632 1696 Commifforum
641 1663 679 1693 eis
692 1662 835 1692 Pecorum
850 1671 909 1692 non
925 1661 1100 1700 agnoscunt,
1118 1661 1191 1692 Lin-

114 1714 201 1744 guam
223 1716 281 1736 non
295 1704 467 1743 intelligunt,
484 1702 540 1741 set,
559 1702 727 1732 Animarum
750 1699 819 1731 cura
839 1699 989 1737 neglecta,
1005 1699 1088 1730 velud
1110 1698 1192 1731 Mer-

114 1746 232 1783 cenarii,
247 1743 398 1775 solumodo
415 1741 596 1779 Temporalia
619 1739 714 1770 Lucra
735 1747 882 1777 quaerunt,
900 1739 933 1769 &
958 1738 996 1768 sic
1021 1737 1187 1769 diminuitur

114 1783 223 1814 Christi
240 1783 358 1820 Cultus,
377 1781 546 1812 Animarum
568 1778 643 1809 Cura
665 1777 832 1817 negligitur,
851 1776 1014 1807 subtrahitur
1035 1775 1192 1815 Hospitali-

113 1829 170 1861 tas,
186 1822 373 1853 Ecclesiarum
405 1830 449 1850 ura
463 1818 626 1856 deperiunt,
644 1824 726 1846 ruunt
747 1815 900 1853 AEdificia,
918 1813 1103 1846 Clericorum
1123 1823 1193 1846 atte-

114 1869 212 1892 nuatur
229 1860 358 1890 Devorio
399 1858 494 1896 opuli,
513 1856 621 1887 Clerici
639 1854 711 1897 dicti
728 1853 843 1893 Regni,
861 1854 924 1885 Viri
939 1853 1061 1897 Magna:
1084 1853 1194 1886 Litera-

113 1907 183 1930 turae
196 1900 228 1930 ἃ
242 1897 470 1928 Coiiversationis
487 1894 641 1932 Honestae,
661 1903 708 1931 qut
725 1892 833 1923 Curam
857 1893 890 1923 &
905 1891 1054 1930 Regimen
1072 1892 1192 1925 Anima-

114 1948 177 1969 rum
194 1937 303 1975 posleiit
316 1936 357 1966 ibi
373 1936 513 1966 salubriter
529 1942 681 1972 peragere,
699 1932 733 1963 &
751 1930 845 1962 forent
859 1942 912 1969 pro
926 1930 1029 1961 nostris
1043 1931 1078 1962 ὃς
1096 1932 1190 1970 publi-

116 1978 158 2007 cis
173 1976 302 2006 Consiliis
312 1975 463 2013 oportuni,
482 1973 614 2003 Studium
630 1971 757 2001 deserunt
782 1978 893 2008 propter
907 1969 1103 2001 promotionis
1120 1980 1193 2001 con-

114 2024 190 2054 grua:
206 2014 282 2053 spem
303 2014 445 2051 ablatam,
461 2022 524 2051 quae
540 2011 659 2042 Divinae
678 2009 782 2041 scimus
803 2018 862 2039 non
885 2008 942 2039 csse
962 2007 1065 2046 placita
1089 2009 1194 2041 volun-

111 2062 175 2084 tati·

153 2077 330 2131 Qiinimmo
346 2101 431 2129 grave
447 2089 575 2120 nostrum
591 2089 625 2119 &
639 2087 662 2118 F
665 2087 780 2119 idelium
795 2086 962 2117 nostrorum
986 2086 1107 2118 versatur
1121 2096 1193 2126 prae-

111 2131 251 2169 judicium
266 2131 299 2162 &
316 2129 507 2161 inaestimabile
523 2127 682 2167 periculum
693 2151 703 2166 ,
721 2127 772 2158 nisi
786 2125 866 2165 super
886 2126 945 2157 hoc
968 2126 1052 2157 citius
1065 2126 1098 2158 &
1120 2137 1193 2158 con-

113 2169 208 2200 sultius
225 2179 378 2200 caveamus.

154 2208 236 2239 Nam
254 2208 298 2241 lus
312 2206 495 2245 patronatus,
513 2205 589 2245 quod
605 2204 671 2236 Nos
691 2205 725 2236 &
740 2203 849 2236 Fideles
871 2203 960 2234 nostri
975 2204 1004 2234 in
1025 2204 1124 2235 talibus
1139 2215 1158 2236 o
1179 2223 1193 2229 -

113 2247 234 2278 tinemus
250 2246 409 2285 Beneficiis,
427 2254 584 2283 enervatur,
604 2243 692 2274 Curia
706 2243 820 2281 nostra,
841 2244 870 2273 in
894 2253 948 2281 qua
961 2242 1092 2274 duntaxat
1114 2242 1192 2275 Cau-

115 2285 152 2315 sae
177 2285 255 2324 super
271 2288 337 2324 jure
360 2283 522 2315 patronatus
545 2283 692 2313 diistorum
712 2281 920 2313 Beneficiorum
942 2281 1052 2312 tractari
1069 2282 1192 2321 debent,

113 2323 266 2362 deluditur,
285 2325 317 2355 ὃς
332 2324 368 2354 sic
381 2323 446 2362 Jura
460 2321 587 2363 Coronae
609 2321 712 2351 nostrae
727 2320 827 2361 Regiae
862 2322 920 2350 tam
936 2321 1087 2358 probrose,
1105 2322 1191 2359 quam

113 2363 288 2402 dampnose,
308 2362 472 2401 deperiunt,
490 2361 587 2398 Regni
603 2361 760 2390 Thesaurus
775 2359 808 2390 ad
828 2343 995 2398 fixtraneoe,
1011 2369 1046 2389 ne
1063 2359 1191 2390 dicamus

112 2400 220 2431 nostros
235 2402 397 2439 malivolos,
415 2400 578 2438 asportatur,
596 2399 684 2429 subtili
701 2398 812 2428 forsitan
830 2397 1006 2436 Coniectura
1027 2406 1074 2435 ut,
1093 2397 1191 2435 Regni

110 2439 252 2479 Depresso
267 2439 448 2477 Sacerdotio,
466 2439 498 2469 &
513 2439 568 2476 ejus
580 2437 712 2469 exhausto
725 2436 891 2475 Thesauro,
910 2436 1041 2467 reddatur
1051 2436 1186 2476 Regnum

112 2478 230 2509 debilius
247 2479 275 2508 in
292 2478 429 2508 Adversis.

152 2517 230 2557 Qiae
253 2516 375 2554 singula,
393 2516 426 2547 δε
445 2515 514 2554 alia,
540 2524 603 2553 quae
623 2523 656 2544 ex
676 2512 822 2552 praemiffis
843 2512 1005 2552 sequuntur,
1025 2512 1186 2546 Incomoda

111 2555 223 2586 fuerunt
251 2565 339 2593 nuper
360 2564 456 2585 coram
477 2554 559 2584 nobis
585 2555 613 2583 in
634 2552 822 2583 Parliamento
845 2552 942 2582 nostro
967 2553 1112 2591 generali,
1137 2564 1189 2591 per

113 2594 363 2624 Communitatem
378 2593 449 2623 dieti
464 2592 579 2630 Regni,
596 2591 687 2632 palam
706 2591 843 2629 exposita,
862 2591 990 2621 unanimi
1011 2590 1045 2621 &
1069 2591 1187 2623 ferventi

111 2632 253 2664 Petitione
270 2632 414 2670 subjundhi
429 2639 459 2662 ut
475 2631 615 2669 praedic‘tis
629 2630 807 2668 DispendiiS,
825 2639 889 2667 quae
909 2629 996 2660 dietae
1009 2629 1185 2661 Communi-

111 2673 159 2703 tati
174 2672 302 2702 videntur
318 2670 519 2709 intolerabilia,
537 2669 660 2699 celeriter
676 2677 866 2698 occurramus.

148 2710 213 2741 Nos
235 2719 346 2747 autem,
364 2709 532 2747 Anglicanae
556 2707 773 2745 Depressionem
796 2705 930 2737 Ecclesiae
964 2705 997 2736 &
1019 2705 1188 2737 Exhaereda-

110 2750 220 2780 tionem
236 2748 362 2778 Coronae
379 2747 502 2784 Regiae,
520 2748 553 2778 ὃ(
570 2746 647 2776 Mala
660 2745 811 2784 praedieta,
827 2754 910 2783 quae,
929 2728 1108 2775 Ibiffimulata
1122 2745 1185 2776 diu-

112 2788 181 2826 tius,
204 2786 343 2817 adicerent
359 2786 543 2816 verisimilitei·
564 2785 706 2824 graviora,
735 2783 831 2821 patulo
851 2791 994 2813 cernentes
1013 2783 1131 2822 intuitu,
1149 2783 1183 2814 ad

108 2835 177 2865 vos,
195 2824 390 2856 Successorem
406 2824 612 2862 Apostolorum
627 2823 779 2860 Principis,
818 2823 845 2852 ui
860 2821 894 2852 ad
911 2820 1106 2860 pascendum,
1123 2833 1183 2852 non

110 2864 146 2895 ad
161 2864 373 2902 Tondendum,
390 2863 468 2893 Oves
489 2862 676 2899 Dominicas,
695 2871 728 2892 ac
749 2861 784 2891 ad
849 2859 1055 2898 nfirmandum,
1073 2860 1107 2891 &
1125 2871 1185 2891 non

108 2902 345 2972 tPefiprimendum
358 2924 369 2940 ,
396 2901 502 2932 Fratres
522 2901 599 2939 suOS,
618 2899 791 2931 Mandatum
812 2909 828 2929 a
848 2898 968 2929 Christo
991 2897 1118 2937 suscipit,
1135 2899 1184 2931 ista

131 2952 145 2972 e
159 2952 260 2972 erimus

150 2979 261 3010 Votivis
268 2964 437 3010 ³Affec'libus
445 3001 454 3016 ,
471 2977 651 3016 supplicantes
666 2978 792 3015 quatinus
800 2999 810 3015 ,

146 3018 293 3048 Praemiffis
308 3018 402 3048 debite
417 3017 588 3056 ponderatis,
605 3026 637 3046 ac
653 3015 827 3045 considerato
843 3014 921 3053 quod
943 3013 979 3044 de
987 3013 1053 3053 Jure
1068 3015 1182 3046 creandi

110 3056 171 3087 sunt
183 3058 219 3087 de
234 3057 309 3087 Vico
325 3056 427 3094 Populi
441 3054 641 3092 Magistratus,
659 3055 691 3085 &
701 3077 709 3092 ,
725 3055 800 3092 juxta
813 3053 924 3084 dictum
937 3051 1182 3092 Prophetae,dan-

111 3094 142 3124 di
158 3095 217 3126 sunt
230 3096 265 3126 de
279 3095 382 3126 eodem
395 3096 462 3125 loco
478 3093 577 3132 Populi
594 3093 750 3131 Vinitores,
768 3091 844 3130 quod
860 3102 907 3129 per
924 3091 1020 3122 Beatos
1028 3092 1180 3129 Apostolos

112 3133 213 3169 legitur
226 3134 281 3164 effe
296 3134 420 3172 factum,
438 3133 507 3163 dum
527 3132 670 3162 Gentibus
685 3129 787 3169 Viros,
806 3131 981 3168 Linguarum
1003 3130 1110 3161 suarum
1134 3132 1183 3163 ha-

112 3173 207 3203 bentes
224 3173 351 3203 notitiam
366 3196 375 3211 ,
398 3171 618 3208 transmiserunt,

155 3214 170 3225 ⁸
192 3210 307 3241 Pensata
323 3213 407 3241 etiam
423 3209 592 3240 Devotionis
604 3207 792 3246 plenitudine,
809 3207 863 3245 qua
881 3206 994 3237 Domus
1009 3206 1103 3238 nostra
1121 3207 1182 3238 Re-

112 3250 178 3288 gia,
200 3250 233 3280 &
251 3249 368 3287 Clerus,
385 3250 418 3279 &
432 3248 556 3288 Populus
577 3247 648 3278 dicii
669 3247 781 3284 Regni,
799 3246 975 3283 perstiterunt
996 3245 1129 3276 hactenus
1150 3248 1181 3276 in

103 3287 283 3318 Obedientifi
299 3287 384 3318 dietae
407 3287 501 3325 Sedis,
527 3296 640 3324 propter
662 3285 738 3324 quod
761 3295 821 3315 non
841 3284 954 3315 haberet
975 3282 1107 3315 Paternus
1128 3285 1182 3316 Af-

105 3326 203 3357 ·feftus
217 3328 256 3357 eis
272 3327 366 3357 Onera
383 3327 415 3357 δε
430 3325 604 3365 Gi'avamina
619 3324 778 3361 cumulare,

105 3387 108 3391 -
148 3363 262 3402 Velitis,
281 3374 310 3396 ut
325 3364 405 3395 Pater
420 3364 494 3393 Filiis
508 3363 710 3400 Thesaurariis,
726 3363 844 3392 alienare
864 3360 1002 3391 dietarum
1019 3359 1182 3400 Impositio-

110 3409 179 3433 num
195 3404 227 3434 δε
241 3403 436 3433 provisionum
451 3412 484 3432 ac
500 3402 649 3439 Onerum,
663 3401 722 3438 jam
737 3411 785 3440 per
801 3399 903 3430 Sedem
918 3399 1114 3436 Apostolicam
1135 3401 1182 3430 in-

111 3441 309 3473 valescentium
319 3465 328 3480 ,
347 3443 509 3479 gravitatem
517 3463 527 3479 ,

150 3479 342 3511 Permittentes
355 3480 465 3510 ulterius
478 3489 507 3509 ut
524 3478 640 3508 Patroni
654 3475 814 3508 Patronatsis
826 3476 864 3507 sui
873 3475 1008 3506 Solarium
1024 3485 1082 3506 non
1099 3477 1182 3507 amit-

111 3526 187 3557 tant,
202 3517 390 3556 Eccleiiieque
406 3517 601 3554 Catliedrales,
616 3517 649 3546 &
663 3516 742 3554 aliae,
759 3516 827 3545 dieti
852 3515 961 3554 Regni,
981 3514 1095 3545 Liberas
1116 3514 1182 3545 Eie-

116 3556 227 3587 errones
241 3558 272 3587 ὃς
285 3559 386 3587 ‘earum
402 3554 537 3586 effectum
552 3556 670 3585 habeant
680 3577 689 3591 ,

155 3595 232 3633 Quas
246 3592 361 3633 quidem
376 3594 509 3624 Ecclesias
525 3594 595 3623 dieti
611 3592 809 3628 progenitores
830 3591 917 3622 nostri
932 3589 1061 3628 dudum,
1079 3590 1108 3619 in
1128 3590 1183 3620 sin-

114 3632 190 3699 guli}
199 3633 397 3700 Vzcationibus
408 3632 567 3663 earumdem
577 3655 587 3669 ,
606 3631 732 3661 Personis
747 3631 856 3661 idoneis
866 3630 927 3667 jure
938 3628 986 3659 suo
1000 3629 1081 3666 regio
1095 3629 1184 3660 libere

118 3679 173 3699 con
187 3681 229 3700 ere
251 3681 295 3701 ant

156 3707 191 3750 Et
207 3695 408 3747 postmodum,
433 3709 467 3738 ad
490 3709 640 3745 Rogatum
660 3708 693 3738 δε
715 3707 880 3738 Instantiam
900 3705 986 3736 dietae
1006 3705 1085 3736 Sedis
1133 3706 1185 3737 sub

117 3753 198 3776 certis
211 3747 300 3776 modis
315 3749 346 3777 ὃς
364 3747 591 3785 conditionibus,
611 3746 809 3776 concesserunt
828 3744 906 3783 quod
915 3744 1074 3774 Eleeriones
1107 3753 1186 3775 erent

117 3784 149 3813 in
164 3783 244 3813 dietis
258 3784 386 3815 Ecclesiis
400 3796 447 3823 per
464 3785 594 3822 Capitula
608 3785 769 3814 earumdem
780 3807 789 3822 ,
807 3794 870 3821 quae
890 3782 1046 3813 Concessio
1068 3782 1120 3813 fuit
1135 3793 1185 3821 per

119 3821 223 3852 Sedem
239 3822 323 3860 ipsam
339 3833 371 3852 ex
388 3823 461 3853 cert-Si
476 3823 589 3853 scientia
602 3822 780 3860 confirmata,

156 3859 222 3897 Set,
247 3869 345 3889 contra
367 3860 491 3891 formam
512 3860 709 3890 Conceffionis
732 3861 764 3890 δε
789 3858 1020 3889 Confirmationis
1039 3859 1185 3896 praedicta-

121 3908 201 3935 rum,
218 3896 297 3927 dieta
319 3897 417 3936 Sedes,
435 3909 481 3935 per
497 3899 708 3930 Reservationes
727 3899 761 3929 δε
783 3897 958 3927 Provisiones
971 3897 1045 3935 suaS,
1069 3897 1085 3927 a
1103 3898 1186 3928 dietis

119 3935 258 3974 Capitulis
272 3934 426 3977 Electiones
440 3938 537 3967 adimit
550 3937 731 3974 supradiCtas,
749 3937 784 3966 ἃ
803 3937 886 3966 nobis
896 3936 946 3974 Jus
966 3936 999 3966 &
1015 3934 1187 3972 Praerogati-

120 3985 206 4043 ζητῇ,
223 3984 304 4011 quae,
319 3981 395 4011 Juxta
409 3974 532 4004 formam
546 3976 631 4006 dietae
646 3974 861 4012 Conceffionis,
881 3975 964 4004 nobis
975 3982 1143 4011 competunt
1156 3976 1187 4005 in

144 4024 174 4043 ac
211 4022 267 4042 arte

160 4024 370 4092 Psdprer'quod
380 4048 457 4086 juxta
474 4048 581 4087 Legem
596 4051 693 4087 Regni
712 4050 817 4088 nostri,
831 4059 865 4080 ex
884 4060 941 4087 quo
963 4049 1041 4088 Leit,
1059 4050 1089 4079 in
1106 4049 1187 4080 Con-

120 4088 241 4120 cessione
263 4092 364 4127 polita,
382 4096 442 4117 non
464 4086 601 4126 servatur,
618 4089 775 4121 Concessio
795 4088 959 4126 resolvitur,
984 4090 1018 4120 ὅ(
1042 4086 1102 4121 Res
1125 4089 1188 4121 Sta-

538 205 1340 273 CONVENTIONE&
1398 201 1788 250 L1TERAE,

1225 300 1289 324 tum
1302 291 1450 322 revertitur
1465 292 1495 321 iii
1508 290 1686 329 primaevum.
2339 286 2415 326 Am,
2429 292 2470 326 D,

1263 330 1352 368 Super
1369 328 1514 368 praemissis
1536 330 1629 366 itaque
1658 327 1791 365 dignetur
1818 324 1998 365 (quaesumus)
2018 324 2110 357 vestra
2132 323 2316 367 Benignitas‚
2354 342 2368 362 1
2391 342 2439 373 43,

1226 368 1261 399 ad
1277 369 1420 399 honorem
1434 368 1493 398 Dei
1508 368 1541 399 δε
1556 367 1679 398 Salutem
1694 365 1867 397 Animarum
1877 388 1886 403 ,
1902 375 2019 395 necnon
2035 364 2070 395 ad
2084 364 2212 397 tollenda
2228 366 2317 398 Scan·
2377 382 2407 401 v,
2425 382 2451 410 3,

1227 407 1287 438 dala
1303 407 1337 438 &
1352 406 1518 444 Praejudicia
1533 406 1692 444 praelibata,
1708 403 1845 434 festinum
1859 404 1893 435 &
1915 402 2022 434 salubre
2035 403 2317 441 Temperamentum

1225 455 1384 483 apponere,
1404 452 1436 475 ut
1458 453 1510 475 nos
1526 446 1559 476 δε
1575 443 1661 475 nostri
1717 444 1746 474 ui
1769 442 1920 473 Personam
1941 441 2066 473 vestram
2088 441 2318 483 Sanetiffimam,

1227 485 1261 514 &
1276 483 1410 514 Santram
1426 482 1592 514 Romanam
1607 481 1649 513 Ec
1679 492 1695 512 e
1705 491 1763 513 iam
1773 504 1783 520 ,
1803 481 1924 512 revereri
1939 481 2090 519 cupimus,
2106 488 2138 511 ut
2162 481 2318 522 debemus,

1228 521 1398 552 cessantibus
1411 520 1496 552 dietis
1506 521 1587 551 malis
1600 520 1824 552 intolerabilibus
1834 542 1844 558 ,
1861 520 1890 549 in
1904 518 2035 549 Paternae
2052 518 2154 550 vestrae
2169 519 2317 552 Dilectio-

1229 561 1274 591 nis
1288 559 1439 591 dulcedine
1452 558 1643 599 quiescamus,
1661 558 1805 590 revirescat
1827 569 1861 589 ue
1877 557 1971 588 nostra
1984 556 2133 596 Devotio,
2149 567 2198 596 per
2220 558 2316 591 osten-

1228 599 1296 668 [απὸ
1304 598 1387 667 nrpsbis
1403 596 1684 667 piae&Moderationis
1697 597 1796 629 vestrae
1850 596 2007 627 ementiam
2025 604 2157 628 recreata.

1297 647 1317 667 o
1347 645 1423 668 ervet
1491 646 1518 667 c.

1304 674 1372 706 Dat.
1387 659 1460 716 apiid
1479 672 1785 714 westmonasterium,
1801 674 1919 707 decimo
1936 673 1982 704 die
2000 672 2184 712 Septembris.

1295 805 1345 838 De
1368 801 1542 837 Traffando
1560 803 1653 849 fhper
1677 804 1758 849 Ltga
1781 813 1850 835 cum
1876 801 2037 838 Nobilibus
2062 801 2220 850 Wfioniae.

1231 895 1523 965 RE}.0¹.¹³¹³¹'bu⁵³
1539 896 1574 927 ad
1587 905 1658 935 quos
1672 895 1733 927 διε.
1751 893 1887 928 Salutem.
2330 894 2408 927 Ann.
2424 895 2466 930 D.

1343 944 1420 979 cratis
1433 935 1512 973 quod
1529 945 1598 974 nos,
2349 943 2436 976 1343.

1268 971 1316 1017 De
1334 973 1465 1017 fidelitate
1476 974 1510 1005 &
1522 972 1779 1012 circumspectione
1792 972 1914 1014 providi
1929 995 1940 1012 ,
1965 971 2076 1004 Dileeti
2089 973 2122 1004 &
2141 973 2243 1006 Fidelis
2257 985 2312 1006 no·
2329 977 2385 1005 An.
2407 985 2452 1011 ¹7·

1230 1009 1466 1089 ffggtzslxlicholai
1492 1011 1528 1043 de
1549 1012 1576 1043 la
1602 1011 1716 1051 Beche,
1733 1011 1882 1043 Senescalli
1907 1010 1997 1042 nostri
2019 1011 2169 1044 Vasconiae
2183 1036 2194 1054 ,
2220 1013 2314 1046 confi·
2330 1017 2404 1092 fias}
2423 1063 2455 1090 ¹7

1266 1088 1315 1133 Ad
1327 1089 1527 1122 Trastandum
1541 1089 1575 1122 &
1589 1088 1838 1122 Concordandum
1857 1099 1928 1121 cum
1942 1088 2122 1128 Nobilibus,
2138 1089 2173 1121 δε
2185 1090 2262 1130 aliis,
2277 1091 2314 1123 de
2334 1095 2365 1120 Ε.
2387 1101 2400 1129 3
2406 1091 2413 1118 L
2459 1076 2465 1083 ¹

1231 1128 1335 1197 91ξὲξὲιὲ
1338 1129 1474 1197 a{expedire
1490 1128 1609 1169 viderit,
1628 1129 1665 1160 de
1681 1127 1772 1170 Liga,
1789 1129 1824 1160 δε
1845 1127 2005 1167 Amicitia,
2020 1128 2091 1160 inter
2113 1137 2165 1159 nos
2187 1129 2222 1161 ὅτ.
2244 1130 2315 1169 ipsos
2334 1140 2372 1161 m.
2390 1140 2434 1160 ii.

1232 1250 1262 1274 tu
1264 1191 1443 1275 efrllgulfngoda,
1461 1204 1569 1246 Vadia,
1587 1206 1621 1239 &
1638 1205 1915 1247 Remunerationes,
1932 1206 1971 1238 eis
1986 1214 2101 1245 propter
2121 1204 2181 1238 hoc
2196 1203 2316 1238 Consti·

1266 1281 1304 1313 Et
1319 1283 1353 1313 ad
1371 1268 1503 1352 ga,Squae
1517 1283 1555 1328 fic
1569 1283 1722 1352 Τὲᾳᾶαω,
1740 1281 1946 1323 concordata,
1963 1283 1999 1316 ὃς
2015 1281 2176 1316 constituta
2193 1282 2317 1325 fuerint,

1230 1321 1894 1406 quffissffllleagssssfissfssoisssssffndffi’nostra
1917 1360 2062 1393 Fidenate
2084 1361 2119 1393 &
2138 1360 2318 1394 obedientia

1231 1398 1416 1443 recesserunt,
1434 1400 1469 1430 ad
1492 1408 1612 1437 gratiam
1640 1400 1674 1431 &
1718 1409 1802 1431 acem
1823 1399 1952 1430 nostram
1972 1399 2205 1440 Recipiendum,
2223 1402 2256 1432 ὅ(
2274 1403 2323 1432 eis

1233 1436 1461 1477 Remiffionem,
1480 1438 1514 1469 &
1540 1437 1779 1470 Pardonationem
1825 1447 1861 1469 ac
1885 1438 2009 1478 Literas,
2027 1449 2092 1478 quae
2110 1440 2136 1470 ei
2158 1439 2239 1478 super
2256 1439 2314 1470 hoc

1232 1476 1267 1507 ad
1282 1476 1392 1520 plenam
1408 1477 1592 1521 Securitatem
1604 1476 1732 1521 sufficere
1748 1461 1874 1515 vascam,
1891 1476 2140 1517 Concedendum,

1235 1553 1241 1558 ¹
1271 1515 1378 1546 Fideles
1392 1524 1477 1546 etiam
1498 1515 1626 1554 nostros,
1644 1516 1674 1546 in
1697 1515 1778 1547 dieto
1800 1515 1934 1555 Ducatu,
1953 1516 2025 1548 inter
2044 1516 2071 1547 se
2092 1515 2251 1547 diffidentes
2285 1526 2315 1549 ut

1232 1561 1305 1597 inter
1326 1554 1353 1585 se
1376 1553 1485 1586 Pacem
1509 1554 1554 1585 vel
1578 1552 1779 1586 Sufferentiam
1805 1554 1905 1593 (saltim
1930 1553 2046 1589 durante
2069 1554 2180 1587 Guerrzi
2203 1539 2312 1594 noslr'a)

1233 1601 1326 1623 ineant
1344 1592 1558 1632 Inducendum,
1575 1593 1609 1624 &
1631 1603 1681 1624 eos
1696 1592 1731 1624 ad
1753 1592 1802 1632 id,
1818 1593 1878 1624 tam
1902 1603 1952 1631 per
1972 1592 2147 1632 Captionem
2166 1592 2314 1625 Bonorum

1232 1630 1349 1701 lsssffiffi
1365 1632 1395 1662 in
1414 1631 1538 1664 Manum
1552 1631 1696 1672 nostram,
1711 1633 1800 1673 quam
1815 1631 1910 1663 modis
1930 1631 1989 1663 aliis
2009 1632 2158 1672 legitimis,
2173 1630 2316 1671 Compel-

1271 1707 1309 1740 Et
1323 1693 1420 1740 on'mia
1432 1709 1484 1741 alia
1499 1710 1533 1742 &
1549 1709 1655 1747 singula
1668 1708 1841 1741 Faciendum
1861 1709 1894 1741 δε
1915 1708 2134 1742 Excercendum
2145 1734 2155 1750 ,
2175 1718 2240 1749 qua:
2260 1720 2315 1749 pro

1233 1747 1396 1791 commodo
1411 1748 1528 1788 nostro,
1545 1749 1579 1780 &
1594 1749 1672 1779 bono
1692 1750 1828 1788 regimine
1845 1748 1917 1779 dieti
1936 1747 2083 1789 Ducatfis,
2099 1750 2133 1782 δε
2153 1747 2316 1782 Conserva-

1233 1793 1311 1816 tione
1325 1785 1408 1817 Pacis
1423 1787 1526 1818 nostrae
1541 1787 1648 1818 ibidem
1657 1810 1667 1826 ,
1685 1786 1788 1817 fuerint
1803 1795 1959 1826 oportuna,

1271 1823 1395 1856 Pr-aefato
1415 1825 1572 1857 Senescallo
1602 1825 1735 1864 plenam,
1755 1834 1852 1857 tenore
1873 1824 2070 1866 praesentium,
2094 1825 2314 1858 Committimus

1233 1862 1478 1905 &lConcedimus
1493 1849 1682 1902 Poteslatem3

1273 1901 1473 1934 promittentes
1495 1902 1563 1933 Nos
1584 1902 1693 1933 Ratum
1712 1902 1746 1934 &
1769 1901 1894 1933 Gratum
1918 1902 2061 1934 habituros
2079 1904 2146 1943 quic
2167 1902 2214 1934 uid
2233 1902 2311 1933 idern

1231 1939 1420 2011 ἕῗᾱξξυεύῐὶῃυῗ,
1437 1942 1558 1973 nomine
1572 1940 1687 1981 nostro,
1707 1940 1807 1973 fecerit
1821 1942 1852 1971 in
1867 1941 2030 1981 praemiffis,
2045 1941 2080 1974 &
2095 1952 2154 1981 quo
2166 1942 2222 1973 'bet
2237 1951 2311 1980 prae-

1268 2017 1302 2049 In
1315 2019 1411 2059 cujus,
1428 2019 1488 2051 &c.

1307 2056 1376 2090 Dat.
1393 2059 1467 2098 apud
1480 2056 1767 2091 Westmonasterium
1776 2080 1786 2097 ,
1804 2056 1922 2089 decimo
1936 2056 2043 2088 ottavo
2065 2055 2111 2088 die
2126 2055 2311 2095 Septembris.

1930 2137 1984 2165 Per
1999 2135 2082 2174 ipsum
2100 2137 2205 2174 Regem.

1328 2270 1357 2298 ²¹⁶
1377 2275 1435 2306 Pro
1458 2271 1667 2318 Penestrinenfi
1683 2276 1721 2312 (ᾐ-
1745 2271 1959 2318 Tustulanetfi
1979 2268 2207 2304 Cardinalibus.

1233 2358 1360 2414 REX
1379 2359 1532 2398 omnibus,
1549 2359 1583 2391 ad
1600 2368 1686 2399 quos,
1701 2359 1763 2391 &c.
2329 2361 2406 2394 Arm.
2419 2361 2462 2394 D.

1330 2398 1429 2428 Sciatis
1445 2398 1523 2436 quod
1533 2421 1542 2436 ,
2349 2410 2436 2440 1343,

1268 2434 1352 2466 Cum
1368 2447 1456 2476 nuper
1472 2436 1710 2475 concesserimus,
1725 2434 1942 2468 Venerabilibus
1953 2434 2098 2474 Patribus,
2113 2432 2310 2465 Penestrinen-
2328 2444 2381 2468 An.
2400 2451 2443 2476 ¹7·

1228 2472 1264 2511 sl,
1284 2475 1318 2505 &
1332 2474 1533 2506 Tusculanensi
1567 2475 1780 2513 Cardinalibus,
1799 2474 1964 2511 Passagium
1980 2473 2181 2505 Ducentorum
2201 2473 2309 2503 Sacco-
2330 2483 2359 2506 ε,
2377 2489 2402 2516 3,

1228 2522 1291 2557 rum
1316 2513 1420 2553 Lanae,
1435 2523 1510 2545 extra
1523 2499 1661 2552 Regnum
1683 2513 1811 2545 nostrum
1828 2513 1862 2543 ad
1938 2522 1966 2543 es
1981 2521 2101 2550 exteras,
2118 2511 2219 2550 absque
2235 2510 2310 2541 Sub·
2332 2521 2389 2545 pas,
2416 2528 2460 2554 ¹7·

1228 2551 1299 2620 ίιάῙιξΙ)
1313 2553 1346 2583 &
1362 2552 1522 2591 Custumi,
1541 2554 1624 2584 nobis
1638 2552 1706 2584 inde
1721 2552 1837 2590 debitis,
1851 2551 1881 2582 so
1892 2551 2006 2590 vendis,

1264 2601 1381 2674 Prcds'eo
1403 2629 1479 2667 quod
1499 2629 1660 2668 hujusmodi
1681 2627 1837 2659 Conceffio
1857 2626 1949 2657 nostra
1965 2648 1974 2664 ,
1997 2632 2133 2667 praetextu
2153 2625 2309 2669 aliquarum

1226 2665 1469 2706 Ordinationum,
1486 2669 1514 2698 in
1530 2668 1632 2698 ultimo
1648 2667 1838 2697 Parliamento
1851 2664 1952 2695 nostro
1971 2664 2049 2702 super
2070 2663 2230 2702 huJusmodi
2242 2664 2306 2695 Pas-

1224 2705 1303 2742 sagio
1320 2705 1475 2744 factarum,
1492 2705 1628 2736 effectum
1642 2705 1805 2748 sortirienon
1821 2702 1932 2746 potest,
2101 2740 2107 2745 .
2415 2702 2419 2724 l

1264 2742 1463 2774 Conceffimus
1478 2743 1583 2774 eisdem
1598 2742 1793 2773 Cardinalibus
1809 2763 1819 2779 ,
1842 2751 1874 2770 in
1891 2739 2196 2778 Recompensationem
2213 2740 2307 2772 Passa-

1225 2781 1449 2826 g-iisupradidti,
1467 2781 1697 2826 Quadringentas
1718 2780 1834 2818 Libras,
1851 2779 1885 2809 ad
1899 2779 2082 2823 Scaccariuym
2102 2778 2228 2810 nostrum
2243 2790 2306 2817 per-

1224 2820 1367 2888 “pffndas
1381 2843 1391 2859 ,
1417 2820 1569 2860 Videlicet,
1596 2828 1705 2859 utrique
1727 2828 1826 2852 eorum
1847 2817 1992 2849 Ducentas
2019 2817 2132 2856 Libras,
2155 2818 2191 2849 de
2212 2817 2305 2849 Dono

1224 2869 1265 2889 no
1292 2869 1334 2890 ro.

1263 2898 1296 2927 In
1314 2899 1408 2936 cujus,
1426 2898 1488 2929 &c.

1258 2936 1348 2967 Teste
1364 2936 1448 2975 Rege
1462 2935 1536 2975 apud
1550 2934 1859 2974 Westmonasterium‚
1877 2933 2015 2967 vicesimo
2033 2933 2080 2964 die
2100 2932 2282 2972 Septembris.

2330 2284 2463 2324 *V.387.

2333 2560 2363 2585 E.
2382 2566 2407 2593 3.
2426 2565 2455 2594 p.

2331 2598 2458 2623 2.m.2=6.

1776 3015 1831 3044 Per
1849 3015 1943 3043 Breve
1962 3012 1994 3042 de
2008 3014 2126 3050 privato
2143 3009 2245 3049 Sigillo-

1510 3152 1616 3184 Litera
1638 3148 1723 3195 miffiz
1746 3151 1821 3195 Regi
1844 3150 2004 3183 Armeniae.

1221 3235 1427 3293 MAgnifico
1442 3236 1588 3275 Principi,
1606 3234 1740 3266 Domino
1753 3233 1861 3272 Leoni,
1880 3232 1939 3263 Dei
1953 3231 2061 3272 gratia,
2083 3231 2227 3263 Armeniae
2234 3231 2297 3263 Re·
2319 3239 2394 3271 Αῃῃ,
2409 3240 2451 3272 D,

1308 3277 1356 3314 gi,
1374 3274 1596 3312 Consariguineo
1612 3274 1661 3304 suo
1682 3271 1840 3311 carissimo,
1865 3271 2036 3310 Edwardus,
2062 3270 2125 3302 δίε.
2150 3270 2294 3310 Salutem,
2348 3289 2433 3317 1'43·

1221 3312 1254 3344 &
1268 3312 1346 3352 super
1359 3314 1538 3351 Blasphemos
1552 3311 1706 3342 Christiani
1722 3311 1846 3341 nominis
1860 3310 2039 3351 triumphare.
2317 3301 2380 3345 An.)
2391 3315 2433 3354 ἡ,

1259 3351 1414 3382 Serenitatis
1428 3351 1527 3382 vestrae
1544 3351 1662 3388 Literae,
1680 3350 1762 3379 nobis
1782 3358 1830 3386 per
1855 3348 2082 3386 Ambass'atoreS‚
2101 3349 2135 3380 &
2157 3347 2295 3379 Nuncios
2316 3361 2347 3384 E.
2371 3366 2397 3393 3,

1220 3388 1327 3420 vestros
1346 3390 1532 3429 praesentat-«e,
1563 3389 1744 3428 ipsorumque
1765 3387 1967 3425 circumspecta
1989 3387 2103 3424 relatio,
2122 3388 2168 3417 cui
2192 3386 2292 3417 Fidem
2315 3396 2405 3432 Gaas.

1220 3429 1354 3465 petivistis
1379 3429 1528 3467 adhiberi,
1554 3427 1635 3459 cordi
1658 3426 1756 3456 nostro
1782 3426 1927 3458 Dolorem
1957 3427 1991 3457 &
2018 3425 2163 3457 Laetitiam
2193 3424 2293 3456 intule-
2319 3443 2360 3469 ¹7·
2380 3437 2409 3460 E.
2425 3441 2452 3469 3,

1221 3475 1369 3538 mr'ls'iiibat
1385 3506 1500 3544 quidem
1515 3514 1568 3535 nos
1581 3505 1683 3535 intime
1699 3504 1790 3541 gravis
1804 3501 1964 3534 Infidelium
1979 3501 2158 3540 Persecutio,
2175 3501 2294 3533 cuiRe-
2313 3478 2439 3547 p1'9,²'dm

1221 3556 1312 3587 gnum
1326 3545 1452 3576 vestrum
1467 3545 1618 3582 subicitur,
1635 3541 1790 3580 hostiliter,
1807 3542 1860 3572 hiis
1875 3541 1992 3580 diebus,

1261 3585 1309 3616 Set
1322 3584 1478 3627 gaudemus
1493 3582 1573 3621 quod
1588 3590 1684 3613 contra
1698 3581 1853 3620 prophanae
1865 3580 1967 3612 Gentis
1981 3579 2125 3619 perfidiam
2137 3589 2190 3610 vos
2203 3588 2296 3617 oppo-

1265 3635 1273 3653 1
1403 3632 1454 3652 ires

1221 3632 1534 3704 nltgtllleXteeli-api’ingit
1547 3659 1660 3690 interius
1675 3666 1801 3689 mentem
1813 3657 1938 3687 nostram
1947 3678 1958 3694 ,
1977 3655 2057 3695 quod
2069 3656 2108 3687 fic
2121 3654 2297 3686 Christiano-

1223 3712 1285 3732 rum
1306 3701 1406 3737 Fines,
1425 3709 1454 3728 in
1469 3695 1574 3729 Christi
1588 3696 1814 3735 contumeliam,
1832 3705 1891 3726 non
1905 3695 1961 3725 sine
1976 3694 2147 3726 verecundia
2169 3691 2297 3724 Catholi-

1222 3750 1324 3771 corum
1339 3737 1503 3775 Principum
1512 3759 1522 3775 ,
1539 3736 1706 3766 invaduntur
1714 3760 1723 3773 ,

1262 3778 1297 3808 Et
1311 3778 1344 3808 ad
1360 3775 1539 3806 relevandum
1553 3782 1627 3804 tanta
1642 3774 1816 3804 Discrimina
1831 3771 1924 3802 noster
1935 3771 2018 3803 valde
2040 3770 2148 3808 suspirat
2165 3765 2299 3807 affectus,

1222 3817 1261 3848 set
1277 3816 1394 3847 Guerrae
1411 3823 1508 3853 graves
1522 3813 1556 3843 &
1570 3814 1704 3851 notoriae,
1723 3822 1789 3849 quas
1804 3811 1958 3847 habemus,
1974 3809 2109 3840 affeeturn
2123 3809 2154 3850 in
2161 3804 2299 3838 effectum

1224 3855 1379 3893 producere
1401 3863 1459 3883 non
1480 3852 1661 3890 permittunt,
1687 3851 1749 3889 ipsis
1771 3859 1864 3881 tamen
1887 3848 2054 3880 cessantibus
2073 3846 2226 3889 faciemus,
2248 3854 2296 3882 per

1226 3894 1284 3924 Dei
1298 3893 1433 3937 gratiam,
1451 3889 1528 3929 quod
1543 3889 1675 3928 decebit,
1692 3891 1761 3920 sicut
1785 3887 1869 3918 dietis
1884 3886 2011 3917 Nunciis
2030 3883 2128 3916 vestris
2147 3882 2206 3913 dici
2227 3883 2299 3914 feci-

1225 3939 1471 4008 musQlistxslier’
1483 3966 1559 4005 hoc,
1578 3974 1643 3996 nota
1659 3966 1760 4003 vobis,
1778 3963 1823 3995 sua
1838 3962 1964 3994 Fidelitas
1984 3959 2069 3989 fidem
2089 3958 2221 3991 adhibere
2235 3969 2299 3990 cte-

1225 4007 1338 4044 dulam,
1359 4015 1389 4036 ut
1403 4005 1544 4037 credimus
1557 4027 1567 4043 ,
1587 4004 1760 4041 impetrabit.
1797 4039 1806 4044 ,
1930 4037 1935 4042 “

1265 4045 1298 4076 In
1315 4045 1468 4075 victoriosis
1483 4044 1516 4074 ὅ(
1530 4043 1668 4080 longaevis
1682 4040 1861 4071 Successibus
1876 4035 2034 4067 Aluffimus
2048 4046 2099 4067 vos
2114 4036 2273 4068 conservet.

1265 4083 1334 4116 Dat.
1347 4083 1421 4121 apud
1438 4080 1572 4113 London.
1586 4079 1722 4112 vicesimo
1734 4076 1858 4109 secundo
1872 4075 1948 4113 Sept.
2201 4110 2303 4150 Bulla,
