2562 4279
797 261 904 302 ET
986 262 1252 303 ACTA

78 342 155 375 Ann.
166 340 206 372 D.
257 345 308 383 Jus
319 345 447 376 nostrum
464 346 497 377 &
510 345 596 376 diCtae
610 344 758 376 Consortis
773 346 878 376 nostrae
892 347 1020 387 prosequi
1029 348 1080 386 ,&
1091 347 1195 386 assequi
1208 373 1216 387 ‚
1227 357 1280 378 vo-

99 381 183 419 1346.
225 383 328 422 lentes,
346 393 430 423 prout
443 384 596 422 convenit,
612 385 641 414 in
657 384 709 414 hac
724 393 817 423 parte,

75 422 142 447 Ea'v.
163 430 189 458 3·
261 423 305 453 Ac
327 423 362 453 de
386 422 537 453 sinceritate
552 445 561 461 ,
585 424 618 453 &
634 422 761 453 circum(
775 425 888 454 ec‘tione
923 423 1038 461 rovida,
1057 423 1228 454 dilectorum
1244 423 1278 454 &

220 460 346 490 fidelium
368 460 531 491 nostrorum
544 486 553 499 ,
579 460 674 491 Ivonis
690 460 725 490 de
773 463 873 500 lynton
919 462 1011 500 lerici,
1028 463 1062 494 &
1076 462 1149 493 Adae
1161 462 1197 492 de
1210 462 1279 492 Sha-

218 498 320 528 reihull
343 498 457 537 Militis,
477 500 559 536 plene
574 498 762 538 confidentes,

259 534 306 567 Ad
332 537 541 575 agnoscendum
554 563 564 577 ,
590 537 687 567 nostro
706 538 740 568 δε
760 537 844 568 ἀὶέὶεε
864 537 1012 569 Consortis
1025 538 1129 569 nostrae
1144 539 1279 576 nomine,

222 574 443 614 Haereditatern,
462 576 554 612 ejusve
567 576 753 613 Portionem,
774 576 866 606 eidem
888 575 1023 607 Consorti
1037 577 1142 607 nostrae
1156 577 1193 608 sic
1204 577 1278 606 dela-

223 622 299 651 tam,
318 613 351 644 &
366 614 451 651 ipsam
466 614 644 652 adeundum,
664 615 698 644 &
714 613 808 644 eidem
822 614 848 643 se
862 614 1078 646 immiscendum
1088 625 1216 653 ,necnon
1232 614 1280 644 :id-

222 651 395 688 ipiscendum
413 676 422 690 ,
444 653 621 683 retinendum
634 675 643 690 ,
669 653 702 682 &
717 651 926 682 defendendum
941 653 1146 683 Poffeffionem
1162 655 1221 683 tam
1237 654 1279 692 ip-

225 690 276 719 sius
292 689 483 728 Haereditatis,
503 690 681 729 Portionisve
695 690 829 728 ejusdem,
850 691 887 721 sic
900 715 909 729 ‚
935 701 965 721 ut
986 692 1145 729 praefertur,
1163 692 1279 729 delatae,

226 729 312 765 quam
327 729 445 760 aliorum
460 738 708 767 quorumcumque
716 727 1161 767 Dominiorum2Terrarum‚&
1176 731 1193 749 ³¹*
1203 729 1281 760 Red-

226 767 355 804 dituuni,
372 768 405 797 ad
423 767 530 798 dictam
554 767 726 798 Consortem
748 766 871 797 nostram
888 791 898 806 ,
917 769 949 798 &
963 778 1015 798 nos
1028 769 1084 806 ejus
1098 769 1233 806 nomine,
1251 769 1280 798 in

225 803 378 843 Hanonia,
399 805 552 843 Zelandia,
570 807 604 837 &
625 805 692 834 locis
713 805 770 835 aliis
784 828 794 843 ,
812 814 845 835 ex
859 805 1011 836 donatione
1022 807 1068 837 seu
1082 805 1282 844 concessione,

225 843 385 875 recolendae
407 844 570 881 memoriae,
588 842 756 882 Willielmi,
775 843 884 874 dudum
907 843 1030 875 Comitis
1052 844 1211 883 Hauoniae,
1231 844 1284 875 Pa-

225 882 273 912 tris
292 882 377 926 diCtae
399 882 545 913 Consortis
568 881 672 911 nostrae
684 905 694 920 .,
722 881 767 913 vel
786 882 849 912 alias
864 893 1049 922 quocumque
1064 883 1181 921 Titulo,
1199 884 1285 921 perti-

226 929 373 958 nentium,

264 957 402 990 Redditus
415 983 425 997 ,
451 956 648 988 Obventiones
667 981 678 996 ,
708 958 742 989 ὃς
765 957 896 990 Proficua
910 969 1118 999 quaecumque,
1137 959 1204 990 inde
1218 969 1285 997 pro-

227 997 383 1035 venientia,
401 995 434 1026 ad
449 1006 520 1033 opus
533 996 663 1027 nostrum
675 997 709 1028 &
723 996 808 1028 dietae
831 997 976 1029 Consortis
997 998 1101 1029 nostrae
1111 1021 1123 1038 ,
1149 998 1285 1038 colligen-

228 1035 298 1065 dum
314 1036 347 1065 &
358 1033 525 1073 levandum,

266 1073 421 1103 Fidelitates
436 1073 469 1104 &
481 1072 640 1113 Homagia,
649 1074 681 1104 &
696 1073 745 1104 alia
760 1084 952 1113 quaecumque
965 1074 1192 1114 Servitia,di&ae
1202 1073 1285 1104 Con-

229 1111 297 1141 sorti
312 1111 430 1149 nostrae,
448 1112 481 1142 &
494 1113 576 1142 nobis
588 1114 645 1150 ejus
659 1113 791 1150 nomine,
807 1114 836 1142 in
852 1113 904 1143 hac
917 1122 991 1151 parte
1002 1113 1285 1152 debita,petendum,

228 1149 396 1187 exigendum
403 1172 412 1188 ,
433 1149 466 1180 ὃ(
479 1151 672 1189 recipiendum
680 1175 690 1188 ,

260 1188 465 1227 judiciumque
481 1188 770 1220 Familiherciscundae
787 1189 983 1221 intentandum
998 1190 1031 1221 ὅ(
1045 1189 1285 1227 prosequendum,

265 1227 311 1257 Ac
331 1226 495 1257 Officiarios
516 1229 549 1258 ὃς
572 1227 719 1258 Ministros
733 1251 743 1265 ,
770 1228 828 1257 tam
844 1238 898 1266 pro
911 1230 991 1258 bono
1006 1230 1140 1267 regimine
1152 1228 1286 1258 Subdito-

229 1275 310 1303 rum,
331 1266 418 1302 quam
439 1265 592 1296 Terrarum
615 1267 648 1297 &
671 1265 874 1304 poss'esfionum
889 1266 1062 1305 hujusmodi,
1081 1266 1286 1304 ordinandum,

229 1303 389 1334 faciendum
398 1327 408 1342 ,
427 1304 460 1334 &
474 1303 650 1334 statuendum
660 1327 670 1342 ,

268 1342 397 1379 Eosque,
417 1351 505 1380 prout
515 1343 643 1379 expedire
657 1342 794 1382 viderint,
812 1343 1007 1374 amovendum
1021 1366 1030 1381 ,
1055 1343 1088 1374 ὃς
1108 1344 1137 1372 in
1153 1343 1222 1372 locis
1238 1352 1288 1373 eo-

234 1380 367 1411 rumdem
382 1380 448 1410 alios
465 1380 691 1419 subrogandum,

79 723 95 741 ⁸
105 725 209 757 V.510.

269 1418 399 1449 Necnon
414 1418 447 1448 ad
462 1419 639 1449 tractandum
653 1420 686 1450 δε
702 1419 937 1450 concordandum
952 1430 1020 1450 cum
1035 1418 1239 1449 Cohaerea'ibus
1254 1419 1287 1449 ὃς
1334 1413 1354 1415 '7

231 1457 411 1494 Principibus
433 1457 515 1494 ipsius
533 1457 699 1488 haereditatis
721 1458 752 1494 (fi
774 1460 822 1496 qui
841 1459 884 1488 vel
901 1468 964 1497 qua:
978 1459 1089 1494 suerint)
1106 1458 1141 1487 de
1153 1458 1289 1487 divisione

232 1495 352 1532 ejusdem
374 1495 538 1526 haereditatis
553 1520 561 1533 ,
587 1498 619 1527 δε
633 1496 804 1526 Portionum
819 1496 1015 1534 assignatione,
1033 1498 1103 1525 inter
1116 1496 1183 1525 Nos
1197 1497 1229 1526 δε
1246 1497 1289 1525 di-

231 1533 501 1602 etarnsConsortem
523 1533 650 1565 nostram
674 1545 706 1565 ac
726 1535 796 1572 ipsos
817 1534 990 1566 Cohaeredes
1020 1536 1052 1566 ὃς
1075 1534 1228 1572 Participes
1250 1534 1290 1564 sa-

232 1582 296 1602 cien
316 1583 347 1610 a,
815 1597 817 1603 Α

267 1611 314 1641 Ac
335 1610 369 1642 ad
389 1611 477 1649 ipsam
497 1611 690 1643 haereditatem
712 1613 745 1644 ὃς
765 1613 909 1650 portiones
932 1610 1108 1649 hujusmodi,
1125 1621 1193 1641 cum
1208 1611 1291 1649 perti-

230 1650 347 1688 nentiis,
364 1649 400 1680 ab
415 1650 478 1687 ipsis
492 1649 713 1688 Cohaeredibus,
731 1651 765 1681 &
778 1660 879 1681 eorum
893 1650 1021 1689 singulis,
1036 1650 1082 1680 vel
1106 1650 1162 1679 aliis
1170 1651 1292 1686 *quibus-

230 1698 358 1727 cumque
368 1689 412 1726 jus
428 1689 592 1719 habentibus
607 1689 752 1719 inteisdem
768 1710 778 1726 ,
793 1689 838 1723 vel
854 1688 889 1718 ad
905 1699 948 1718 eas
962 1688 1044 1718 titulo
1059 1689 1229 1726 emptionis,
1246 1688 1292 1718 seu

230 1727 287 1758 alio
306 1727 388 1758 titulo
410 1736 595 1766 quocumque
612 1727 738 1766 legitimo
753 1749 763 1765 ,
780 1727 877 1757 nostro
890 1728 1008 1756 nomine
1021 1726 1240 1765 adquirendum,
1258 1727 1292 1756 δε

230 1766 268 1796 de
287 1774 366 1796 certo
387 1766 486 1804 pretiol
502 1765 733 1796 conveniendum
747 1789 758 1802 ,
777 1767 914 1795 terminos
927 1765 960 1795 &
974 1765 1037 1795 loca
1049 1765 1222 1795 solutionum
1239 1764 1293 1794 sta—

229 1803 385 1842 tuendum,
401 1804 434 1834 &
450 1815 502 1834 nos
518 1805 551 1835 &
564 1804 701 1835 Haeredes
714 1803 826 1835 nostros
842 1827 852 1842 ,
869 1803 904 1833 ad
919 1802 1068 1834 solutiones
1080 1803 1236 1841 hujusmodi
1253 1803 1293 1833 fa—

232 1842 362 1880 ciendas,
378 1842 581 1882 obligandum,

270 1880 308 1912 Et
329 1881 364 1911 ad
386 1891 418 1912 ea
431 1904 441 1920 ,
465 1891 531 1920 quae
552 1881 590 1912 fic
610 1881 725 1914 trastata
743 1882 777 1914 &
791 1879 963 1913 concordata
975 1880 1097 1920 fuerint,
1114 1889 1295 1920 quacumque

232 1919 376 1951 securitate
389 1919 577 1958 firmandum,

271 1959 318 1989 Ac
330 1958 523 1997 securitatem,
562 1969 605 1989 uae
619 1959 701 1989 nobis
716 1959 745 1989 in
758 1958 812 1989 hac
826 1966 904 1996 parte
916 1957 975 1988 fieri
992 1957 1107 1995 debeat,

268 1996 316 2028 Ac
335 1997 420 2026 etiam
438 1997 525 2027 Posse
549 2007 647 2028 ionem
668 1998 702 2029 &
724 1996 920 2028 Investituram
935 1996 1117 2027 Haeredi'tatis
1130 1997 1164 2028 &
1178 1996 1297 2027 Portio-

234 2045 306 2066 num
321 2035 498 2073 hujusmodi,
515 2046 585 2066 cum
600 2037 770 2073 pertinentiis
782 2059 793 2075 ,
812 2036 982 2074 petendum,
997 2036 1209 2073 recipiendum,
1226 2045 1297 2065 nan-

235 2073 418 2111 ciscendum,
433 2074 628 2111 retinendum,
643 2075 677 2105 &
690 2074 933 2113 continuandum,

272 2112 318 2142 Ac
332 2114 427 2142 omnia
444 2114 477 2144 3<
492 2113 597 2150 fingula
609 2113 771 2144 faciendum
784 2114 818 2144 δε
832 2112 1040 2144 excercendum
1054 2135 1064 2151 ,
1088 2122 1153 2151 quae
1167 2112 1203 2143 ad
1217 2111 1299 2142 Affe-

234 2152 385 2181 cntionem
398 2150 591 2190 Haereditatis,
609 2151 655 2182 seu
672 2151 832 2189 portionis,
850 2152 917 2182 inde
931 2161 984 2182 nos
1004 2152 1038 2182 &
1050 2151 1157 2182 dietam
1173 2150 1300 2181 Consor-

237 2197 298 2220 tem
321 2189 447 2224 nostram
468 2190 661 2227 contingentis
677 2213 687 2229 ,
711 2200 744 2221 ac
766 2190 962 2229 Divifionem,
977 2189 1021 2220 seu
1036 2189 1236 2227 Partitionem,
1254 2188 1300 2219 vel

238 2227 481 2267 Affignationem,
500 2239 533 2259 ac
547 2230 633 2260 etiam
648 2228 873 2266 Adquisitionem
895 2228 1054 2266 hujusmodi
1071 2251 1082 2267 ,
1098 2238 1132 2259 ac
1147 2228 1301 2258 Executio-

236 2276 304 2297 nem
324 2266 391 2296 inde
412 2267 570 2298 faciendam
584 2292 593 2306 ,
617 2267 767 2299 neceffaria
787 2267 832 2299 vel
854 2277 995 2305 oportuna
1017 2267 1122 2298 fuerint
1137 2290 1147 2306 ,
1176 2267 1260 2300 etiam
1280 2265 1300 2295 si

241 2304 407 2335 mandatum
419 2307 530 2345 exigant
544 2306 677 2346 speciale,

275 2342 405 2382 Eisdem,
425 2343 509 2375 Ivoni
524 2345 557 2375 &
573 2345 663 2383 Adae,
681 2345 714 2376 &
729 2354 831 2376 eorum
845 2344 976 2383 cuilibet,
995 2344 1105 2382 plenam
1121 2345 1154 2375 δε
1169 2343 1303 2380 liberam,

237 2391 308 2413 cum
331 2383 464 2413 exercitio
487 2384 558 2413 meri
577 2384 611 2414 δε
631 2385 711 2414 mixti
731 2383 866 2422 Imperii,
882 2383 1129 2421 acJuriidistionis
1144 2382 1303 2421 cujuscum-

238 2430 311 2459 que,
328 2420 362 2451 ad
385 2430 436 2451 nos
457 2422 490 2452 ὃς
505 2421 611 2452 dictam
625 2421 799 2453 consortem
814 2422 939 2452 nostram
953 2422 990 2452 sic
1007 2423 1184 2459 pertinentis,
1203 2429 1304 2451 tenore

239 2458 419 2497 praesentium
428 2483 438 2499 ,
456 2461 665 2491 committimus
680 2462 714 2491 &
727 2461 912 2491 concedimus
924 2460 1111 2498 potestatem,

275 2494 480 2530 promittentes
496 2509 550 2537 pro
565 2500 664 2538 nobis,
682 2500 716 2530 &
732 2499 809 2530 dicta
820 2499 962 2529 Consorte
974 2498 1086 2536 nostra,
1105 2508 1157 2528 nos
1174 2497 1304 2535 &ipsam

238 2543 332 2565 ratum
345 2537 378 2566 &
392 2545 502 2574 gratum
515 2537 660 2569 habituros
677 2537 812 2576 quicquid
825 2547 874 2575 per
887 2537 958 2576 ipsos
969 2561 979 2574 ,
996 2536 1117 2567 Ivonem
1131 2538 1163 2567 &
1192 2537 1284 2566 Adam
1295 2558 1305 2573 ,

241 2572 344 2616 nostro
358 2575 403 2603 vel
414 2575 499 2606 dietae
513 2574 662 2607 Consortis
673 2576 777 2607 nostrae
790 2577 926 2614 nomine,
943 2577 1041 2607 astum
1053 2576 1099 2607 vel
1113 2575 1225 2615 gestum
1242 2575 1305 2605 fue-

245 2619 280 2640 rit
295 2620 325 2639 in
341 2613 503 2654 praemissm,
523 2615 556 2645 ὃς
571 2614 699 2652 quolibet
713 2614 933 2652 praemifforum.

282 2647 316 2678 In
332 2658 427 2687 cuius»,
446 2652 506 2680 &c
525 2662 578 2690 pro
593 2653 692 2684 nostro
707 2654 884 2692 beneplacito
898 2653 1046 2683 duraturas.

321 2685 389 2718 Dat.
408 2689 437 2718 in
453 2687 571 2720 Pallatio
585 2691 684 2720 nostro
698 2691 822 2721 Westm.
842 2691 979 2723 vicesimo
995 2692 1040 2722 die
1056 2690 1168 2728 Aprilis.

276 2814 324 2846 De
338 2810 508 2844 Trat‘lando
523 2823 592 2845 cum
609 2811 792 2846 Hominibus
813 2811 850 2846 de
865 2812 1006 2858 partibus
1022 2814 1178 2847 Holandiae
1188 2815 1280 2861 fitper

620 2861 802 2895 Hereditate
815 2860 965 2907 praediii‘a.

102 2949 179 2981 Ann.
194 2948 235 2979 D.

133 2989 217 3027 1346.

103 3031 157 3055 An.
172 3038 217 3055 20.

256 2946 310 3000 R
321 2944 387 2975 EX
414 2945 576 2983 Univerfis,
596 2946 740 2984 praesentes
756 2946 873 2976 Litteras
887 2946 1064 2984 inspedturis,
1084 2946 1219 2977 Salutem.

351 2983 502 3015 Noveritis
520 2985 600 3024 quod
614 2995 683 3022 nos,

291 3021 340 3052 De
354 3021 482 3053 fidelitate
495 3024 528 3054 ὃς
543 3023 809 3061 circumspefflone,
825 3022 995 3053 diledwrum
1011 3023 1044 3054 &
1060 3022 1185 3053 fidelium
1199 3023 1312 3054 nostro-

254 3069 317 3090 rum
355 3059 450 3090 Ivonis
471 3061 507 3092 de
527 3061 659 3100 Glyntori
682 3060 787 3093 Clerici
803 3084 813 3099 ,
839 3061 871 3092 &
893 3060 967 3091 Adae
986 3060 1022 3092 de
1036 3061 1183 3092 Shareshul
1198 3061 1314 3100 Militis,

255 3084 445 3138 confi'dentes,
771 3130 773 3132 .

294 3137 340 3167 Ad
354 3138 531 3168 tractandum
545 3139 579 3169 &
592 3137 826 3170 concordandum
841 3147 893 3177 pro
906 3137 1005 3176 nobis,
1027 3138 1060 3168 &
1074 3137 1174 3168 nostro
1188 3140 1315 3177 nomine,

255 3185 322 3204 curri
338 3198 348 3213 ,
371 3175 540 3207 Venerabile
558 3177 641 3207 Patre
656 3201 665 3216 ,
691 3177 834 3216 Episcopo
850 3176 1025 3214 Trajectenfi
1041 3199 1051 3214 ,
1076 3177 1108 3207 ὃς
1124 3187 1191 3206 cum
1207 3178 1315 3207 caeteris

254 3212 413 3243 Nobilibus
427 3225 460 3245 ac
475 3215 658 3254 Popularibus
672 3216 827 3246 Terrarum
843 3214 1005 3252 Hanoniae,
1023 3214 1177 3245 Holandiae
1191 3239 1200 3253 ,
1219 3215 1315 3245 Selan-

253 3251 326 3288 diae,
345 3252 377 3281 δε
392 3252 483 3283 Friliae
496 3278 506 3291 ,

291 3289 369 3320 Tam
385 3290 461 3328 super
476 3292 552 3328 Ligis
569 3292 601 3322 δε
618 3292 755 3322 Amicitiis
769 3292 907 3332 perpetuis
920 3291 991 3321 inter
1004 3301 1055 3320 nos
1079 3291 1110 3322 δε
1126 3291 1197 3329 ipsos
1214 3292 1315 3321 ineun-

255 3328 314 3366 dis,
332 3329 365 3358 ὃ(
378 3328 414 3358 de
428 3329 669 3364 Remuneratione
684 3331 722 3360 eis
736 3340 784 3368 per
799 3340 850 3360 nos
865 3331 893 3359 iti
905 3330 958 3360 hac
974 3339 1050 3367 parte
1065 3329 1208 3366 facienda,
1227 3332 1314 3367 quarn

256 3366 291 3395 de
305 3367 444 3398 veniendo
467 3368 495 3398 in
510 3367 709 3398 Obedientiiim
723 3369 865 3406 nostram,
885 3369 990 3398 ratione
1004 3368 1157 3397 Terrarum
1174 3378 1236 3405 quse
1252 3369 1312 3398 fue-

255 3413 335 3441 runt,
355 3406 458 3435 inclitae
473 3408 636 3444 memoriae,
655 3408 695 3436 W
700 3407 805 3436 illielmi
822 3416 910 3444 nuper
927 3405 1050 3436 Comitis
1064 3406 1207 3436 Hanoniae
1218 3430 1227 3442 ,
1247 3406 1315 3435 Phi-

256 3443 339 3482 lippze
355 3443 472 3481 Reginae
488 3444 614 3483 Angliae,
630 3444 765 3476 Consorti
778 3443 880 3475 nostrae
893 3444 1058 3482 cariffimae,
1075 3444 1188 3482 Sorori,
1207 3444 1313 3475 &Uni

256 3481 413 3511 Haeredum
425 3483 552 3522 ptaediCti
568 3482 709 3520 Comitis,
725 3482 794 3521 Jure
807 3483 980 3512 haereditario
994 3481 1188 3512 devolutarum
1198 3505 1207 3520 ,

295 3519 331 3550 Et
344 3519 377 3549 ad
391 3530 439 3557 ea,
459 3531 522 3559 quae
535 3521 573 3551 fic
588 3521 721 3552 Tradtata
743 3522 775 3552 &
797 3519 978 3551 Concordata
992 3520 1111 3558 fuerint,
1131 3530 1312 3558 quacumque

256 3557 409 3625 {ecaritate
430 3558 599 3590 firmandum
612 3583 622 3598 ,
643 3560 677 3590 &
699 3569 752 3590 nos
771 3558 806 3589 ad
826 3567 926 3589 eorum
939 3558 1166 3589 observationem
1180 3559 1313 3598 obligan-

278 3606 325 3625 um

298 3620 343 3664 Et⁷
357 3634 539 3666 Securitatem
555 3660 565 3672 ,
591 3645 655 3674 quae
676 3635 757 3666 nobis
774 3636 803 3665 in
818 3634 870 3665 hac
887 3643 962 3673 parte
977 3634 1036 3665 fieri
1049 3634 1166 3672 debeat,
1183 3634 1315 3672 stipulan-

257 3674 326 3702 dum
342 3675 374 3704 &
389 3674 600 3713 recipiendum,

298 3711 335 3742 Et
355 3713 453 3741 omnia
473 3712 523 3742 alia
544 3713 578 3743 δε
599 3711 704 3749 fingula
718 3711 880 3742 faciendum
895 3721 958 3749 quae
973 3712 1001 3741 in
1013 3710 1174 3749 praemiffis,
1190 3711 1223 3741 &
1241 3712 1315 3741 circa

260 3761 308 3788 ea,
325 3752 343 3770 '¹¹²
361 3750 507 3780 necessaria
524 3751 567 3780 vel
585 3760 725 3787 oportuna
740 3750 861 3786 fuerint,
879 3751 964 3779 etiam
986 3750 1004 3779 si
1023 3749 1191 3778 Mandatum
1207 3751 1316 3788 exigant

260 3789 375 3827 speciale
387 3813 396 3826 ,
422 3790 534 3827 plenam
547 3812 556 3827 ,
578 3797 678 3819 tenore
696 3789 872 3829 praesentium
887 3812 896 3826 ‚
914 3787 1100 3818 concedimus
1114 3788 1146 3818 δε
1160 3789 1317 3818 committi-

260 3837 322 3858 mus
338 3827 527 3865 Potestatem3

298 3865 503 3904 Promittentes⁶
521 3875 572 3895 nos
587 3864 697 3895 Rarum
719 3864 752 3895 &
767 3863 890 3894 Gratum
904 3864 1046 3894 habituros
1061 3863 1194 3901 quicquid
1211 3873 1260 3902 per
1274 3863 1316 3894 di-

263 3903 343 3941 stos,
361 3903 482 3935 Ivonem
496 3905 529 3934 δε
544 3903 638 3933 Adam
654 3926 664 3941 ,
690 3902 798 3934 Actum
815 3903 858 3934 vel
874 3901 999 3932 Gestum
1014 3903 1096 3932 fuerit
1111 3902 1140 3931 in
1156 3902 1316 3941 praemiffis,

261 3942 295 3970 ὃς
311 3943 437 3978 quolibet
451 3943 668 3981 praemifforum.

298 3979 331 4010 In
348 3982 442 4019 cujus,
460 3983 520 4011 &c.
539 3991 591 4019 pro
606 3979 703 4010 nostro
718 3978 897 4016 beneplacito
912 3977 1060 4008 duraturas.
1200 4016 1205 4020 .

335 4017 403 4049 Dat.
420 4019 450 4049 in
465 4019 579 4051 Pallatio
593 4018 690 4050 nostro
703 4016 910 4049 Westmonast.
929 4017 1063 4050 vicesimo
1076 4015 1122 4047 die
1135 4015 1248 4054 Aprilis.

103 3107 221 3131 Pat.20.

106 3146 192 3178 E.3.p
216 3151 238 3169 i.

103 3189 139 3206 m.
161 3189 202 3214 17·

113 3745 242 3782 ⁴*V.5ii.

1334 262 1809 307 PUBLICA.
2302 287 2378 324 199

2390 378 2465 412 Ann.
2480 381 2524 415 D,

1322 435 1370 467 De
1392 435 1601 490 Conamiffzriis
1625 438 1668 471 ad
1693 438 1876 472 audiendum
1896 440 2071 474 Cardinales
2090 468 2099 484 ,
2134 454 2168 475 ut
2186 445 2374 479 Mediatores
2391 423 2505 497 51ιῖᾢὲ

1385 485 1472 515 Pacu
1489 494 1566 516 mter
1584 488 1693 533 Regem
1711 491 1747 525 (ᾖν
1764 486 1933 534 Philippum
1949 489 1984 521 de
2004 490 2113 533 Valesto
2124 519 2133 533 ‚
2159 492 2317 536 dqsffinatis.

1324 568 1379 623 R
1391 566 1416 597 E
1427 566 1465 613 X=
1483 567 1648 613 Universis,
1687 570 1810 601 raesentes
1828 571 1932 603 Literas
1944 574 2121 613 inspesturis,
2140 575 2272 608 Salutem.
2389 565 2442 591 An·
2460 571 2506 591 ²⁰⁹

1356 643 1360 647 ·
1385 645 1390 649 η
1417 605 1499 652 Cum
1514 630 1532 651 ,ι
1548 608 1653 651 δεηξὶιι
1666 618 1740 639 imus
1760 610 1788 638 in
1811 608 1928 642 Christo
1943 612 2024 642 Pater
2058 613 2202 646 Dominus
2219 615 2352 647 Clemens
2388 604 2418 627 E.
2437 611 2463 637 3·

1320 640 1429 673 Dlvma
1447 643 1629 676 Prowdentia
1640 669 1649 684 ,
1669 646 1742 684 Papa
1756 647 1869 685 Sextus,
1888 637 2071 681 Reverendos
2082 651 2192 691 Patres,
2210 653 2236 683 A
2252 639 2371 693 Episco³
2388 640 2524 667 F'am'm'

1320 690 1388 717 pum
1410 682 1647 728 Tusculanensem
1661 707 1670 722 ,
1684 685 1731 728 ⁵&
1752 685 1780 715 S.
1800 686 1836 729 de
1851 687 1937 718 Claro
1954 688 2076 726 Monte,
2096 689 2272 730 Cardinalcs,
2290 694 2370 724 Sedis
2389 681 2485 713 E‘3'p‘
2497 687 2524 706 ²⁸

1321 718 1495 764 Apostolicae
1510 721 1662 760 Nuncios,
1681 733 1709 752 in
1725 723 1747 753 F
1749 734 1889 762 ranetam,
1908 736 1938 756 ut
1951 726 2120 758 Mediatores
2135 728 2213 760 Pacis
2225 731 2296 761 inter
2304 731 2371 762 Nos
2387 724 2478 743 m‘w'

1322 758 1354 788 ὃς
1372 758 1531 789 Dominum
1547 760 1707 798 Philippum
1722 761 1757 791 de
1774 762 1900 802 Valefio,
1915 765 2105 804 transmiserit,
2374 769 2377 772 '

1360 795 1397 827 Et
1417 797 1495 835 super
1517 798 1580 842 hoe
1596 799 1664 829 dieti
1687 797 1845 830 Cardinales
1862 824 1872 839 ,
1899 804 1968 832 inter
1988 803 2036 832 alia
2052 828 2061 840 ‚
2080 814 2130 833 nos
2144 804 2316 842 requiserunt
2328 815 2377 847 ut,

1325 844 1438 878 propter
1454 837 1529 874 hoc,
1547 837 1687 875 aliquem,
1705 837 1742 868 de
1758 848 1815 876 quo
1828 839 2013 878 confidimus,
2033 841 2067 871 ad
2083 852 2183 872 eorum
2199 843 2378 877 Praesentiam

1326 882 1439 903 mittere
1452 883 1629 913 curaremuS,
1661 903 1666 908 .

1363 911 1446 949 Nos,
1462 912 1498 941 de
1514 914 1768 951 circumspeffione
1788 915 1925 954 provida,
1942 915 2111 947 dilectorum
2127 917 2307 951 Clericorum
2324 930 2379 952 no-

1327 948 1447 998 iftrorum
1458 974 1471 994 Ι,
1491 950 1619 995 Magistri
1639 953 1763 983 Andreae
1782 954 1818 983 de
1841 953 1950 984 Offord
1967 978 1976 992 ,
1991 954 2066 992 juris
2082 955 2180 986 Civilis
2194 958 2379 998 Profeffofis,

1326 990 1359 1018 oc
1383 988 1530 1018 Willielmi
1553 990 1589 1019 de
1611 989 1732 1021 Bomere
1755 991 1896 1023 Canonici
1919 993 2063 1023 Suthwell.
2080 993 2155 1031 Juris
2167 994 2270 1036 Periti,
2287 997 2378 1028 confi-

1327 1026 1439 1070 dentes,
1457 1027 1496 1056 ob
1510 1030 1692 1058 reverentiam
1706 1029 1830 1060 Domini
1842 1031 1953 1060 Summi
1968 1029 2129 1070 Pontificis,
2149 1034 2181 1064 ὃς
2196 1034 2290 1074 Sedis,
2308 1047 2380 1074 prce·

1325 1064 1467 1095 dit‘torum
1482 1088 1492 1102 ,
1515 1076 1548 1096 ac
1571 1067 1750 1104 praefatorum
1767 1066 1958 1099 Cardinalium
1974 1069 2148 1108 instantiam,
2166 1072 2235 1108 ipsos
2251 1074 2381 1105 ciericos

1326 1102 1453 1146 nostros,
1470 1105 1503 1133 &
1519 1104 1642 1141 ipsorum
1658 1105 1832 1145 quemlibet,
1849 1107 1882 1137 ad
1897 1109 2068 1145 praesenttam
2082 1109 2229 1140 dierorum
2244 1111 2380 1143 Cardina-

1326 1140 1395 1171 lium
1414 1141 1590 1179 providimus
1603 1142 1796 1181 destinandos,

1364 1179 1410 1208 Ad
1436 1179 1629 1211 insinuandum
1649 1182 1682 1211 ὃ(
1703 1182 1902 1219 exponendum
1918 1184 2020 1215 eisdem
2032 1184 2189 1216 ordinatam
2204 1187 2381 1218 voluntatem

1326 1217 1451 1247 nostram
1467 1219 1494 1247 in
1510 1219 1562 1249 hac
1577 1228 1671 1258 parte,

1364 1256 1401 1285 Et
1415 1256 1648 1300 rid-audiendum,
1667 1258 1886 1296 reportandum,
1899 1260 1932 1290 ὃ(
1948 1260 2124 1292 referendum
2140 1264 2220 1293 nobis
2233 1275 2296 1302 quae
2311 1264 2381 1297 disti

1327 1292 1420 1323 Patres
1432 1295 1542 1333 dicere,
1560 1296 1665 1333 facere,
1685 1297 1728 1326 vel
1744 1297 1892 1327 ostendere
1907 1299 2046 1330 voluerint
2061 1301 2088 1329 in
2104 1302 2255 1337 premiffis.

1364 1332 1431 1363 Dat.
1449 1335 1477 1363 iii
1492 1333 1596 1365 Palatio
1610 1334 1708 1365 nostro
1724 1335 1927 1366 westmonast.
1946 1338 2079 1368 vicesimo
2094 1341 2139 1369 die
2154 1341 2264 1378 Aprilis.

1541 1461 1646 1491 Lirem
1663 1459 1744 1504 mrffs
1766 1459 1976 1493 Cardirmlibus
1984 1462 2178 1508 stzpradiffis,

1337 1543 1630 1597 REVERENDi
1656 1543 1832 1575 Pan-ms.
2406 1540 2538 1573 Ann.D.

1430 1581 1573 1612 Mittimus
1594 1582 1628 1612 ad
1649 1581 1829 1614 Paternitates
1845 1583 1966 1621 vestras,
1982 1584 2118 1616 diiestum
2133 1586 2319 1618 Secretarium
2334 1599 2387 1620 no-
2425 1581 2509 1620 1346·

1332 1616 1439 1658 strum,
1460 1619 1630 1659 Magistrum
1652 1619 1796 1651 Andream
1817 1621 1854 1652 de
1877 1622 1985 1652 Offord
1999 1647 2008 1660 ,
2032 1623 2106 1661 juris
2128 1624 2226 1656 Civilis
2241 1626 2385 1659 Professo-
2406 1623 2457 1647 An.
2475 1630 2520 1648 20·

1332 1665 1412 1696 rem,
1428 1658 1463 1688 de
1475 1657 1635 1689 Intentione
1649 1658 1761 1698 nostra,
1778 1660 1861 1690 vobis
1875 1661 2057 1700 exponenda,
2072 1663 2178 1699 plenius
2189 1665 2386 1704 informatum,
2410 1662 2435 1685 Ε·
2460 1669 2484 1695 3·

1367 1696 1427 1727 Vos
1441 1705 1573 1737 ,rogantes
1596 1699 1722 1734 quatinus
1743 1698 1834 1736 ipsum
1855 1698 1997 1729 Andream
2020 1701 2109 1731 velitis
2122 1705 2386 1735 recommendatum
2407 1701 2479 1724 Bm·
2495 1700 2541 1725 2⁰ss

1332 1735 1436 1765 habere
1447 1760 1457 1774 ,
1478 1738 1512 1765 δε
1532 1735 1596 1765 beni
1619 1737 1654 1765 ne
1673 1735 1767 1766 audire
1781 1759 1792 1775 ,
1811 1737 1895 1775 eique
1909 1738 1938 1767 in
1952 1738 2076 1768 dicendis
2089 1749 2121 1770 ex
2135 1750 2214 1778 parte
2227 1742 2323 1773 nostra
2339 1743 2388 1773 Fi·
2409 1740 2441 1762 E.
2456 1746 2481 1774 3-
2497 1743 2536 1764 m·

1334 1773 1402 1804 dem
1415 1773 1569 1804 Credulam
1584 1784 1599 1803 a
1620 1774 1724 1804 hibere.
2413 1784 2440 1802 2.

1372 1812 1440 1843 Dat.
1460 1813 1490 1842 in
1504 1811 1610 1843 Palatio
1625 1811 1723 1842 nostro
1737 1811 1943 1843 Westmonast.
1963 1814 2099 1845 vicesimo
2113 1816 2160 1847 die
2174 1818 2285 1856 Aprilis.

1337 1937 1396 1972 Ad
1414 1947 1515 1984 gentes
1538 1935 1684 1970 Flandriae
1703 1959 1712 1975 ‚
1746 1934 1782 1968 de
1806 1935 1894 1968 distis
1916 1919 2127 1983 CommisJJariis
2149 1939 2192 1972 ad
2208 1940 2392 1976 audiendum

1545 1985 1683 2032 praefatos
1699 1984 1874 2018 cardinales
1882 1985 2068 2030 sblummoct'o
2083 1986 2179 2030 mg'ffis.

1339 2070 1419 2132 LE
1440 2071 1500 2101 Roi
1514 2081 1540 2115 as
1555 2069 1784 2115 Burghrnesters,
1803 2068 1966 2109 EskyvynS,
1986 2069 2109 2102 Conselx
2122 2097 2131 2110 ‚
2151 2074 2184 2104 &c
2201 2073 2340 2114 Avowes,
2359 2075 2395 2107 de
2419 2077 2545 2109 Annl'),

1412 2110 1449 2140 les
1461 2109 1550 2139 TrOis
1563 2110 1652 2138 bones
1667 2108 1756 2139 Villes
1770 2108 1805 2139 de
1821 2108 1937 2146 Gaunt,
1955 2108 2090 2148 Brugges,
2109 2113 2142 2141 &
2160 2112 2222 2152 Ipre
2229 2136 2239 2151 ,
2254 2114 2357 2144 Salutz.
2438 2118 2522 2156 1346.

1379 2147 1494 2186 Come,
1512 2148 1548 2177 les
1565 2147 1727 2178 Reverentz
1747 2146 1839 2177 Pieres
1852 2156 1887 2177 en
1904 2146 1978 2177 Dieu
1995 2171 2004 2184 ,
2020 2148 2058 2178 les
2073 2147 2222 2181 Cardinalz
2236 2151 2272 2182 de
2286 2152 2397 2190 Naples
2416 2161 2467 2184 An.
2484 2167 2529 2184 20.

1340 2187 1374 2218 &
1397 2186 1433 2217 de
1452 2184 1623 2216 Cleremont
1635 2208 1645 2224 ,
1671 2186 1793 2216 envoiez
1807 2196 1822 2215 a
1835 2195 1905 2215 nous
1917 2185 1999 2225 depar
2013 2186 2108 2217 nostre
2122 2188 2201 2219 Seint
2214 2189 2294 2220 Piere
2307 2191 2333 2221 le
2345 2191 2397 2222 Pa·
2419 2199 2447 2221 E.
2489 2217 2495 2223 .

1363 2235 1397 2264 e,
1415 2225 1451 2255 de
1474 2225 1541 2255 faire
1559 2224 1664 2254 Tretee
1683 2224 1719 2254 de
1741 2223 1809 2254 Pees
1830 2232 1909 2254 entre
1929 2234 2001 2254 nous
2021 2225 2054 2255 &
2074 2226 2169 2256 nostre
2184 2227 2345 2260 Adversaire
2357 2230 2393 2260 de
2412 2233 2551 2268 Clausao.

1342 2236 1467 2303 {F'mnce'
1483 2273 1499 2293 a
1520 2273 1553 2294 ce
1572 2262 1610 2300 qil
1632 2272 1703 2292 nous
1724 2271 1776 2292 ont
1795 2261 1872 2292 done
1893 2262 2045 2301 entendre,
2063 2273 2134 2295 nous
2149 2267 2237 2304 eient‚
2251 2277 2334 2299 avant
2346 2278 2393 2300 ces
2417 2275 2446 2298 Ε.
2458 2280 2483 2307 3.
2489 2278 2512 2307 p.
2526 2279 2550 2297 i„

1341 2303 1457 2339 heures,
1476 2303 1574 2333 fovent
1587 2301 1658 2331 foitz
1671 2301 1778 2338 requis,
1796 2310 1844 2339 par
1856 2300 1919 2331 lour
1934 2300 2060 2339 Lettres,
2077 2302 2113 2332 de
2127 2303 2189 2334 lour
2204 2305 2318 2336 mandet
2332 2317 2392 2338 noz
2412 2319 2448 2339 m.
2468 2319 2509 2336 ιο,
2526 2309 2550 2335 d.

1343 2341 1455 2372 Lettres
1474 2341 1510 2370 de
1533 2339 1670 2378 Conduyt
1683 2363 1693 2378 ,
1713 2339 1772 2377 q'ils
1791 2341 1824 2370 δε
1843 2338 1905 2368 lour
1928 2338 2056 2370 Meisnee
2078 2343 2220 2378 purroient
2233 2343 2397 2377 stuvement

1345 2381 1423 2412 venir
1437 2390 1451 2410 a
1467 2389 1537 2410 nous
1552 2388 1588 2408 en
1605 2377 1771 2414 Engleterre
1784 2387 1835 2414 pur
1850 2377 1874 2407 la
1888 2376 1967 2407 cause
1979 2378 2103 2418 suisditC,

1382 2418 1420 2449 Et
1433 2427 1504 2449 nous
1518 2418 1580 2447 lour
1595 2425 1683 2446 avons
1698 2416 1854 2453 respOnduz
1873 2425 1928 2453 que
1940 2425 2011 2446 nous
2024 2427 2059 2447 ne
2074 2428 2204 2458 purrons,
2220 2429 2255 2451 ne
2268 2430 2306 2451 ne
2313 2432 2399 2453 vour-

1345 2457 1420 2487 rions
1435 2481 1444 2495 ‚
1470 2457 1542 2487 tenir
1564 2455 1627 2485 tiele
1649 2454 1679 2484 T
1681 2463 1757 2484 retee
1771 2455 1893 2492 ovesqve
1908 2463 1978 2492 eux,
1996 2454 2060 2485 sanz
2074 2455 2173 2487 Arserit
2187 2458 2224 2488 de
2237 2469 2306 2490 vous
2318 2461 2352 2492 &c
2366 2460 2403 2491 de

1345 2495 1439 2526 nostre
1451 2502 1540 2525 autres
1555 2493 1657 2523 Allietz
1671 2503 1699 2523 es
1711 2493 1808 2530 parties
1822 2491 1859 2522 de
1871 2492 1931 2522 dela
1939 2517 1949 2530 ‚

1385 2534 1421 2564 Et
1440 2535 1468 2572 ja
1489 2533 1520 2563 ils
1541 2542 1612 2562 nous
1628 2540 1695 2561 eont
1711 2530 1848 2560 dereches
1862 2533 1969 2569 requis,
1984 2541 2040 2561 ove
2053 2541 2132 2571 grant
2142 2533 2284 2574 instance,
2302 2537 2336 2567 &
2349 2547 2401 2574 pui-

1347 2573 1438 2603 l'onur
1460 2571 1556 2602 nostre
1579 2570 1620 2599 dit
1640 2570 1717 2599 Seint
1735 2568 1816 2599 Piere
1835 2569 1862 2599 le
1882 2568 1958 2606 Pape
1973 2593 1982 2607 ,
2000 2571 2070 2600 ciant
2085 2572 2198 2611 regarde
2212 2583 2226 2602 a
2242 2574 2305 2604 lour
2319 2576 2403 2615 longe

1349 2611 1492 2642 Demoers
1506 2633 1516 2649 ,
1541 2609 1663 2639 voillons
1677 2608 1792 2638 envoier
1806 2618 1820 2638 a
1835 2615 1887 2637 eux
1900 2609 1994 2638 ascuns
2008 2609 2043 2638 de
2055 2619 2113 2640 noz
2125 2609 2238 2650 Foialx,
2256 2622 2292 2642 eri
2309 2622 2402 2651 queux

1349 2660 1421 2680 nous
1436 2648 1524 2687 fions,
1543 2648 1578 2677 de
1593 2655 1674 2677 treter
1689 2646 1812 2683 ovesque
1826 2655 1895 2683 eux,

1387 2689 1405 2707 ³*
1426 2687 1513 2717 Nous
1534 2691 1663 2723 <comem
1682 2694 1738 2722 que
1759 2694 1829 2713 nous
1844 2684 1933 2713 soions
1947 2692 2016 2713 touz
2025 2686 2101 2722 jours
2116 2685 2282 2719 demorantz
2297 2698 2333 2718 en
2348 2699 2403 2720 no-

1351 2726 1405 2756 stre
1418 2727 1538 2763 primere
1554 2725 1668 2764 purpos)
1685 2723 1762 2752 nient
1776 2724 1880 2759 meins,
1892 2732 1906 2751 a
1920 2722 1944 2751 la
1959 2733 2108 2753 reverence
2119 2724 2155 2754 de
2170 2726 2263 2756 nostre
2275 2726 2314 2757 dit
2325 2727 2403 2760 Seint

1351 2765 1448 2802 Piere,
1463 2765 1496 2793 δε
1512 2762 1558 2791 des
1572 2763 1631 2792 ditz
1643 2760 1809 2798 Cardinabi,
1826 2770 1873 2797 par
1887 2761 1943 2790 avis
1956 2760 1991 2791 de
2006 2760 2099 2791 nostre
2115 2761 2246 2801 Conseil,
2264 2766 2353 2796 sumes
2365 2777 2406 2797 as..

1352 2804 1446 2833 sentuz
1461 2802 1604 2831 d'envoier
1618 2810 1633 2829 a
1651 2809 1720 2836 eux,
1738 2799 1778 2828 s’il
1791 2809 1861 2829 vous
1875 2798 1979 2828 semble
1993 2810 2048 2837 que
2064 2810 2098 2831 ce
2113 2801 2163 2832 soit
2175 2802 2270 2833 affaire
2309 2805 2405 2835 nostre

1352 2842 1436 2871 chere
1458 2838 1544 2869 Clerc
1568 2837 1678 2868 Mestre
1698 2837 1812 2867 Andr-eu
1833 2837 1869 2867 de
1890 2836 1997 2868 Offord
2022 2838 2195 2871 Proffeffeur
2216 2841 2252 2871 de
2272 2826 2352 2881 fleis,
2371 2845 2405 2875 &

1352 2879 1463 2909 Mestre
1484 2877 1614 2906 William
1638 2875 1759 2906 Bomere
1774 2898 1783 2913 ,
1809 2885 1847 2905 ou
1869 2884 1906 2905 un
1919 2884 1996 2906 autre
2009 2886 2064 2914 que
2081 2887 2150 2908 vous
2162 2889 2314 2919 nomerez,
2333 2890 2406 2912 tant-

1353 2917 1508 2947 soulement
1528 2925 1560 2944 au
1585 2916 1638 2944 lieu
1653 2937 1662 2952 ,
1685 2924 1724 2944 ou
1745 2913 1776 2943 ils
1795 2914 1939 2952 pur-roient
1956 2915 2114 2946 seui-ement
2134 2917 2212 2946 venir
2225 2941 2234 2955 ,
2252 2918 2288 2948 de
2301 2920 2361 2950 oier
2374 2931 2407 2950 ce

1354 2955 1433 2993 qu'ils
1448 2962 1585 2985 vourront
1599 2953 1678 2990 dire,
1695 2962 1733 2981 ou
1748 2951 1905 2989 monstret,
1925 2952 1942 2981 si
1959 2952 2019 2990 q'ils
2035 2954 2173 2986 n'entrent
2187 2958 2267 2994 point
2282 2967 2316 2987 en
2332 2958 2408 2988 Tre-

1354 3003 1398 3032 te,
1417 2996 1449 3024 ὃς
1464 2992 1499 3022 de
1514 3000 1638 3028 reportet·
1653 3001 1668 3020 a
1682 3000 1753 3020 nous
1768 2989 1831 3020 loui·
1843 2991 2005 3028 entention,

1394 3032 1446 3061 Par
1470 3031 1539 3068 quoi
1562 3039 1633 3059 vous
1654 3029 1765 3058 Priorns
1789 3038 1844 3066 que
1865 3028 1908 3058 sur
1931 3029 2018 3060 cestes
2043 3029 2138 3061 choses
2159 3031 2274 3062 voilletz
2289 3033 2407 3065 hastive-

1355 3079 1434 3101 ment
1448 3069 1532 3099 aviser
1542 3091 1550 3105 ,
1567 3069 1599 3099 &r
1614 3067 1681 3101 faire
1698 3076 1744 3096 eut
1759 3076 1793 3096 ce
1809 3076 1863 3104 que
1879 3066 1964 3096 mielz
1978 3077 2048 3098 vous
2062 3068 2165 3099 semble
2186 3080 2240 3108 quc
2261 3071 2311 3102 soit
2324 3084 2338 3102 a
2354 3074 2408 3102 ho-

1355 3119 1425 3139 nure
1441 3108 1474 3138 &
1489 3105 1570 3145 profit
1586 3105 1621 3135 de
1636 3116 1707 3136 nous
1724 3107 1755 3135 &
1770 3105 1805 3134 de
1818 3114 1887 3142 VOS,
1905 3106 1938 3135 ὃς
1959 3115 2015 3144 que
2036 3106 2130 3137 nostre
2151 3108 2191 3138 dit
2212 3108 2297 3140 Clerc
2318 3111 2408 3148 puiise

1355 3146 1411 3178 tost
1426 3146 1497 3176 estre
1511 3145 1625 3174 delivers
1639 3145 1671 3174 ὅτ
1687 3152 1811 3174 retorncr
1826 3153 1840 3172 a
1855 3153 1934 3173 nous.

1393 3185 1474 3215 Don.
1493 3193 1508 3213 a
1522 3182 1619 3213 nostre
1635 3182 1730 3221 Paleys
1744 3182 1779 3212 de
1793 3180 1916 3211 VVestm.
1936 3181 1960 3212 Ie
1975 3191 2013 3211 22
2029 3181 2175 3214 d’Avcrill.

2421 2695 2555 2732 *ξω-η.

1419 3327 1512 3369 Super
1529 3324 1661 3367 Gloricifis
1680 3321 1852 3366 Sticcrfftbtts
1869 3327 1900 3355 in
1920 3324 2063 3368 VTzftom'a
2074 3350 2083 3366 ,
2110 3328 2146 3362 ᾤ’
2164 3324 2199 3358 de
2223 3327 2344 3362 orando.

1357 3422 1411 3475 R
1423 3418 1447 3449 E
1458 3417 1505 3457 X,
1524 3417 1629 3448 dileffto
1644 3417 1693 3447 sihi
1707 3419 1733 3447 in
1756 3416 1874 3447 Christo

1431 3456 1651 3486 praedicatorum
1666 3455 1844 3493 Londoniug
1863 3455 1995 3485 Salutem.

2015 3433 2020 3438 ·
2041 3416 2133 3448 Priori
2153 3418 2258 3450 ordinis
2279 3420 2407 3452 Fratrum
2429 3423 2504 3455 Ann.
2519 3423 2560 3456 D.

1392 3495 1491 3534 Qifim
1507 3494 1645 3525 Gloriolis
1657 3495 1689 3524 &
1707 3493 1871 3524 Vitfftoriolis
1885 3493 2077 3530 Succeffibus,
2097 3494 2345 3533 Commag-,rincum
2353 3508 2408 3528 no-
2423 3465 2538 3530 Aristi.

1351 3532 1440 3563 strum
1453 3531 1637 3569 carissimum,
1655 3532 1805 3562 Comitem
1820 3532 2005 3569 Lancastriae,
2025 3531 2102 3568 super
2117 3531 2407 3570 ExpeditioneGuer-
2429 3545 2459 3567 E.
2478 3550 2503 3576 3.

1353 3581 1391 3601 rae
1414 3571 1517 3601 nostrae
1540 3572 1567 3600 in
1588 3571 1707 3608 partibus
1719 3570 1922 3600 Transmarinis
1934 3578 2079 3608 agentern,
2097 3572 2218 3607 gratiose
2233 3572 2322 3603 nostri
2337 3585 2408 3612 prae-
2426 3578 2561 3613 Clausae.

1354 3611 1463 3640 venerit
1484 3608 1646 3639 Clementia
1667 3608 1814 3638 Salvatoris
1828 3631 1837 3646 ,
1862 3618 1920 3637 non
1943 3607 1984 3637 est
2004 3608 2103 3644 vobis,
2123 3617 2152 3638 ut
2166 3611 2346 3650 arbitramur,
2365 3614 2409 3643 in-
2431 3622 2525 3653 E.3.p.
2539 3625 2560 3641 ι.

1353 3649 1521 3686 cognitum,
1540 3649 1611 3677 cum
1632 3646 1663 3676 fit
1680 3647 1736 3685 jam
1760 3656 1808 3683 per
1832 3646 1934 3675 Mundi
1950 3645 2072 3676 Climata
2088 3646 2282 3686 divulgatum,
2300 3649 2336 3679 de
2352 3661 2411 3690 quo
2431 3665 2468 3683 m,
2485 3663 2526 3680 ii.

1356 3685 1425 3716 Deo
1443 3686 1503 3723 (qui
1516 3685 1561 3716 dat
1576 3685 1700 3716 Virtutes
1715 3685 1747 3714 δε
1765 3684 1897 3718 Praemia)
1913 3684 2023 3714 Laudes
2035 3683 2188 3716 &Gratias
2202 3685 2335 3719 solvimus
2343 3699 2411 3727 quas

1355 3724 1489 3755 valemus.

1393 3761 1504 3792 Verum
1526 3761 1594 3792 cum
1617 3760 1749 3790 Rebelles
1769 3760 1858 3790 nostri
1881 3759 2007 3790 Franciae
2019 3784 2028 3798 ‚
2047 3759 2148 3791 Causae
2163 3760 2268 3793 iiostrae
2277 3763 2413 3802 justitiam

1356 3800 1500 3830 attendere
1516 3810 1575 3829 non
1589 3809 1715 3829 curantes
1747 3799 1804 3836 jam
1822 3807 1956 3837 magnum
1975 3799 2008 3828 &
2030 3799 2280 3836 superimmensum
2295 3812 2415 3842 congre-

1358 3839 1485 3876 gaverint
1508 3838 1691 3867 Armatorum
1739 3838 1877 3867 xercitum
1894 3859 1904 3874 ,
1930 3837 1964 3866 ad
1984 3836 2093 3867 dietum
2115 3836 2364 3877 Consanguineum
2380 3843 2414 3871 &

1357 3877 1424 3907 alios
1440 3876 1546 3906 Fideles
1561 3875 1689 3913 nostros,
1706 3875 1801 3905 secum
1814 3883 1941 3914 agentes,
1979 3884 2062 3904 aucos
2077 3885 2136 3912 quo
2150 3875 2184 3906 ad
2200 3876 2292 3908 distos
2308 3877 2414 3908 Rebel-

1358 3915 1395 3983 ξε
1415 3914 1569 3982 Respectus
1583 3937 1593 3952 ,
1619 3912 1838 3951 expugnandum
1852 3935 1862 3951 ‚
1888 3914 1921 3944 &
1974 3922 2046 3943 erras
2068 3913 2175 3944 nostras
2189 3914 2323 3946 hostiliter
2336 3917 2414 3947 insa-

1379 3963 1412 3983 en
1436 3963 1500 3990 uin,

1396 3991 1464 4021 Nos

1398 4015 1584 4059 Atter'identes
1597 4026 1675 4066 quod
1688 4026 1816 4058 Vi&ona
1830 4036 1890 4057 non
1905 4026 1945 4057 est
1960 4036 1994 4058 ex
2007 4026 2138 4059 Homine
2151 4029 2196 4060 sed
2211 4038 2245 4059 ex
2259 4028 2342 4067 Deo,
2351 4032 2418 4068 qui,

1355 4069 1431 4109 quta
1446 4067 1500 4097 suae
1515 4067 1693 4097 miserationis
1707 4066 1866 4103 arbitrium,
1885 4065 1922 4096 fic
1938 4067 1966 4096 in
1980 4064 2079 4098 Paucis
2095 4068 2190 4098 liberat
2204 4076 2233 4097 ut
2246 4068 2274 4097 in
2290 4066 2391 4097 Multis
2406 4091 2417 4106 ,

1396 4106 1440 4136 Ac
1455 4105 1590 4142 sperantes
1607 4104 1778 4135 Orationutn
1798 4103 1953 4144 Suffragia,
1970 4104 2004 4135 ad
2026 4105 2066 4135 im
2090 4105 2230 4136 errandam
2250 4105 2342 4135 eidem
2355 4104 2420 4135 Co-

1359 4144 1440 4182 miti,
1458 4144 1491 4174 &
1513 4143 1570 4174 aliis
1594 4142 1736 4174 Fidelibus
1757 4141 1858 4174 nostris
1876 4165 1886 4183 ,
1909 4142 2053 4183 praevalen
2073 4153 2082 4174 i
2101 4145 2216 4183 gratiam
2228 4166 2239 4182 ,
2264 4143 2423 4213 Plurimllm

1358 4191 1517 4221 oportuna,
2362 4215 2364 4218 ,
2392 4191 2427 4213 οε
