2562 4279
95 185 176 237 136
523 156 1169 213 CONVENTION

0 267 80 299 n.D.
101 275 182 306 nant,
202 266 235 298 &
248 263 337 295 forsan
352 262 439 300 aliqua
452 260 597 298 impetrare
611 255 735 286 nitentur
755 263 820 293 qua:
839 254 868 283 iri
887 249 1084 295 praejudicium
1103 254 1157 277 no-

0 316 59 346 325.
101 306 191 337 strum
208 304 369 338 tenderent,
388 301 421 330 &
436 297 538 328 formae
551 295 730 334 Treugarnm
743 316 753 332 ,
771 293 844 323 inter
864 301 915 322 nos
936 296 1084 333 initarum,
1103 293 1158 314 no-

0 357 23 373 υ.
41 355 68 374 2.
102 345 183 376 toriae
195 342 357 377 obviarent,
376 345 495 376 quarum
510 334 632 365 formam
647 331 747 362 vestrae
766 331 913 363 Sanctitati
935 328 1001 358 alias
1023 325 1160 360 misimuS,

102 384 136 414 &
169 390 203 411 ex
217 377 401 414 habundanti,
420 374 558 405 mittimus
571 372 688 402 iterato:
944 405 950 411 ο
979 404 988 412 ἢ

138 403 283 450 ἐωᾶίῑπὶ
295 414 395 446 vestrae
406 414 471 443 totis
486 410 636 443 affectibus
647 409 832 449 supplicamus
847 430 857 446 ,
879 414 1013 448 quatinus⁹
1025 426 1034 440 ,
1052 401 1087 433 ad
1102 401 1160 431 for·

102 467 178 488 mam
191 456 332 486 die'carum
344 453 520 489 Treugarum
529 472 538 488 ‚
555 449 576 480 fi
588 449 679 487 placet
687 469 697 487 ,
714 447 840 478 debitam
851 444 1105 476 considerationem
1112 439 1162 468 ha-

103 498 215 532 bentes,
233 503 292 523 non
304 493 369 522 sinat
383 489 474 520 vestra
487 489 659 527 Benignitas‚
677 495 777 517 contra
793 484 912 524 ipsarum
930 483 1109 525 Treugarum
1122 486 1164 507 te-

103 542 222 570 norem,
241 533 392 571 quicquam
404 528 480 568 fieri,
498 527 543 558 vel
561 528 578 558 a
597 525 753 557 Sanctitatis
773 523 875 555 vestrae
893 521 983 553 Curia
1002 517 1104 558 aliquid
1124 522 1163 546 at-

103 580 159 603 tem
182 579 241 601 tari.

147 581 236 641 *pPro
249 607 367 648 pleniori
380 614 473 638 autem
486 604 685 635 informatione
699 598 1086 643 praemifforum,&aliorurn
1099 592 1167 637 Ne-

0 654 37 678 .-0.
106 652 251 691 gotiorum
265 645 429 678 nostrorum
441 643 639 683 expeditione,
657 642 818 678 mittemus,
832 641 863 670 in
878 639 967 675 brevi,
981 636 1014 667 ad
1027 632 1166 675 Sandtita-

107 692 142 721 tis
158 689 259 721 vestrae
276 684 451 727 praesentiam
467 706 477 721 ,
503 681 636 720 quosdam
659 680 696 710 de
716 678 818 710 nostris
831 701 840 717 ,
859 678 913 708 una
931 685 1000 706 cum
1024 669 1165 710 Magistro

105 728 218 759 Andrea
232 725 318 764 Sapiti
327 747 337 762 ,
354 723 403 761 qui
417 731 495 752 nunc
510 720 550 750 est
564 719 637 758 apud
649 728 719 758 nos,
737 727 808 756 quos
821 715 911 747 vestra
921 737 932 754 ,
949 714 969 745 fi
983 712 1091 752 placet,
1104 717 1167 749 gra-

103 768 173 798 tiose
187 765 310 804 suscipiat
322 761 484 793 Clementia
497 758 637 790 consueta.

139 804 315 842 Conservet,
332 802 393 833 &c.
483 838 489 843 ,
628 836 634 841 ι
837 833 843 838 .
931 831 947 837 ..

177 843 247 874 Dat.
261 840 335 882 apud
349 837 556 875 Porcestriam,
573 835 688 867 decimo
701 841 800 874 quarto
815 832 861 864 die
876 830 958 863 Maii.

149 970 257 1002 Litera
279 968 366 1013 Regis
394 966 525 998 Franciae
538 960 614 1045 ,Αἶα
641 955 834 1003 Potistatibus
857 954 902 990 ad
924 952 1121 1005 trab‘bandum

609 1014 696 1045 Pace.

82 1115 89 1123 ·
108 1099 289 1165 KArolus,
306 1099 365 1131 Dei
376 1098 479 1141 gratia,
496 1099 624 1131 Francia:
639 1096 672 1127 &
689 1093 829 1125 Navarrae
841 1087 1168 1130 Rex,Univerfis‚prae-

194 1142 280 1171 sentes
298 1140 403 1171 Literas
417 1139 598 1180 inspecturis,
615 1134 747 1177 Salutem.
860 1169 865 1173 η
1027 1163 1032 1168 ,
1145 1162 1151 1168 ,

144 1179 263 1211 Notum
277 1179 396 1209 facimus
408 1177 489 1218 qued
503 1186 571 1215 nos,
586 1175 621 1207 de
635 1173 763 1206 fidelitate
784 1170 817 1201 &
840 1163 1092 1204 circumspeetione
1101 1185 1111 1202 ,
1123 1161 1166 1194 di-

1 1219 27 1238 ²·
107 1218 250 1251 lectorum
263 1218 297 1249 &
310 1216 447 1256 fidelium,

147 1297 181 1326 Ρ.
199 1294 365 1336 Vivarienfis
378 1293 508 1335 Epifiopi,

143 1334 258 1376 Affonst
273 1335 304 1364 de
319 1334 448 1373 ispania,
466 1330 657 1371 Consanguinei
673 1325 765 1368 »ιο-βῆ,

147 1377 183 1404 G.
197 1373 396 1415 constabularii
411 1374 543 1408 Franciae,

143 1411 274 1452 Magistri
287 1412 427 1451 Johannis
441 1408 612 1440 eerchemont
625 1403 800 1441 Cancellarit‘,

143 1452 218 1489 Hug.
234 1451 266 1480 de
279 1449 432 1480 Chalancon
445 1449 569 1478 Cantoris
581 1444 758 1481 claramont,

146 1491 189 1519 Et
204 1488 351 1519 Guillielmi
364 1487 438 1518 Flore
451 1487 563 1516 Domini
577 1485 609 1515 de
621 1481 732 1523 Ruello,
752 1477 867 1517 Militis,

146 1526 379 1559 consiliariorum
394 1524 556 1556 nostrorum
564 1546 575 1563 ‚

143 1604 266 1637 Plenam
279 1603 412 1635 fiduciam
425 1603 582 1641 optinentes
591 1623 601 1639 ,
613 1599 686 1638 ipsos
701 1597 837 1633 facimus,
856 1591 1035 1631 ordinamus,
1052 1591 1087 1622 &
1100 1597 1172 1621 con-

110 1643 250 1676 stituimus
264 1653 346 1675 veros
357 1643 390 1675 &
405 1642 544 1682 legitimos
557 1639 760 1671 Procuratores
773 1634 900 1672 nostros,
915 1642 948 1664 ac
962 1631 1100 1663 NunCios
1114 1629 1173 1668 spe-

108 1684 255 1753 elaIlgzsii’ites
267 1720 301 1752 δε
315 1719 504 1751 concedentes
517 1716 637 1754 eisdem,
653 1715 696 1745 sex
711 1737 722 1753 ‚
743 1713 883 1782 «astuque,
907 1718 1030 1749 quatuor
1041 1733 1050 1748 ,
1067 1710 1174 1748 tribus,

108 1761 143 1792 &
157 1760 269 1791 duobus
281 1768 399 1796 eorum,
414 1756 588 1798 generalem,
612 1755 723 1796 plenam
776 1790 781 1795 .
801 1751 917 1793 liberam
938 1747 1125 1786 potestatem,
1140 1758 1173 1792 ac

110 1799 226 1840 speciale
242 1797 422 1835 Mandatum,
440 1794 576 1827 tractandi
590 1792 625 1824 de
639 1793 839 1834 reformatione
852 1787 931 1818 Pacis
946 1787 980 1818 δε
996 1785 1173 1831 Concordiae

111 1839 183 1869 inter
196 1836 279 1875 Nos,
297 1837 330 1867 &
344 1835 456 1874 Regem
472 1834 517 1865 An
538 1833 600 1868 liae,
615 1842 649 1862 ac
664 1830 700 1860 de
712 1830 764 1859 hiis
777 1837 841 1865 quae
855 1824 889 1870 ad
903 1825 1007 1870 Pacem
1023 1834 1174 1866 pertinent,

110 1877 145 1908 &
159 1876 237 1915 super
251 1874 385 1904 omnibus
398 1874 431 1904 &
445 1872 521 1911 singu
532 1873 553 1901 is
570 1868 742 1906 Discordiis,
759 1866 893 1909 Guerrisq,
912 1865 1031 1908 Litibiis,
1044 1864 1172 1909 Contro-

109 1915 219 1952 verfiis,
238 1912 350 1949 Causis,
370 1910 607 1952 QaestionibuS,
620 1907 779 1945 Dampnis‚
796 1903 917 1948 InjuriiS,
933 1903 1173 1941 petitionibus,&

112 1952 283 1983 Afflonibus
295 1951 414 1981 realibus
427 1950 459 1980 &
476 1947 664 1988 personalibus
677 1969 686 1984 ,
710 1953 792 1984 atque
813 1950 904 1986 mixtis
920 1965 930 1979 ,
954 1951 1018 1981 quae
1041 1941 1175 1979 fuerunt,

109 1991 184 2034 fint,⁴
194 1990 238 2020 vel
252 1990 308 2020 esse
323 1987 444 2029 possint,
458 1987 606 2018 occasione
618 1991 814 2025 quacumque,
832 1988 904 2010 inter
917 1980 997 2018 Nos,
1010 1980 1044 2010 &
1060 1980 1174 2019 Regem

107 2033 376 2099 Prffgt'TTaRatum
388 2061 547 2108 hu'ufinodi
560 2070 727 2107 quacunque
739 2057 869 2103 firmitate
882 2056 1002 2088 vallandi
1017 2080 1040 2101 ,·
1052 2056 1177 2100 petendi,

112 2102 274 2146 stipulandi,
291 2105 414 2143 recipien
436 2105 446 2134 i
481 2101 635 2141 retinendi,
653 2098 829 2140 paciscendi,
845 2096 1041 2137 componendi
1056 2119 1065 2134 ‚
1082 2098 1176 2127 tranli-

110 2144 215 2184 gendi,
233 2144 267 2175 &
283 2144 443 2174 convenien
464 2144 489 2173 i:

149 2183 194 2214 Ac
210 2184 239 2213 in
253 2192 346 2214 certos
361 2182 438 2213 diem
453 2181 486 2212 &
499 2181 599 2211 locum
608 2203 619 2218 ,
636 2175 825 2221 quibus-Nos·
839 2174 1020 2219 &praefatus
1035 2173 1100 2218 Rex
1113 2172 1175 2218 An-

110 2222 175 2261 gliae
188 2221 363 2262 personaliter
379 2220 585 2251 conveniamus
619 2218 638 2248 si
653 2215 785 2255 expedire
798 2213 918 2245 viderint
931 2236 945 2258 ³.
963 2212 1178 2250 consentiendi;

111 2271 146 2291 ac
159 2259 272 2290 eosdem
286 2259 363 2290 diem
379 2260 411 2289 &
425 2259 523 2288 locum
540 2241 639 2299 nostro
650 2255 768 2286 nomine
782 2252 959 2290 acceptandi:

152 2298 191 2329 Et
204 2298 349 2337 Treugas,
367 2297 423 2328 sive
439 2295 657 2340 Sufferentiam,
671 2295 747 2338 *inter
760 2291 828 2322 Nos
848 2291 882 2322 &
901 2290 1024 2335 eundem
1045 2288 1176 2333 Regem,

115 2335 165 2368 sub
182 2336 395 2375 quibuscunque
408 2335 521 2373 formis,
538 2333 584 2364 vel
598 2333 708 2370 modu,
722 2330 758 2361 de
770 2339 849 2360 novo
864 2328 1012 2369 capiendi,
1030 2328 1063 2358 ὅ(
1086 2336 1176 2356 inien-

116 2367 934 2446 iii’mp‘ffi‘uissffiifliinssiffiiui‘ssfflr}affl,“⁶123ngae²
959 2366 1016 2397 five
1033 2365 1179 2396 δώῃ·

194 2435 205 2457 >
346 2435 356 2450 ³
510 2432 520 2448 ²
671 2447 676 2452 .
782 2445 787 2449 .
849 2428 855 2434 ·
890 2444 896 2450 .

119 2442 921 2528 1132‘302‘23}‘sigafriesiffissffssssssfssgffi‘ff’
935 2442 1018 2473 (πει
1032 2465 1044 2481 ’
1061 2442 1095 2525 ὅῗ
1116 2442 1179 2482 ¹²¹u'

158 2528 206 2560 Ac
219 2529 316 2558 omnia
329 2528 363 2558 ὃ(
375 2526 476 2565 singula
493 2523 631 2562 faciendi,
648 2532 712 2563 quae
726 2522 787 2553 sunt
801 2520 882 2551 Pacis
895 2520 928 2550 &
945 2518 1133 2557 Concordiae,
1146 2519 1179 2550 &

118 2566 156 2598 ad
169 2566 282 2605 plenam
296 2565 402 2597 Pacem
417 2565 451 2596 &
465 2562 664 2594 Concordiam
677 2561 785 2592 valeant
804 2560 964 2597 pertinere,
984 2559 1017 2589 &
1039 2568 1104 2601 quae
1128 2567 1182 2588 nos

119 2605 291 2642 faceremus,
319 2604 364 2635 vel
383 2604 475 2635 facere
496 2601 638 2642 possemus
651 2623 662 2640 ,
688 2599 708 2631 fi
730 2597 876 2638 praesentes
895 2596 1029 2635 essemus,
1054 2595 1148 2627 Etiam
1162 2594 1181 2626 fi

120 2643 286 2675 mandatum
300 2644 410 2683 exigant
422 2640 552 2681 speciale:
856 2676 861 2681 .
877 2675 881 2680 ἰ
1021 2675 1026 2680 ¹

159 2681 297 2712 Volentes
308 2683 407 2712 omnia
420 2681 454 2712 ὃς
469 2679 591 2719 singula,
609 2676 759 2708 necessaria
775 2676 809 2707 &
819 2674 899 2719 'utilia
917 2674 951 2705 ad
973 2671 1183 2716 faciendum&

119 2719 329 2759 complendum
345 2718 499 2759 praemissa,
515 2719 548 2749 &
561 2716 711 2757 quodlibet
725 2712 934 2754 praemifforum
944 2736 954 2752 ,
969 2722 1022 2753 pro
1034 2710 1185 2748 specialiter

120 2758 249 2798 expressis
262 2758 478 2802 &enumeratis
493 2756 602 2800 haberi}
850 2791 855 2796 ¹
1010 2789 1015 2795 ⁸

160 2798 206 2829 Ac
218 2806 429 2836 promittentes,
448 2805 501 2833 pro
516 2794 631 2833 Nobis,
649 2793 682 2824 &
697 2790 908 2823 Succefforibus
930 2788 1054 2833 nostris,
1076 2787 1186 2832 Ratum

125 2837 160 2868 δε
177 2835 292 2866 firmum
307 2836 424 2874 habere,
440 2836 474 2866 &
487 2833 607 2864 habituri
620 2829 754 2872 quicquid
768 2840 816 2870 per
829 2829 920 2861 dictos
934 2827 1133 2870 Consilinum,
1152 2826 1186 2857 &

122 2875 321 2906 Procuratores
341 2873 454 2904 nostros
468 2895 478 2911 ‚
497 2872 623 2912 quinque
638 2893 648 2907 ,
667 2878 803 2908 quatuor,
821 2877 891 2906 treS,
912 2868 945 2899 &
967 2867 1037 2897 duos
1059 2874 1093 2895 ex
1106 2864 1187 2903 ipsis,

124 2922 156 2946 ut
171 2913 283 2944 dietum
297 2911 354 2951 est,
373 2913 402 2942 in
418 2910 513 2943 formai
527 2909 651 2946 superius
664 2906 802 2951 expressit,
828 2906 953 2950 Gestum
968 2928 978 2944 ,
1003 2902 1111 2947 ACtum
1129 2925 1138 2941 ,
1155 2903 1188 2933 &

124 2953 149 2984 F
150 2952 261 3021 aearum,
280 2950 324 2983 seu
340 2951 424 2982 etiam
437 2956 618 2989 procuratum
632 2946 714 2978 fuerit
728 2956 755 2976 in
770 2943 930 2985 praemiffis,
945 2942 1111 2983 &quolibet
1118 2950 1189 2979 prae-

125 3001 167 3024 mi
192 2999 290 3021 orum·

165 3030 254 3067 Super
280 3013 382 3066 quibus
401 3024 586 3065 approbandis
599 3046 609 3061 ‚
631 3021 775 3061 tenendis,
803 3021 939 3052 servandis
952 3044 962 3059 ,
980 3019 1113 3051 faciendis
1132 3041 1142 3057 ,
1157 3018 1191 3049 ὅτ

126 3067 322 3137 ὃᾝψΙεηάἰε,
339 3065 423 3104 Nos,
442 3065 476 3096 &
491 3062 670 3095 Successores
682 3062 810 3100 nostros,
828 3060 961 3099 Bonaque
975 3058 1070 3090 nostra
1083 3059 1193 3096 omnia,

190 3117 196 3135 i
217 3115 304 3135 amus.

154 3115 336 3189 *ingquorum
349 3140 567 3174 Testimonium
583 3138 712 3179 Sigillum
725 3137 854 3170 nostrum
867 3137 985 3169 fecimus
1006 3134 1191 3167 Praesentibus

249 3191 307 3210 om.

130 3182 280 3288 hulDEigm
292 3219 325 3250 &
341 3218 450 3250 Adtum
463 3216 537 3257 apud
553 3216 677 3248 Fontem
694 3214 824 3253 Briandi,
840 3215 871 3245 in
893 3212 998 3252 Vigilia
1018 3212 1095 3244 Festi
1117 3211 1192 3243 Pen-

130 3267 197 3291 teco
223 3268 259 3288 es.

0 3383 83 3456 ‘HJX-
135 3385 163 3413 *
192 3386 240 3419 De
258 3386 468 3432 Prorogariom·
484 3383 824 3463 Ueugzilzgjzvssegem
842 3381 879 3417 ὠ·
896 3379 1029 3424 Confitles
1047 3378 1135 3412 Villae
1156 3377 1192 3412 de

0 3531 70 3563 Ami,
84 3530 124 3561 D.
143 3520 199 3575 R
208 3515 234 3548 E
243 3516 274 3548 X
290 3519 442 3556 omnibus,
460 3516 495 3548 ad
507 3526 579 3558 quos
593 3515 653 3547 διε.
671 3514 806 3546 Salutem.

256 3555 338 3588 Cum
352 3567 452 3596 nuper,

0 3578 110 3636 5¹3²,ss
178 3593 269 3633 inter,
286 3596 401 3626 directos
417 3596 450 3626 se
465 3592 556 3624 fideles
570 3575 698 3630 maros,
713 3589 909 3621 winieimum
925 3588 959 3619 <ie
972 3588 1073 3632 Dent,
1092 3586 1195 3631 &Ster

0 3651 25 3673 E.
47 3655 73 3672 2,
142 3632 268 3668 phanum
282 3633 317 3664 de
330 3633 491 3672 Abyndon,
518 3631 652 3662 Nuncios
666 3629 785 3660 ‘nostros
798 3651 808 3667 ,
845 3637 878 3658 ro
898 3627 997 3657 Nobis
1016 3628 1048 3658 &
1072 3626 1197 3656 Subditis

0 3687 57 3711 Par.
69 3682 110 3710 ¹3,
144 3669 262 3708 nostris,
280 3681 313 3702 ex
328 3681 405 3710 parte
417 3671 488 3702 una:
506 3680 539 3700 ac
555 3669 690 3700 Scabinos
704 3669 737 3699 δε
752 3666 820 3697 Con
833 3666 890 3696 ules
897 3664 979 3695 Villae
992 3665 1027 3695 de
1043 3664 1193 3694 Gandavo:

0 3725 27 3747 g·
51 3730 77 3748 2·
142 3706 404 3753 Burgimagistrum,
421 3709 573 3753 Scabinos,
590 3708 623 3739 &
638 3706 772 3752 ¹Consules
788 3704 872 3735 Villae
884 3703 920 3750 de
934 3703 1014 3743 Ipre,
1032 3709 1085 3742 pro
1098 3703 1123 3732 se
1136 3724 1147 3740 2
1161 3703 1194 3734 &

0 3765 23 3795 ρ,
42 3768 67 3786 ἶ,
144 3743 401 3778 Communitatibus
411 3747 547 3777 Villarum
560 3745 777 3785 praediClarum,
795 3752 830 3774 ex
842 3743 936 3781 altera,

0 3805 38 3825 m,
53 3803 82 3833 4,
186 3781 225 3813 Su
246 3793 275 3812 er
296 3784 540 3823 Dissensionibus,
563 3786 633 3814 inter
654 3783 787 3814 Subditos
805 3781 916 3812 nostros
939 3782 972 3812 &
996 3779 1142 3811 Homines
1161 3778 1198 3810 de

147 3819 217 3851 Flan
238 3820 276 3850 ria
289 3824 387 3852 exortis
421 3824 549 3862 quaedam
562 3822 693 3861 Treuga,
711 3822 757 3851 seu
771 3819 948 3857 Sufferentia,

184 3858 213 3888 A
225 3857 309 3888 Festo
320 3845 448 3898 Pascsiae,
468 3861 602 3897 proximo
615 3860 757 3900 praeterito
769 3881 779 3894 ,
796 3858 881 3896 usque
904 3858 938 3888 ad
958 3857 1074 3888 Festum
1094 3856 1197 3887 Pente-

144 3895 254 3934 costes,
272 3903 340 3926 tunc
357 3900 490 3936 proximo
502 3899 645 3937 futurum,
664 3898 713 3935 &,
730 3898 766 3927 ab
780 3896 882 3927 eodem
898 3896 983 3926 Festo
1002 3894 1199 3932 Pentecostes,

144 3945 196 3974 per
208 3933 385 3974 quadraginta
397 3935 471 3973 dies,
487 3937 621 3975 proximo
635 3936 793 3975 sequentes,
812 3935 934 3972 plenarie
955 3934 1129 3973 completos,
1146 3933 1199 3964 du-

140 3982 255 4041 ratlliliisa
270 4010 302 4041 &
317 4009 423 4054 firmata
437 4010 544 4053 fuisset,
560 4021 593 4041 ac
608 4020 699 4056 certus
713 4012 771 4042 dies
785 4033 794 4049 ,
818 4010 853 4040 ad
874 4010 1049 4055 traCtandum
1069 4010 1106 4053 de
1127 4008 1202 4053 finali

149 4049 243 4088 Pace,
259 4047 338 4087 super
350 4047 573 4079 Dissenfiombus
584 4050 742 4088 praedietis,
756 4048 829 4087 apud
842 4047 1040 4087 Londonnn2,
1059 4048 1201 4088 Videlicet,

1199 154 1320 204 Es,
1399 151 1798 204 LITERAE,

1196 243 1227 272 'in
1249 240 1333 311 Festg
1356 240 1533 272 Ascensionis
1555 238 1681 270 Domini
1702 237 1837 277 proxim'o
1853 236 2012 274 praeterito,
2030 233 2153 267 similiter
2171 235 2261 268 fuisset
2278 233 2355 265 Arin.
2370 231 2414 264 D.

1197 290 1308 311 concor
1328 288 1386 311 atus
2301 282 2385 311 ¹325·

1233 319 1279 350 Ac
1296 303 1456 349 Franciscus
1469 316 1539 355 Pul,
1558 315 1668 346 Prestre
1682 314 1767 345 dictae
1780 313 1863 343 Villae
1883 313 1919 343 de
1942 312 2085 343 Gandavo
2102 334 2112 351 ,
2136 312 2261 345 Williel-
2277 314 2347 340 ἰόν.
2369 321 2396 339 2-

1199 366 1262 388 mus
1277 358 1302 387 le
1316 357 1441 394 Doneu‚
1459 353 1674 395 Burgimagister
1685 353 1771 384 dietae
1785 351 1869 382 Villae
1881 352 1916 382 de
1929 350 2046 390 Bruges,
2064 361 2098 382 ac
2112 350 2148 381 N
2150 351 2265 384 ichafius

1199 396 1225 426 le
1238 395 1309 434 Sage
1323 395 1461 426 Scabinus
1476 394 1597 434 ejusdem
1611 390 1695 423 Villae
1709 391 1745 421 de
1760 390 1840 429 Ipre,

1237 433 1352 465 Nuncii
1367 434 1401 464 &
1414 432 1612 464 Procuratores
1627 430 1764 462 Villarum
1777 427 1955 466 earumdem,
1973 437 2025 468 pro
2036 427 2116 458 dicto
2127 428 2265 462 Traetatu

1201 473 1346 510 tenendo,
1365 471 1399 503 ad
1417 482 1468 502 nos
1481 473 1510 502 in
1527 471 1659 509 Angliam
1675 470 1835 505 venientes,

1241 510 1310 541 Post
1323 510 1466 548 aliqualem
1480 509 1668 546 Tractatum,
1685 508 1765 545 super
1781 504 1926 544 praemiffis
1936 504 2063 549 habitum
2076 528 2086 544 ,
2107 515 2159 536 nos
2174 506 2267 546 requi-

1204 549 1333 587 siverint,
1352 550 1471 579 nomine
1484 547 1736 578 Communitatum
1748 545 1888 576 dictarum
1904 542 2059 582 Villarum,
2075 544 2110 575 &
2132 546 2267 575 omnium

1202 587 1323 618 aliorum
1336 587 1371 617 de
1385 586 1461 617 dieta
1471 586 1559 617 Terra
1574 586 1729 622 Flandriae,
1747 582 1826 621 quod
1838 582 1945 612 dustam
1965 581 2112 621 Treugam
2133 583 2177 613 seu
2201 584 2266 615 Suf-

1205 626 1368 664 ferentiam,
1384 625 1422 656 sic
1442 625 1542 655 initam
1553 647 1563 662 ,
1582 625 1665 664 usque
1685 623 1719 654 ad
1745 621 1861 653 Festum
1882 620 1996 651 Paichae
2013 643 2022 658 ‚
2039 624 2175 659 proximo
2189 621 2267 654 futu-

1204 674 1285 703 rum,
1302 672 1477 702 prorogare;
1491 663 1524 693 &
1539 664 1576 692 eis
1589 662 1676 693 alium
1686 662 1779 697 diem,
1824 670 1856 690 ro
1876 658 1954 689 dieto
1971 659 2107 690 Traditatu
2127 661 2269 701 tenendo,

1203 704 1277 741 apud
1292 702 1493 739 Londoniam,
1511 700 1658 740 videlicet,
1676 701 1706 730 iri
1723 699 1801 730 OCta
1823 700 1843 729 is
1864 697 1961 729 Sancti
1985 697 2107 737 Hilarii,
2132 701 2266 737 proximo

1204 742 1302 773 futuris
1309 765 1319 780 ,
1337 740 1495 771 concedere
1508 739 1704 777 dignaremur,

1242 780 1326 818 Nos,
1344 779 1378 809 ad
1393 777 1616 817 Requisitionem
1630 777 1774 808 dierorum
1788 775 2010 807 Procuratorum
2025 775 2057 806 &
2071 774 2269 818 Nunciorurn,

1203 818 1311 858 dietos,
1331 817 1564 857 Prorogationem
1580 816 1612 847 &
1629 815 1705 846 diem
1722 839 1731 854 ‚
1755 815 1884 846 duximus
1903 813 2103 845 concedendos
2117 837 2127 853 ,
2143 817 2269 848 volentes

1203 858 1302 896 quod,
1319 866 1419 887 omnes
1434 855 1465 886 &
1480 854 1599 893 singuli,
1616 853 1806 891 Mercatores,
1824 854 1856 884 &
1869 854 1914 884 alii
1928 853 1962 883 de
1976 851 2052 884 dieta
2075 852 2168 884 Terra
2186 854 2270 886 Flan-

1203 896 1273 926 driae
1287 919 1296 933 ,
1316 905 1386 926 cum
1403 894 1487 924 Bonis
1499 894 1532 924 &
1548 892 1732 924 Mercandisis
1744 891 1812 930 suis,
1830 891 1899 921 infra
1912 891 2049 931 Regnum
2063 892 2204 931 nostrum,
2218 894 2268 924 sal-

1203 936 1247 965 νὸ
1260 935 1293 965 &
1308 934 1402 964 secure
1419 933 1531 970 venire,
1550 931 1655 961 ibidem
1670 931 1791 968 morari,
1809 930 1842 960 &
1861 929 1929 960 inde
1948 931 2105 970 negotiari,
2130 932 2163 962 ὃς
2184 941 2268 963 com-

1204 973 1325 1004 modum
1341 973 1421 1003 suum
1437 970 1528 1000 facere
1542 969 1648 1000 valeant
1661 969 1752 1003 (dum
1775 977 1868 998 tamen
1888 967 1986 1006 legales
2003 978 2167 1001 excerceant
2189 970 2270 1002 Mer-

1205 1011 1345 1049 candisas,
1362 1010 1394 1042 &
1408 1009 1475 1040 inde
1488 1009 1592 1039 faciant
1607 1006 1850 1045 Consuetudines,
1867 1005 1971 1037 debitas
1987 1007 2020 1038 δε
2038 1008 2143 1039 usitatas
2165 1010 2194 1039 in
2217 1020 2268 1041 eo-

1204 1050 1272 1082 dem
1287 1048 1414 1090 Regno)
1436 1049 1469 1079 &
1483 1046 1583 1078 exinde
1597 1046 1699 1076 redire:

1243 1088 1299 1128 Et,
1316 1088 1334 1119 si
1350 1087 1418 1126 quid
1431 1087 1505 1117 forte
1521 1086 1575 1124 eis,
1592 1086 1636 1115 vel
1648 1093 1750 1114 eorum
1763 1082 1866 1121 alicui,
1883 1091 1932 1120 per
1945 1083 2086 1124 aliquem,
2109 1084 2146 1117 de
2165 1087 2270 1120 eodem

1206 1126 1331 1198 ἔξω,
1345 1125 1523 1195 ῐοῑὶἓῗεᾶυω
1537 1124 1639 1163 fuerit,
1657 1122 1686 1153 id
1700 1124 1754 1161 eis,
1769 1122 1827 1153 sine
1839 1120 1979 1153 dilationis
1992 1121 2125 1163 diffugio,
2139 1125 2273 1159 faciemus

1228 1176 1243 1197 e
1265 1168 1303 1197 ite
1319 1175 1403 1197 emen
1424 1165 1477 1195 ari:

1246 1203 1411 1244 Qiodque,
1430 1213 1483 1243 pro
1495 1201 1594 1233 Trans
1607 1199 1770 1232 reffionibus
1781 1199 1919 1239 aliorum,
1938 1199 1983 1230 vel
1996 1208 2048 1238 pro
2059 1199 2196 1239 aliquibus
2209 1202 2273 1236 De.

1206 1244 1272 1275 bitis
1288 1243 1340 1281 (de
1357 1242 1458 1281 quibus
1472 1241 1543 1272 dieti
1599 1248 1735 1271 ercatores
1746 1238 1914 1279 Principales
1929 1237 2099 1278 Debstores,
2123 1239 2168 1270 seu
2189 1241 2272 1274 Fide-

1206 1282 1339 1321 iussores,
1357 1291 1417 1311 non
1432 1279 1565 1317 existant)
1583 1279 1629 1309 seu
1640 1278 1790 1309 occasione
1810 1276 2095 1316 Transgreffionum,
2120 1287 2184 1309 ante
2205 1280 2272 1313 haec

1206 1329 1335 1359 tempora
1348 1319 1486 1350 factarum
1495 1341 1505 1356 ,
1522 1327 1622 1348 contra
1635 1325 1765 1348 tenorem
1778 1315 1873 1346 Cartae
1888 1315 1993 1346 nostrae
2006 1315 2042 1345 de
2062 1315 2177 1356 Stapulii
2198 1318 2273 1349 lana-

1207 1369 1287 1396 rum,
1305 1359 1337 1390 &
1353 1357 1474 1388 Pellium
1487 1356 1661 1393 lanutarum,
1680 1355 1776 1393 Bona,
1793 1355 1838 1385 fleu
1854 1353 2048 1385 Mercimonia
2068 1364 2188 1394 eorum,
2206 1357 2276 1388 infra

1205 1397 1344 1467 Regffl‘gtq'
1366 1395 1496 1427 nostrum
1511 1417 1521 1434 ,
1543 1394 1698 1426 nullatenus
1719 1393 1870 1424 arestentur
1884 1415 1895 1433 ,
1925 1393 2042 1424 durante
2068 1392 2278 1431 Prorogatione

1228 1446 1265 1467 rae
1287 1447 1294 1466 i
1326 1447 1355 1467 a·

1204 1445 1226 1477 p
1246 1474 1287 1506 Ita
1304 1460 1398 1506 tan’ien
1413 1473 1492 1514 qued
1505 1471 1649 1504 Homines
1664 1471 1698 1503 &
1712 1470 1908 1508 Mercatore,
1923 1469 1958 1501 de
1973 1467 2088 1510 Regno,
2106 1470 2140 1502 &
2153 1470 2278 1504 Potesta-

1208 1521 1237 1544 te
1251 1513 1365 1552 nostra,
1384 1523 1452 1544 cum
1476 1510 1561 1543 Bonis
1581 1513 1614 1543 &
1638 1510 1825 1541 Mercandisis
1843 1509 1894 1540 suis
1907 1531 1917 1547 ,
1938 1508 2009 1539 infra
2027 1509 2133 1539 dietam
2154 1509 2278 1542 Terram

1210 1552 1366 1590 Flandriae,
1383 1553 1498 1589 venire,
1516 1550 1640 1588 morari,
1659 1550 1691 1581 &
1705 1548 1772 1580 inde
1785 1559 1804 1579 n
1842 1547 1974 1585 otiari,&
1989 1548 2182 1579 commodum
2195 1549 2278 1581 suum

1212 1590 1322 1630 facere,
1342 1591 1375 1622 &
1390 1590 1492 1621 exinde
1507 1589 1594 1619 redire
1607 1588 1737 1626 valeant,
1755 1595 1786 1618 ut
1797 1597 1813 1616 e
1853 1585 1979 1617 dietum:

1252 1629 1291 1661 Et
1306 1628 1404 1668 quod,
1423 1629 1443 1658 fi
1455 1626 1523 1667 quid
1536 1628 1589 1665 eis,
1604 1626 1650 1657 vel
1662 1635 1764 1656 eorum
1777 1625 1860 1657 alicui
1866 1624 1982 1663 ,ibidem
1997 1622 2171 1657 forisfactum
2185 1626 2279 1667 fuerit,

1215 1668 1244 1699 id
1259 1669 1307 1706 eis,
1322 1668 1379 1698 sine
1392 1666 1541 1704 dilatione,
1559 1664 1740 1695 emendetur:

1249 1706 1287 1738 Et
1304 1705 1384 1744 quod
1397 1715 1450 1743 pro
1464 1703 1742 1742 Transgreffion'ibus
1756 1702 1890 1740 aliorum,
1906 1701 1952 1732 vel
1968 1711 2020 1739 pro
2033 1703 2170 1742 aliquibus
2183 1702 2277 1735 Debi-

1213 1746 1265 1778 tis(
1279 1745 1315 1776 de
1328 1743 1430 1784 quibus
1450 1742 1520 1774 dicti
1542 1741 1716 1773 Mercatores
1735 1740 1822 1771 nostri
1843 1739 2015 1779 Principales
2042 1740 2213 1781 Debitores,
2231 1743 2279 1775 seu

1214 1782 1415 1821 Fidejussores,
1433 1791 1493 1812 non
1507 1780 1641 1817 existant)
1661 1779 1739 1810 Bona
1751 1802 1760 1817 ,
1778 1779 1823 1809 seu
1842 1778 2035 1809 Mercimonia
2048 1802 2058 1816 ,
2081 1779 2153 1810 infra
2172 1780 2279 1812 dietam

1214 1821 1337 1852 Terram
1353 1819 1504 1858 Flandriae,
1520 1819 1640 1850 durante
1654 1818 1753 1849 eadem
1766 1817 2147 1857 Prorogatione,nullatenus
2161 1818 2280 1851 aresten-

1213 1869 1267 1892 tur.

1253 1898 1368 1929 Damus
1381 1905 1476 1928 autem
1493 1919 1503 1935 ,
1527 1896 1661 1927 omnibus
1682 1895 1715 1926 &
1732 1893 1772 1925 fin
1792 1893 1843 1924 ulis
1859 1916 1869 1933 ‚
1893 1892 2018 1925 Subditis
2037 1893 2139 1926 nostris
2178 1904 2279 1927 tenore

1215 1937 1410 1976 praesentium,
1427 1937 1457 1966 in
1470 1935 1621 1973 mandatis,
1639 1933 1720 1972 qued
1741 1932 1771 1963 di
1801 1942 1848 1963 am
1870 1931 2016 1971 Treugam
2033 1956 2044 1971 ,
2067 1933 2112 1964 seu
2134 1918 2280 1965 S'ufferen·

1216 1977 1300 2013 tiam,
1318 1976 1348 2005 in
1365 1975 1517 2012 omnibus,
1535 1974 1604 2004 sicut
1621 1971 1791 2011 praedicitum
1811 1970 1852 2001 est
1866 1993 1876 2008 ,
1901 1970 2004 2001 faciant
2025 1980 2059 2001 ex
2078 1980 2154 2009 parte
2181 1972 2280 2004 nostri.

1215 2013 1332 2044 firmiter
1345 2013 1503 2050 observari,
1520 2011 1554 2042 &
1567 2021 1630 2042 eam
1643 2012 1714 2042 citra
1735 2009 1849 2040 Festum
1871 2008 2036 2040 Nativitatis
2058 2008 2153 2040 SanCti
2173 2011 2282 2049 Johan-

1217 2053 1259 2082 nis
1275 2051 1406 2090 Baptistae
1421 2074 1432 2090 ,
1453 2051 1587 2091 proximo
1608 2049 1733 2079 futurum
1749 2071 1760 2086 ,
1783 2048 1950 2090 faciemus,
1975 2047 2046 2078 infra
2070 2046 2210 2086 Regnum
2228 2059 2282 2079 no-

1217 2091 1306 2161 striim
1316 2113 1326 2129 ,
1342 2091 1372 2120 in
1385 2090 1474 2127 locis,
1492 2088 1541 2119 ubi
1554 2087 1665 2119 necesse
1678 2086 1780 2125 fuerit,
1798 2086 1943 2124 publicari.

1270 2140 1289 2160 ii
1306 2129 1383 2159 cu'us
1425 2129 1484 2159 &c.

1290 2139 1380 2199 Tei’te
1389 2151 1476 2205 ’Rege
1491 2165 1565 2204 apud
1581 2163 1746 2204 Certeseye,
1760 2163 1895 2197 vicesimo
1906 2162 2013 2195 octavo
2027 2161 2072 2193 die
2087 2161 2171 2194 Maii.

1905 2242 1959 2271 Per
1971 2240 2052 2280 ipsum
2066 2242 2171 2279 Regem.

1253 2284 1430 2324 Triplicatur,

1224 2408 1251 2436 *ἒ
1264 2409 1323 2443 Ad
1330 2412 1445 2456 Papam
1462 2407 1499 2441 de
1514 2407 1679 2441 amovendo
1692 2404 1954 2452 Archiepiftopum
1964 2403 2174 2449 Dublinenftm
2187 2415 2206 2436 a
2227 2407 2286 2437 Re·
2302 2410 2319 2428 ὕ
2343 2411 2395 2438 1v.

1263 2471 1323 2505 gno
1344 2461 1380 2496 ὠ*
1399 2459 1541 2491 Dominio
1560 2460 1666 2502 Regis,
1687 2466 1807 2502 propter
1825 2453 2031 2488 Redditionem
2050 2451 2145 2496 castri
2162 2455 2245 2491 &V
2243 2454 2280 2486 il-
2320 2458 2351 2485 15
2356 2459 2385 2478 2·

1270 2507 1300 2539 lae
1319 2504 1355 2539 de
1370 2506 1485 2552 Regula
1496 2533 1506 2549 ‚
1531 2509 1568 2545 ὠ-
1584 2506 1648 2538 alia
1670 2508 1808 2538 Crimina
1828 2501 1898 2536 huic
1912 2499 2036 2546 objecla.

1226 2591 1274 2652 P
1284 2591 1313 2622 A
1321 2589 1345 2621 P
1354 2589 1395 2620 ΑΞ
1409 2589 1475 2621 Rex
1487 2589 1592 2620 devota
1604 2589 1708 2629 pedum
1722 2588 1812 2619 oscula
1825 2587 1980 2617 beatorum.

1332 2628 1420 2660 Inviti
1435 2638 1472 2658 co
1493 2629 1565 2671 imur
1578 2627 1728 2671 Sanetitati
1742 2626 1840 2672 vesti-pe
1860 2625 1991 2669 detegere
2011 2623 2136 2656 morsum
2156 2624 2285 2663 serpenti-

1227 2675 1472 2773 Πζὲῖξέῗῐᾙέ,
1488 2664 1823 2736 dssfiffissssiffffifflmfiffssss?
1829 2664 2010 2742 ,sussssimffi'
2021 2701 2212 2734 Dubimiensis
2233 2702 2288 2734 Ar·
2353 2705 2358 2710 ·
2412 2705 2420 2714 ·

1227 2753 1244 2774 c
1266 2754 1291 2774 ie
1312 2753 1348 2773 ic
1390 2753 1419 2773 us

1267 2753 1482 2821 QliiencipNobis
1496 2781 1529 2812 &
1548 2781 1677 2812 Coronae
1690 2779 1794 2811 nostrae
1813 2778 2001 2811 fidelissimum
2019 2780 2209 2818 reputavimus
2227 2803 2238 2819 ,
2256 2780 2290 2811 &
2371 2783 2377 2789 ‘
2430 2780 2439 2790 ’

1229 2829 1283 2858 pro
1297 2820 1343 2851 tali
1355 2820 1443 2858 ipsum
1457 2819 1570 2851 Comiti
1582 2819 1695 2850 Kantiae
1710 2819 1799 2850 Fratri
1814 2818 1916 2850 nostro
1928 2817 2070 2849 cariffimo
2081 2818 2290 2857 affociavimus,
2306 2804 2335 2828 E.
2375 2819 2382 2827 '

1230 2859 1265 2889 ad
1280 2860 1392 2899 negotia
1408 2857 1503 2889 nostra
1516 2860 1547 2889 in
1563 2858 1679 2889 Ducatu
1694 2857 1832 2897 praediCto
1845 2856 2088 2897 prosequendum,
2107 2865 2138 2888 ut
2158 2856 2290 2888 Consiliis
2307 2848 2342 2867 'n'

1233 2898 1316 2928 nobis
1330 2898 1362 2929 &
1377 2897 1469 2928 eidem
1484 2897 1571 2928 Fratri
1586 2896 1686 2928 nostro
1702 2896 1841 2927 salutiferis
1855 2895 1986 2927 assisteret
2000 2918 2010 2934 ‚
2036 2895 2070 2927 δε
2091 2895 2173 2936 ipsius
2192 2895 2290 2926 Fratris

1232 2936 1318 2966 nostri
1335 2935 1564 2967 Adolescentiani
1576 2935 1624 2966 sua
1637 2935 1802 2966 Maturitate
1817 2935 1973 2973 roboraret,

1271 2974 1420 3014 Aslumpta
1435 2975 1485 3005 sibi
1499 2973 1629 3005 Hastutifi
1640 2973 1824 3012 Serpentina,
1839 2975 1908 3005 ci'im
1923 2974 1991 3004 effet
2011 2973 2102 3004 didius
2122 2971 2215 3001 Frater
2236 2980 2289 3001 no-

1234 3013 1288 3058 ster
1302 3014 1331 3044 in
1344 3012 1448 3044 Castro
1459 3013 1493 3044 δε
1506 3011 1580 3043 Villa
1594 3013 1628 3043 de
1651 3011 1790 3056 Regula,
1816 3011 2053 3055 infraDucatum
2073 3009 2201 3040 nostrum
2221 3019 2293 3053 prae-

1234 3052 1360 3090 dietum,
1377 3051 1499 3082 obsessus
1514 3061 1562 3089 per
1578 3050 1687 3082 Gentes
1702 3051 1790 3089 Regis
1802 3050 1826 3080 F
1827 3060 1943 3087 raneiae,
1961 3050 1994 3080 &
2009 3048 2180 3079 Tranatum
2200 3048 2293 3079 fuiffet

1235 3091 1308 3121 inter
1321 3091 1443 3121 eundern
1457 3090 1581 3120 Fratrem
1596 3088 1726 3120 nostrum
1739 3090 1772 3120 &
1784 3088 1864 3126 illos,
1886 3088 1934 3126 qui
1956 3096 2023 3117 eum
2044 3086 2229 3125 obsidebant,
2255 3086 2292 3117 de

1237 3128 1406 3160 Concordia
1418 3128 1557 3159 facienda:
1578 3128 1669 3158 dietus
1683 3128 1775 3158 Frater
1791 3125 1904 3163 noster,
1922 3125 1961 3155 nil
1972 3134 2054 3164 agere
2074 3125 2172 3156 volens
2191 3125 2291 3166 absque

1236 3167 1364 3197 Consilio
1377 3167 1444 3197 dieu
1460 3166 1674 3204 Archiepiscopi
1687 3163 1852 3206 (confidens
1863 3163 1944 3202 quod
1958 3164 1992 3194 ad
2005 3163 2157 3194 Honorem
2171 3163 2249 3194 suum
2258 3164 2291 3194 &

1235 3204 1438 3236 Commodum
1451 3205 1579 3234 nostrum
1595 3205 1621 3234 ei
1634 3202 1802 3238 consuleret)
1819 3210 1897 3239 Juxta
1911 3201 2070 3232 Consilium
2085 3203 2167 3240 ipsius
2176 3202 2296 3232 Archie-

1235 3243 1361 3283 piscopi,
1376 3243 1509 3273 Castrum
1522 3241 1676 3283 &Villam
1699 3239 1832 3280 praedicta
1853 3242 2043 3279 (quamquam
2066 3240 2224 3271 commode
2245 3250 2294 3280 pe-

1235 3278 2152 3354 {¹333{gzfflffivoiffiffitzz‘fflizgiffifssssfffissffffissbr?⁶553}ss
2166 3279 2295 3352 ἷῖἓῖἳὲ

1237 3356 1284 3387 stri
1297 3357 1557 3388 Exhaeredationem
1569 3356 1760 3386 manifestam:

1275 3394 1312 3425 Et
1326 3396 1473 3435 praetereii,
1493 3394 1569 3433 quod
1582 3395 1759 3437 dampnabile
1774 3393 1814 3425 est
1837 3395 1866 3424 in
1890 3394 1980 3425 Laico
1994 3416 2004 3431 ,
2028 3395 2062 3425 ἃ
2084 3392 2242 3424 detestabile
2264 3392 2295 3422 in

1238 3433 1375 3471 Praelato,
1394 3434 1472 3464 idem
1487 3432 1718 3471 Archiepilcopus
1729 3456 1738 3470 ,
1756 3434 1786 3462 iri
1800 3433 1879 3464 dicta
1892 3432 1967 3463 Villa
1981 3433 2016 3463 de
2039 3432 2148 3472 Regula
2166 3429 2294 3468 existens,

1239 3472 1344 3501 dileeto
1356 3473 1389 3502 &
1401 3472 1474 3502 fideli
1490 3471 1588 3502 nostro
1602 3495 1611 3510 ,
1630 3471 1750 3511 Hugoni
1763 3472 1789 3501 le
1812 3471 1964 3511 Despenser
1979 3470 2090 3510 Juniori
2106 3493 2114 3508 ,
2130 3468 2294 3512 Camerario

1237 3511 1270 3541 &
1285 3510 1477 3541 Secretiffimo
1487 3509 1600 3549 nostro,
1615 3510 1686 3540 false
1702 3510 1735 3540 &
1746 3509 1902 3548 malitiose,
1919 3511 2027 3540 crimen
2049 3508 2103 3539 falsi
2115 3530 2124 3544 ,
2141 3507 2174 3537 &
2198 3505 2294 3544 prodi-

1237 3549 1338 3592 tionis,
1356 3550 1384 3579 in
1399 3548 1468 3579 Nos
1480 3550 1513 3580 &
1528 3547 1674 3579 Coronam
1688 3547 1831 3586 nostram,
1847 3548 1996 3587 imposuit,
2015 3557 2045 3576 ea
2059 3546 2093 3575 de
2105 3544 2164 3588 ipso
2178 3544 2293 3583 publice

1237 3587 1432 3626 praedicando:
1451 3586 1605 3625 protestans
1618 3587 1758 3625 expresse,
1776 3587 1856 3624 quod
1870 3587 1919 3617 nisi
1933 3586 2015 3623 ipsius
2026 3584 2155 3621 Dignitas
2165 3584 2198 3613 &
2214 3581 2297 3613 Ordo

1239 3625 1429 3663 obstetiss'ent,
1447 3625 1579 3664 praedidta
1594 3625 1621 3655 se
1638 3634 1736 3656 contra
1751 3625 1862 3655 dictum
1875 3625 1916 3655 H.
1929 3621 2026 3654 Duelli
2040 3620 2208 3658 experientia
2227 3630 2294 3658 pro-

1239 3664 1386 3695 baturum:
1406 3673 1576 3702 quamquam
1592 3664 1674 3701 ipsius
1686 3663 1817 3702 Hugonis
1830 3663 1934 3700 fidem,
1952 3668 2035 3698 penes
2048 3669 2099 3689 nos
2111 3681 2122 3697 ‚
2140 3660 2173 3690 &
2191 3658 2296 3690 dictam

1240 3700 1406 3740 Coronam,
1423 3703 1615 3732 invenerimus
1625 3702 1733 3740 semper
1743 3703 1876 3732 haetenus
1888 3701 2030 3730 illibatam.
2116 3735 2122 3740 ⁸

1280 3741 1359 3778 Quae
1371 3741 1469 3771 omnia
1482 3742 1512 3770 in
1524 3739 1607 3770 diffcis
1622 3742 1740 3778 partibus
1761 3742 1819 3771 tem
1840 3738 1952 3776 publica
1975 3737 2007 3767 &
2029 3743 2138 3778 notoria
2161 3735 2297 3775 existunt,

1240 3779 1320 3818 qued
1332 3789 1362 3809 ea
1378 3780 1412 3809 ad
1427 3789 1504 3810 aures
1515 3779 1614 3808 vestrae
1628 3778 1786 3809 Sanffiraris
1799 3779 1854 3814 jam
1866 3775 2006 3805 credimus
2020 3772 2168 3803 devenisse.

1280 3816 1341 3847 Hic
1354 3818 1437 3847 etiam
1450 3817 1695 3855 Archiepiscopus,
1710 3817 1769 3847 tem
1783 3824 1836 3854 pro
1847 3813 1998 3844 communi
2013 3811 2134 3855 Servitio
2147 3811 2298 3852 su0,quani

1242 3853 1482 3899 Praedecefforum
1495 3855 1627 3894 suorum,
1644 3854 1821 3897 pei-sonaliter
1843 3851 1974 3894 faciendo
1995 3847 2091 3893 Curiae
2114 3850 2230 3893 vestrae,
2249 3861 2297 3891 per

1242 3893 1648 3970 {23151033225552210215
1661 3889 1937 3965 amaeam
1957 3886 2247 3970 irrisisse?
2265 3901 2300 3959 2:

1263 3979 1333 4000 num
1347 3969 1474 4000 nostrum
1483 3993 1493 4008 ,
1509 3969 1782 4000 Excommunicatus
1793 3966 1906 4005 publice
1915 3973 2060 3995 nunciatus
2071 3964 2177 4001 existit,
2200 3967 2228 3996 in
2238 3968 2301 4007 qui-

1267 4018 1297 4039 us
1309 4007 1457 4039 Sententiis
1468 4009 1640 4046 perseverans
1652 4003 1841 4036 inverecunda
1853 4003 1922 4033 facie
1935 4003 2087 4033 immiscuit
2099 4003 2124 4033 se
2138 4003 2261 4036 Divinis.

1284 4045 1411 4086 Insuper,
1429 4046 1494 4084 post
1505 4045 1659 4085 susceptum
1672 4041 1950 4081 Archiepiscopatum
1970 4041 2141 4080 praedietum
2155 4066 2165 4080 ,
2186 4042 2302 4080 suscepit

2218 4090 2235 4113 a
2250 4089 2305 4111 no-

2304 2605 2381 2638 Ann.
2389 2605 2432 2638 D.
