2562 4279
787 174 899 216 ET
982 170 1248 216 ACTA

71 259 144 291 Ann.
159 256 200 289 D.
218 267 253 300 pa
271 259 444 300 universalis,
459 261 536 292 velut
557 267 672 292 vocatus
694 261 723 292 in
745 258 892 292 Potestatis
905 260 1129 298 plenitudinem,
1146 262 1191 294 alii
1204 262 1273 291 vero

96 305 179 336 1327.
218 300 411 339 particulareS,
430 300 505 332 velut
518 300 557 330 illi
574 301 620 338 qui
635 301 665 330 in
678 307 787 339 partem
801 299 981 330 solicitudinis
993 299 1053 329 sunt
1067 302 1178 337 vocati;
1198 300 1274 330 unde

72 338 136 365 Edv·
156 345 181 373 3-
217 347 232 367 a
248 337 315 368 Deo
329 339 457 369 videntur
468 338 601 377 judicari,
619 339 681 376 quia
693 339 728 368 ab
743 348 779 368 eo
793 338 960 374 judicantur,
978 338 1069 375 potius
1084 339 1168 374 quam
1182 339 1217 368 ab
1230 338 1274 374 ip-

73 1552 93 1571 *
117 1555 170 1581 iv.

73 1601 139 1629 320.

218 375 267 414 fis,
285 377 355 407 curn
378 378 422 407 ille
443 378 521 413 hujus
535 377 697 407 auctoritate
712 377 749 406 sic
763 376 854 406 facere
870 375 1009 411 videatur3
1026 376 1060 405 &
1072 385 1184 414 propter
1198 376 1273 412 hoc,

218 413 262 444 Im
284 424 374 446 erator
409 415 535 446 raediCtus
547 415 565 445 si
586 424 680 444 nanter
695 415 779 452 dixit,
800 413 828 444 A
842 414 955 443 nemine
972 413 1134 443 Laicorum.

256 423 347 492 leem,
398 454 543 484 heodosius
566 423 739 492 Imperator,
758 452 829 482 cum
849 451 960 480 Romae
981 450 1148 481 Concilium
1163 461 1274 481 convo-

220 490 323 532 casset,
342 501 373 523 ut
393 493 518 522 sanetum
542 491 709 522 Concilium
729 490 866 528 judicaret
887 488 923 518 de
943 489 995 518 hiis
1010 511 1018 526 ,
1042 499 1106 527 quae
1122 489 1205 528 Papae
1220 490 1272 528 Sy-

221 539 305 560 inaco
326 532 362 561 ab
384 530 549 560 Adversariis
563 529 728 559 dicebantur
741 527 876 564 impingi,
895 527 963 555 certi
978 526 1124 566 Episcopi,
1143 529 1188 567 qui
1203 538 1274 558 con-

221 578 371 607 venerant,
395 568 558 607 Imperatori
579 568 706 597 dixerunt
725 565 804 604 quod
826 564 859 594 ad
881 564 958 594 illum
974 587 983 603 ,
1008 567 1055 603 qui
1075 567 1274 605 impetebatur,

221 606 325 637 scilicet
346 607 385 637 Pa
405 616 468 645 ani,
487 606 643 643 pertinebat
661 603 825 645 Concilium
847 611 1021 640 convocare,
1046 605 1108 641 quia
1131 606 1187 642 ejus
1209 604 1273 633 Sedi

223 646 349 683 primum
373 616 448 675 ffffli
469 643 597 681 Apostoli
622 643 766 677 meritum,
781 640 884 669 deinde
907 640 996 671 secuta
1014 642 1134 679 juisione
1151 642 1274 672 Domini

222 683 421 714 Conciliorum
443 681 665 712 venerandorum
687 679 834 708 aii&oritas
850 678 1012 716 singularem
1034 681 1062 709 in
1078 680 1208 710 Ecclesiis
1220 689 1273 710 tra-

223 721 294 751 didit
310 721 491 762 potestatem,
516 728 569 749 nec
588 726 650 748 ante
669 715 792 746 Minoris
814 717 972 750 subjacuisse
986 718 1095 754 jndicio
1111 717 1271 748 Antistitem

223 759 308 789 diecae
323 759 389 789 sedis
406 769 411 788 :
456 768 493 787 uo
508 756 601 786 audito
614 755 770 791 Imperator
786 753 949 792 praedictus,
970 755 1038 785 Deo
1053 756 1213 796 inspirante,
1230 767 1273 786 re-

224 797 414 837 spondit,Syn
453 797 500 826 alis
513 793 567 824 esse
581 793 683 822 arbitrii
698 793 726 821 in
741 801 819 822 tanto
836 794 952 832 negotio
966 793 1099 833 sequenda
1112 795 1272 833 praescribe-

193 851 195 854 ·
223 846 269 873 re,
287 845 319 865 ac
341 836 375 865 ad
398 835 424 864 se
445 832 546 868 nichil,
563 839 661 870 praeter
675 830 948 898 Reverentiami'de
964 831 1163 863 Ecclesiasticis
1183 842 1272 871 nego-

223 874 405 911 tiis,asseruit
423 871 575 911 pertinere,
600 869 742 908 Episcopis
763 870 868 899 etenim
909 871 1026 909 rincipes
1042 870 1216 901 Christianos
1229 872 1273 901 so-

223 913 304 942 litum
320 911 360 941 est
375 909 474 948 Capita
485 908 616 945 subdere,
634 917 692 937 non
713 907 748 937 de
761 917 860 937 eorum
874 907 1020 947 Capitibus
1030 910 1162 947 judicare.

261 950 340 980 Hinc
360 948 399 977 est
419 945 497 983 quod
519 945 700 975 Innocentius
721 945 797 983 Papa
820 946 994 976 Archadium
1008 947 1210 986 Imperatorem
1226 956 1275 977 ex-

224 985 464 1021 communicavit,
479 985 543 1022 quia
564 984 699 1014 consensit
715 993 744 1014 ut
759 985 773 1014 a
789 983 834 1014 sua
847 984 908 1014 sede
922 985 1041 1015 Sanetus
1051 986 1193 1023 johannes
1209 984 1274 1015 Cri-

223 1026 361 1056 sostomus
381 1023 542 1062 pelleretur,
561 1023 651 1061 plures
673 1032 787 1062 quoque
806 1023 940 1053 Summos
963 1022 1114 1055 Pontifices
1137 1025 1274 1062 legimus,

223 1064 266 1094 Im
287 1069 421 1099 eratores,
440 1071 493 1098 pro
507 1061 557 1090 suis
573 1061 748 1098 Exceslibus,
767 1060 810 1090 Im
821 1062 905 1091 ieriali
920 1062 1054 1100 dignitate
1069 1063 1194 1100 privasse.

283 1109 356 1131 eatus
377 1109 490 1138 quoque
513 1099 697 1137 Ambrosius,
721 1100 785 1129 licet
832 1100 938 1130 eclesiae
958 1101 1112 1131 universalis
1132 1111 1189 1130 non
1211 1099 1276 1129 essct

222 1139 374 1176 Pontifex,
404 1137 612 1180 Theodosium⁴
625 1148 758 1176 magnum
780 1137 982 1175 Imperatorem
1004 1140 1274 1176 excommunicans,

223 1177 317 1208 eidem
338 1177 490 1215 ingressum
508 1176 641 1206 Eccleiice
655 1177 803 1207 interdixit.

258 1216 305 1246 Ad
327 1215 484 1254 hujusmodi
505 1223 598 1244 autem
612 1216 710 1244 erroris
722 1215 761 1245 sui
774 1214 991 1252 fulcimentum,
1006 1216 1128 1254 scilicet,
1146 1214 1225 1255 quod
1242 1213 1276 1244 ad

220 1254 424 1294 Imperatorem
445 1254 580 1290 pertineat
601 1252 704 1290 Papam
723 1253 884 1291 destituere,
904 1253 937 1283 ὃς
955 1255 1071 1292 punire,
1084 1254 1167 1291 illud,
1183 1252 1277 1292 quod,

221 1295 251 1323 in
273 1293 383 1324 Sanctis
402 1291 562 1330 Evangeliis
586 1291 704 1330 legitur,
725 1291 761 1322 de
776 1291 880 1330 Pilato,
897 1292 1019 1329 scilicet,
1037 1293 1116 1330 quod
1132 1292 1277 1322 Christum

222 1331 400 1367 crucifixerit,
407 1330 575 1367 praesumunt
588 1329 736 1364 inducere3
753 1329 895 1360 afferentes
902 1330 989 1369 ipsum
998 1331 1119 1361 Pilatum
1128 1338 1278 1368 ,tanquam

223 1369 329 1400 Christi
344 1369 522 1399 Ordinarium
531 1390 541 1406 ,
555 1367 719 1398 crucifixisse
730 1368 837 1408 ipsum,
852 1376 981 1407 tanquam
995 1370 1044 1400 sibi
1058 1368 1225 1406 subjeetum.

262 1408 353 1446 Qiod
375 1407 460 1437 habet
473 1407 615 1443 duplicem
626 1405 815 1443 intellectum,
832 1414 879 1436 aut
894 1406 970 1436 enim
986 1407 1141 1446 intelligunt
1156 1407 1277 1437 Pilatum

224 1446 373 1477 Christum
395 1444 560 1477 crucifixisse
581 1444 617 1474 de
628 1443 715 1482 Jure,
734 1452 780 1475 aut
796 1446 831 1474 de
844 1444 933 1474 Facto
954 1455 960 1475 :

259 1485 290 1515 Si
312 1484 347 1514 de
364 1484 449 1523 Jure,
466 1483 523 1513 hoc
542 1482 637 1513 obviat
657 1484 763 1513 veritati
780 1492 787 1512 τ
810 1483 845 1512 de
861 1484 923 1521 jure
944 1485 1019 1514 enim
1035 1483 1070 1514 de
1084 1484 1202 1513 crimine
1217 1484 1278 1521 quis

225 1524 318 1562 puniri
340 1533 400 1553 non
424 1527 437 1539 ⁸*
454 1521 562 1559 potest,
582 1521 631 1551 nifi
653 1522 700 1558 qui
719 1521 863 1560 deliquerit
883 1524 970 1560 vere,
989 1522 1033 1553 vel
1056 1523 1278 1559 interpretativa,

223 1563 268 1592 vel
288 1562 336 1600 qui
358 1561 506 1592 convietus
521 1560 601 1589 fuerit
614 1559 755 1597 deliquiffe
769 1571 779 1598 3
810 1559 939 1590 Christus
953 1569 1045 1591 autem
1059 1559 1213 1589 secundum
1229 1570 1279 1590 ve-

223 1602 332 1631 ritatem
352 1609 412 1630 non
434 1599 566 1636 deliquit,
581 1598 645 1636 quia
659 1598 795 1627 innocens
809 1599 861 1629 fuit
876 1600 1021 1636 manibus,
1041 1598 1074 1628 &
1090 1598 1199 1627 mundo
1214 1607 1275 1627 cor-

219 1639 274 1678 de,
291 1640 339 1678 qui
358 1646 506 1676 peccatum
528 1646 587 1666 non
607 1637 691 1674 fecit,
710 1646 763 1666 nec
784 1637 912 1667 inventus
933 1636 974 1667 est
995 1636 1074 1666 dolus
1096 1637 1124 1665 in
1140 1645 1189 1665 ore
1203 1636 1279 1673 ejus,

219 1678 254 1708 &
276 1677 331 1707 hoc
352 1677 408 1714 ipse
424 1675 525 1705 Pilatus
538 1675 590 1705 fuit
605 1675 728 1711 expresse
744 1674 854 1705 testatus
869 1685 875 1703 z
893 1675 964 1705 cum
977 1675 1054 1704 enim
1070 1674 1158 1711 ipsum
1170 1673 1276 1711 jud-:eis

219 1715 330 1746 tradidit
347 1713 589 1751 crucifigendum,
607 1712 691 1748 dixit,
711 1712 840 1743 Mundus
855 1712 914 1742 sum
927 1723 942 1743 a
957 1713 1086 1751 sanguine
1097 1712 1171 1750 Justi
1186 1713 1278 1749 hujus—

222 1754 324 1792 modi,
360 1753 448 1791 Item,
465 1761 519 1781 nec
539 1751 591 1780 fuit
604 1750 747 1787 deliquisse
759 1751 925 1790 convietus,
939 1752 1019 1789 quud
1033 1750 1109 1780 idem
1123 1751 1220 1787 pluries
1234 1759 1276 1780 te-

220 1792 305 1824 status
320 1802 326 1821 2
347 1792 413 1821 crim
433 1790 509 1819 enim
525 1788 619 1827 Judaei
639 1787 771 1818 instarent
782 1789 861 1827 quod
875 1789 1053 1826 crucifigeret
1072 1798 1157 1827 eum,
1174 1789 1202 1818 in
1217 1799 1276 1819 uno

220 1831 287 1861 loco
303 1830 389 1867 dixit,
414 1827 492 1866 Qiid
509 1828 584 1856 enim
600 1826 664 1856 mali
677 1826 762 1856 fecit?
782 1827 856 1865 quasl
871 1828 963 1865 dicat,
981 1827 1066 1858 nichil
1081 1828 1196 1857 invenio
1209 1837 1276 1857 euni

218 1868 316 1899 fecisse
329 1868 406 1898 mali:
423 1867 456 1896 &
468 1865 532 1895 alibi
569 1865 669 1902 pluries
680 1864 782 1895 eisdem
793 1864 899 1903 Judaeis
913 1866 1076 1896 instantibus
1091 1866 1169 1905 quod
1184 1867 1276 1896 cruci-

218 1907 315 1946 figeret
328 1905 405 1936 illum
415 1926 424 1941 ,
437 1903 521 1941 dixit,
535 1888 597 1942 Ego
611 1902 715 1946 nullam
729 1904 758 1933 in
771 1913 807 1934 eo
820 1904 936 1935 invenio
953 1904 1062 1935 causam
1078 1905 1194 1942 mortis,
1207 1914 1275 1944 qua-

217 1955 249 1976 re
264 1945 352 1982 ipsum
366 1944 401 1974 de
411 1944 472 1981 jure
486 1951 544 1972 non
560 1949 652 1979 potuit
663 1942 770 1979 punire.

255 1983 286 2014 Si
306 1992 401 2013 autem
420 1980 676 2023 intelligunthuod
690 1980 725 2009 de
740 1980 847 2018 Facto,
865 1982 898 2012 &
912 1980 1015 2019 injuste
1029 1982 1139 2018 punivit
1154 1990 1219 2011 eum
1232 1982 1275 2011 in-

216 2029 388 2059 nocentem,
405 2019 474 2050 ficut
487 2019 520 2049 &
534 2026 632 2049 veritas
644 2018 670 2047 se
686 2018 787 2056 habet,
804 2028 872 2049 tunc
887 2029 920 2049 ex
931 2020 988 2049 hoc
1003 2029 1062 2049 non
1077 2019 1192 2057 possunt
1205 2029 1277 2049 con-

219 2059 334 2091 cludere
351 2057 424 2089 aliud
441 2079 450 2095 ,
473 2056 521 2086 nisi
541 2055 617 2095 quod
637 2055 790 2095 Imperator
805 2056 909 2096 Papam
925 2058 961 2088 de
975 2058 1051 2087 fatito
1064 2057 1156 2095 potest
1170 2058 1275 2088 interfi-

218 2107 283 2128 cere
303 2098 335 2127 &
354 2095 476 2134 injuste,
495 2094 570 2132 quod
590 2094 686 2132 utique
707 2105 765 2124 non
787 2094 877 2124 solum
892 2095 928 2125 de
951 2095 1124 2134 Imperatore
1144 2096 1277 2126 concedi-

220 2145 299 2173 mus,
318 2134 362 2165 sed
378 2135 462 2163 etiam
482 2132 517 2162 de
531 2131 646 2162 Privato
659 2155 668 2170 ,
686 2132 755 2163 sicut
773 2134 806 2163 &
820 2133 910 2172 plures
930 2133 1115 2171 Imperatores
1136 2134 1151 2163 a
1164 2135 1277 2172 privatis

240 2173 358 2211 ersonis,
374 2173 407 2202 δε
421 2171 556 2202 Summos
576 2169 729 2201 Pontifices
748 2173 763 2203 a
782 2180 842 2202 non
855 2171 907 2202 suis
915 2171 1062 2211 Judicibus
1075 2173 1161 2209 (ficut
1175 2183 1275 2204 omnes

262 2212 355 2243 artires
366 2209 498 2250 legimus)
518 2209 707 2247 interemptos.

257 2289 327 2330 (λυ
338 2300 357 2322 Α
366 2300 389 2321 R
399 2298 422 2321 T
431 2299 450 2320 o
461 2313 471 2329 ,
488 2288 586 2321 dicunt
601 2288 644 2320 isti
656 2288 816 2332 vaniloqui,
835 2291 927 2321 immo
940 2289 1077 2330 falsiloqui
1094 2314 1103 2330 ,
1120 2289 1198 2330 quod
1212 2301 1277 2322 om-

219 2340 268 2361 nes
289 2330 450 2360 Sacerdotes
468 2352 477 2367 ,
497 2330 551 2359 sive
573 2329 603 2358 sit
624 2328 715 2367 Papa,
734 2331 788 2358 live
802 2329 1054 2369 Arcliiepiscopus,
1072 2330 1127 2360 sive
1144 2330 1277 2360 Sacerdos

219 2369 334 2405 iimplex
348 2392 357 2406 ,
376 2368 436 2398 sunt
451 2391 460 2404 ,
476 2376 509 2397 ex
528 2365 704 2397 institutione
717 2366 845 2406 Christi,
864 2368 1046 2399 Auctoritatis
1061 2369 1093 2398 &
1104 2367 1279 2405 Jurisdidtio-

218 2408 261 2436 nis
276 2416 300 2436 a:
324 2407 401 2436 nulls:
422 2406 501 2444 quoti
516 2414 609 2435 autern
623 2415 692 2435 unus
704 2406 764 2442 plus
778 2406 834 2436 alio
851 2406 949 2437 habeat
965 2431 975 2444 ,
993 2408 1050 2437 hoc
1066 2406 1106 2436 est
1123 2406 1277 2436 secundum

217 2444 293 2484 quod
325 2453 465 2482 mperator
481 2443 614 2474 concedit
630 2445 677 2473 uni
690 2443 734 2473 vel
748 2445 793 2475 alii
808 2444 869 2482 plus
883 2446 916 2476 &
933 2447 1039 2475 minus:
1062 2446 1111 2483 &,
1126 2445 1195 2474 sicut
1208 2454 1279 2474 con-

218 2482 299 2514 ceffit
313 2483 396 2513 alicui
406 2505 419 2520 „
435 2484 472 2512 sic
492 2482 581 2521 potest
598 2482 662 2512 illud
677 2482 761 2512 etiam
777 2492 926 2521 revocare,
944 2493 1008 2521 quae
1025 2484 1121 2521 utique
1134 2483 1272 2514 doetrinae

220 2522 303 2552 sacrae
316 2523 451 2558 obviant,
468 2521 501 2550 &
514 2520 688 2550 Haereticam
703 2520 808 2560 sapiunt
823 2522 994 2560 pravitatem.

257 2560 350 2598 Qod
365 2560 438 2590 enim
454 2558 654 2596 Sacerdotum,
666 2559 831 2596 fimplicium
840 2583 850 2598 ,
865 2561 898 2590 ὃς
913 2570 973 2591 non
987 2560 1153 2599 simplicium
1163 2569 1213 2598 ,ex
1227 2560 1280 2599 ipsa

221 2597 400 2628 Institutione
415 2596 599 2634 Christi,non
615 2596 710 2627 existat
724 2598 835 2635 aequalis
845 2598 977 2637 Potestas,
986 2607 1059 2636 patet
1069 2600 1126 2628 tarn
1136 2599 1163 2627 in
1174 2599 1225 2627 liiis
1233 2599 1281 2637 qui

218 2637 329 2667 fuerunt
342 2638 370 2666 in
383 2635 571 2665 Testamento
587 2635 782 2672 veteri,quam
796 2637 825 2665 in
840 2636 889 2666 hiis
901 2638 949 2674 qui
964 2637 1074 2667 fuerunt
1098 2638 1125 2666 in
1140 2636 1242 2666 Novo.

258 2674 291 2704 In
314 2675 401 2704 veteri
424 2673 557 2713 siquidem
579 2672 769 2703 Testamento
789 2684 838 2712 per
850 2674 970 2715 Moysen
987 2698 996 2713 ,
1013 2685 1046 2704 ex
1059 2684 1201 2713 praecepto
1215 2674 1281 2705 Do-

222 2714 309 2750 mini,
327 2712 422 2742 Aaron
436 2713 464 2741 in
479 2711 632 2741 Summum
647 2711 819 2742 Pontificem
829 2735 838 2751 ,
857 2713 905 2742 filii
921 2723 990 2743 vero
1005 2715 1062 2751 ejus
1078 2713 1156 2742 unffi
1172 2713 1281 2743 fuerunt

222 2752 252 2780 in
269 2751 404 2789 simplices
426 2749 609 2787 Sacerdotes,
627 2759 751 2787 quorum
772 2751 907 2790 potestas,
925 2759 956 2782 ut
971 2760 1060 2791 patet,
1080 2752 1220 2789 inaequalis
1234 2761 1282 2781 ex-

224 2789 296 2826 titit,
313 2790 376 2826 quia
391 2796 424 2817 ex
438 2787 606 2826 simplicibus
621 2787 835 2825 Sacerdotibus,
852 2790 928 2820 velut
942 2790 976 2820 ad
991 2790 1134 2830 superioris
1150 2790 1282 2820 Auc'tori-

224 2827 284 2856 tatis
304 2828 336 2857 ὃς
358 2824 503 2856 Potestatis
519 2825 659 2854 honorem
675 2848 683 2863 ,
701 2826 735 2854 ad
749 2826 932 2858 Pontificium
952 2828 1012 2858 sunt
1034 2828 1178 2866 assumpti:
1200 2837 1281 2858 tunc-

224 2873 280 2901 que
292 2864 415 2895 licebant
427 2863 555 2901 quaedam
569 2862 719 2900 Pontifici,
732 2872 830 2903 utpote
843 2866 871 2895 in
887 2866 988 2897 Sanita
1001 2866 1174 2897 Sanctorum
1189 2867 1281 2905 ingre-

224 2902 267 2939 di,
286 2911 349 2939 quae
362 2911 419 2931 non
433 2901 553 2931 licebant
568 2901 688 2938 simplici
702 2901 854 2933 Sacerdoti.

259 2940 292 2970 In
307 2950 386 2970 novo
402 2941 472 2970 vero
491 2938 679 2969 Testamento
699 2939 873 2971 Pontificum
886 2964 896 2978 ,
918 2942 951 2972 &
966 2942 1133 2980 simplicium
1148 2941 1281 2973 Sacerdo-

222 2988 283 3011 tum
297 3000 307 3016 ,
325 2978 360 3007 ab
383 2977 442 3017 ipso
465 2976 581 3006 Christo
595 3000 605 3015 ,
627 2986 661 3006 ex
682 2987 718 3007 eo
731 2978 900 3018 affumpsiffe
913 2980 1021 3010 videtur
1035 2981 1201 3019 exordium,
1222 2983 1281 3018 quo

223 3016 390 3048 Duodecim
412 3015 565 3052 Apostolos
585 3019 723 3053 (quorum
743 3025 843 3055 typum
857 3025 954 3056 gerunt
967 3017 1139 3055 Pontifices)
1159 3029 1191 3048 ac
1207 3019 1281 3048 lxxii.

224 3055 386 3092 Discipulos
403 3054 537 3092 instituit,
556 3062 678 3091 quorum
694 3061 792 3092 typum
805 3064 905 3093 gerunt
920 3056 1056 3094 simplices
1072 3057 1244 3087 Sacerdotes.

263 3092 383 3123 Constat
395 3101 486 3127 autem
502 3102 535 3122 ex
551 3091 662 3129 multis,
682 3102 745 3129 quie
760 3092 794 3122 de
807 3093 868 3130 ipsis
882 3095 909 3123 in
929 3093 1026 3123 sanffls
1044 3094 1173 3132 leguntur
1187 3095 1283 3124 Evan-

226 3131 316 3171 geliis,
334 3131 412 3170 quod
429 3130 634 3169 Apostolorum
648 3131 681 3160 ὃς
696 3130 911 3169 Discipulorum
926 3132 1085 3162 Auctoritas
1097 3132 1184 3170 dispar
1197 3133 1259 3163 fuit.

264 3169 384 3207 Adhuc,
399 3169 479 3207 quod
496 3167 622 3199 Potestas
636 3168 756 3198 aliorum
771 3179 951 3207 quorumcun
973 3180 1008 3200 ue
1028 3170 1215 3201 Sacerdotum
1229 3181 1282 3208 po-

225 3207 316 3239 testati
332 3206 415 3244 Papae
431 3216 478 3246 par
491 3217 549 3237 non
564 3207 610 3244 sit,
625 3216 677 3237 nec
692 3208 900 3245 aeqtialis,patet
913 3209 957 3238 evi
977 3209 1069 3239 entius
1082 3217 1116 3238 ex
1132 3209 1282 3246 praedictis.

265 3245 358 3284 Qiod
366 3245 499 3283 ,aliorum
514 3244 721 3287 Episcoporum
730 3268 739 3284 ,
754 3246 877 3285 scilicet,
889 3245 1126 3284 patriarcharum,
1136 3247 1282 3287 Archiepi-

225 3283 436 3326 scoporum,&
450 3282 729 3322 Episcoporum,par
749 3283 867 3321 potestas
885 3295 939 3316 nec
956 3285 1064 3323 sit,nec
1081 3285 1283 3325 fuerit,patet;

227 3323 343 3354 inferior
356 3320 489 3360 siquidem
501 3321 622 3360 potestas
635 3321 777 3361 Superiori
789 3333 848 3352 non
865 3323 904 3352 est
919 3333 968 3361 par
983 3322 1119 3360 potestati.

262 3359 384 3391 Constat
399 3367 493 3390 autem
514 3359 681 3391 Patriarchas
696 3360 752 3389 esse
774 3360 922 3400 superiores
942 3362 1066 3399 respedtu
1088 3362 1193 3392 Archie
1215 3362 1284 3393 isco-

226 3409 329 3440 porum
341 3422 350 3436 ,
368 3398 401 3429 &
422 3397 653 3437 Archiepiscopos
673 3396 797 3436 respecstu
821 3398 1030 3438 Episcoporum
1044 3423 1054 3439 ,
1075 3400 1110 3431 &
1128 3400 1183 3438 Epi
1194 3410 1284 3441 copos

226 3438 353 3475 respectu
367 3436 534 3473 simplicium
548 3435 742 3466 Sacerdotum.

268 3477 305 3508 Et
321 3499 331 3515 ,
348 3475 366 3504 si
387 3474 481 3504 dicant
504 3473 549 3503 isti
569 3473 713 3504 Homines
733 3473 880 3511 Reprobi,
896 3475 975 3512 quod
987 3475 1105 3506 istorum
1127 3476 1284 3517 Episcopo-

229 3524 295 3547 rum
313 3513 456 3544 distinctio
475 3512 511 3542 ab
530 3511 701 3549 Imperatore
721 3511 877 3550 processit,
896 3522 955 3542 non
975 3514 990 3543 a
1010 3513 1145 3553 Christo,
1163 3516 1284 3546 dicimus

231 3554 312 3594 quod
325 3553 422 3583 immo
437 3549 568 3590 processit
580 3550 616 3579 ab
631 3551 699 3587 ipso.

266 3592 316 3622 Ille
332 3592 408 3621 enim
417 3612 427 3625 ,
445 3589 522 3626 cujus
536 3587 700 3618 audioritate
713 3587 743 3617 fit
757 3588 858 3626 aliquid
867 3611 875 3627 ,
893 3588 961 3619 illud
975 3588 1071 3619 fecifl‘e
1086 3589 1197 3621 videtur
1206 3601 1211 3620 :
1220 3591 1285 3622 bea-

229 3640 273 3663 tus
291 3637 386 3661 autem
408 3628 526 3663 Petrus,
545 3624 648 3655 Christi
670 3625 813 3664 Vicarius,
831 3627 864 3657 ὃς
884 3625 986 3666 Gregis
1006 3626 1157 3658 Dominici
1171 3629 1284 3668 Caput,

231 3668 374 3700 attendens
390 3666 486 3706 quod,
505 3664 590 3695 aucto
605 3663 722 3702 Grege,
737 3665 792 3694 sine
805 3665 886 3703 ipsius
897 3666 1123 3704 augmentatione
1136 3666 1284 3704 custodiae,

229 3707 276 3738 Gr
312 3708 321 3736 i
336 3715 395 3736 non
417 3711 524 3740 poterat
541 3703 679 3733 salubriter
691 3703 846 3742 provideri,
864 3704 980 3743 audium
993 3703 1137 3742 Gregem,
1155 3705 1218 3741 post
1234 3705 1285 3736 As.

229 3716 393 3776 cenetionem
414 3742 556 3780 Domini,
572 3740 764 3778 considerans,
779 3741 812 3770 ὃς
834 3741 983 3771 aucturum
1002 3742 1122 3779 amplius
1135 3744 1284 3782 providens

229 3783 262 3812 in
282 3784 424 3820 futurum,
443 3780 539 3821 gradus
559 3779 755 3816 praedielarum
776 3777 949 3809 Potestatum
965 3779 1128 3810 instituit&
1142 3780 1284 3820 distinxit3

231 3820 330 3860 Qare
343 3844 353 3860 ,
377 3820 446 3851 curn
468 3819 632 3849 au&oi·itate
652 3816 759 3847 Christi
779 3817 911 3855 praedi&a
933 3817 1077 3848 distinetio
1097 3817 1169 3849 faeta
1188 3819 1285 3858 fuerit,

227 3858 346 3889 Christo
357 3859 440 3890 debet
454 3857 561 3889 ascribi.

266 3897 353 3928 Hanc
366 3905 460 3928 autem
471 3895 637 3934 potestatem
652 3894 774 3924 daturam
791 3892 923 3923 Ecclesiae
940 3893 1064 3924 Potestas
1076 3893 1125 3924 diu
1139 3902 1200 3925 ante
1213 3906 1284 3934 prae-

230 3934 352 3973 dixerat,
377 3935 490 3974 dicens,
513 3934 571 3964 Pro
590 3932 717 3964 Patribus
738 3932 794 3961 nati
811 3931 874 3961 sunt
893 3932 946 3962 tibi
965 3931 1043 3969 Filii,
1068 3931 1219 3964 constitues
1238 3945 1285 3966 eos

231 3971 375 4009 Principes
396 3973 475 4010 super
489 3981 587 4003 omnes
599 3972 718 4009 Terras,
735 3970 786 4000 ubi
800 3969 891 4000 Patres
907 3969 1040 4000 Ecclesiae
1055 3978 1140 4000 vocat
1156 3972 1284 4010 Aposto-

229 4010 289 4047 los,
306 4009 339 4040 &
359 4009 429 4040 filios
450 4009 584 4041 Ecclesiae
605 4009 698 4040 fideles
720 4018 768 4047 per
784 4007 936 4046 Apostolos
950 4008 1020 4045 ipsos
1033 4008 1200 4048 conversos,
1218 4011 1287 4052 ubi,

225 4049 289 4116 satiqs*
297 4048 405 4115 αρετιῑῗ,
421 4047 573 4116 ξαῗῗῆκ,
592 4050 610 4079 i.
638 4058 663 4080 e.
676 4048 732 4087 ejus
745 4045 872 4086 Pastori,
887 4046 1015 4078 attributa
1028 4045 1167 4087 potestas,
1184 4049 1285 4080 intelli-

284 4097 333 4117 om.
387 4108 393 4115 .
448 4108 454 4114 .
506 4109 531 4124 .‚

1319 173 1795 218 PUBLICA.
2289 187 2366 215 201

1313 258 1398 297 gerit,
1416 258 1576 289 instituendi
1597 260 1717 291 diversos
1739 261 1835 300 gradus
1849 260 2035 302 Principum,
2053 268 2122 293 cum
2134 258 2263 300 expedire
2276 258 2360 301 perci·
2383 257 2457 289 Ann¹
2471 256 2513 289 D.-

1352 334 1475 364 Audiant
1490 335 1596 372 insuper
1610 335 1653 365 isti
1669 335 1792 367 Perversi
1808 337 1947 369 Homines
1961 336 2027 382 quid
2038 333 2222 376 Justinianus,
2244 334 2368 375 Impera*
2385 305 2496 373 Eidem&

1313 305 1389 333 peret
1405 296 1537 327 Ecclefiae
1549 298 1648 328 sanem:
1664 299 1730 328 Dei.

1313 380 1357 402 tor
1377 371 1557 415 CatholicuS,
1574 373 1653 410 super
1675 374 1731 405 hoc
1751 375 1834 414 dixit,
1854 376 1935 406 Ctirn
1955 386 2049 413 enim,
2068 378 2143 407 circa
2158 377 2253 415 gradus
2267 375 2369 415 praedi-

1313 410 1603 453 {tos-Episcoporum,
1611 421 1767 454 eorumque
1780 414 2005 451 Superioritatem
2018 414 2271 452 &Subjeetionem
2280 423 2369 452 ,con-

1312 447 1439 478 stituisset
1462 449 1560 487 aliqua,
1580 450 1730 487 subiunxit,
1749 451 1861 490 dicens,
1880 453 1946 482 Nos
1968 453 2030 482 liaec
2052 451 2201 483 secundum
2219 452 2366 482 sacrarum

1313 485 1488 524 Regularum
1509 487 1729 524 explanationem
1744 489 1993 528 Apostolicatnque
2007 491 2204 521 Traditionem
2220 489 2367 520 constitui-

1313 533 1376 554 mus
1391 534 1396 552 :
1416 534 1448 553 ex
1462 526 1560 562 quibus
1575 526 1713 555 collivitur
1729 528 1886 565 evidenter,
1903 539 1960 558 non
1974 530 2009 558 ab
2024 528 2193 566 Imperatore
2208 529 2366 558 distinctio-

1312 572 1377 592 nem
1394 562 1427 592 &
1440 563 1632 593 austoritatem
1641 550 1670 593 'I'

1312 647 1440 678 varentur
1453 639 1567 675 melitis,
1582 639 1657 675 juxta
1672 639 1777 670 Statura
1795 641 1974 678 Apostolica,
1992 642 2088 673 eadem
2102 643 2228 673 stituiffe.

1348 677 1543 720 Conlidei‘ent⁴
1555 679 1638 707 etum
1662 688 1724 715 quae
1739 701 1747 715 ,
1766 679 1798 709 Sc
1815 689 1914 718 quanta
1929 704 1937 716 ,
1957 689 1990 709 ex
2005 681 2071 719 hiis,
2092 682 2110 711 si
2126 692 2189 712 vera
2204 680 2306 719 essent,
2323 682 2366 711 in-

1314 724 1512 744 convenientia
1528 719 1720 753 lequereiitur3

1349 753 1514 790 Sequeretur
1536 756 1654 796 utique,
1673 752 1752 790 quod
1766 777 1775 791 ,
1794 753 1877 791 usque
1899 755 1931 785 ad
1954 764 2062 793 tempus
2079 756 2273 795 Constantini,
2291 757 2371 789 nulla

1311 790 1435 821 Potestas
1455 792 1511 821 elle
1535 800 1655 829 potuerit
1678 793 1707 821 iii
1729 791 1851 822 Ecclesia
1871 792 1961 823 sanet-21
1984 793 2062 831 Dei,
2080 804 2147 824 cum
2169 796 2215 825 illo
2239 804 2366 836 tempore

1309 829 1508 868 Imperatores,
1527 831 1583 859 fere
1594 839 1710 871 omnes,
1728 829 1854 861 Gentiles
1869 831 1994 868 fuerunt,
2013 831 2201 863 Persecutores
2216 833 2366 871 Ecclesiae,

1309 877 1343 897 ac
1366 868 1550 898 Praelatorum
1574 868 1713 905 ejusdem,
1735 867 1885 905 dequibus
1899 869 1955 899 dici
1968 879 2027 899 non
2041 870 2150 908 potest,
2169 872 2244 908 quod
2261 871 2365 902 Praela-

1311 907 1344 936 tis
1357 905 1495 938 Ecclesiael
1505 906 1668 943 potestatem
1682 906 1870 937 concesserint
1885 907 2018 946 aliquam,
2028 916 2056 936 ut
2071 917 2104 937 ex
2118 910 2253 943 praediffls
2266 919 2350 949 patet.

1348 943 1390 973 Ex
1403 945 1543 982 praedicitis
1558 945 1666 983 insuper
1680 945 1852 982 sequeretur,
1872 945 1950 982 qued
1964 944 2135 975 Universalis
2149 946 2286 985 Ecclesia,
2301 957 2366 986 quae

1312 982 1416 1020 Spiritu
1439 983 1544 1013 Sansto
1565 984 1690 1022 regitur,
1705 992 1801 1020 erret,
1821 984 1854 1014 ὃς
1875 984 2024 1020 erraverit,
2049 984 2118 1020 ipso>=
2131 984 2296 1014 honorando
2314 996 2365 1025 pro

1313 1020 1434 1050 Santstis:
1454 1022 1530 1060 quod
1545 1020 1585 1050 est
1601 1022 1693 1058 utique
1709 1030 1807 1051 contra
1821 1021 1887 1051 illud
1901 1045 1909 1059 ,
1928 1020 2003 1060 quod
2019 1021 2150 1051 Christus
2169 1022 2317 1062 discip-uiis,
2336 1026 2366 1054 in

1313 1058 1481 1089 Ascensione
1501 1058 1545 1089 sua
1558 1081 1567 1096 ,
1587 1067 1617 1089 ut
1639 1060 1667 1088 in
1690 1058 1786 1089 sancto
1802 1059 1955 1090 Evaiirrelio
1978 1057 2097 1089 Mathaei
2112 1060 2226 1099 legitur,
2243 1063 2367 1099 promiiit

1313 1096 1426 1135 dicens,
1444 1096 1513 1134 Ego
1528 1097 1675 1127 vobiscum
1691 1097 1752 1126 suin
1766 1097 1850 1135 usque
1865 1083 1900 1127 ad
1913 1098 2185 1128 consummationem
2201 1098 2307 1136 seculi,
2327 1100 2366 1128 se-

1313 1135 1440 1165 cundum
1461 1137 1537 1165 enim
1553 1134 1618 1164 istos
1631 1134 1747 1165 Diaboli
1764 1136 1863 1173 Filios,
1880 1145 1932 1173 pro
1948 1136 1996 1165 illo
2015 1145 2159 1175 ternpore,
2178 1146 2241 1166 ver]
2258 1136 2367 1167 Christi

1314 1172 1466 1203 Promiffio
1478 1183 1537 1203 non
1553 1172 1658 1211 fuiil'et,
1678 1183 1731 1203 nec
1745 1173 1839 1212 aliquis
1856 1173 1969 1204 illorum
1984 1173 2173 1212 Pontificum,
2190 1175 2237 1212 qui
2252 1176 2268 1205 a
2282 1175 2368 1206 Pava-

1314 1212 1355 1241 iiis
1376 1212 1487 1242 fuerunt
1507 1222 1542 1241 eo
1555 1220 1683 1251 tempore
1698 1212 1855 1249 interfecCti,
1874 1212 1967 1242 Sancti
1980 1212 2106 1250 fuerunt,
2125 1223 2177 1243 nec
2193 1223 2243 1250 pro
2258 1200 2368 1244 Sanffiis

1314 1249 1445 1280 honorari
1466 1250 1596 1280 deberent
1613 1260 1618 1279 :
1638 1250 1695 1280 hoc
1715 1260 1828 1289 quoque
1849 1249 1889 1280 est
1907 1250 2029 1288 expresse
2046 1260 2144 1280 contra
2159 1251 2236 1280 illuni
2253 1252 2368 1283 Articu-

1315 1288 1374 1318 lum
1391 1311 1400 1326 ,
1425 1288 1556 1319 UNAM
1571 1312 1580 1324 ,
1607 1288 1810 1319 SANCTAM
1826 1311 1835 1326 ,
1863 1287 2151 1318 CATHOLICAM
2166 1313 2175 1326 ,
2202 1297 2252 1318 ET
2274 1290 2369 1320 Apo-

1316 1335 1437 1356 sToLI
1448 1336 1491 1356 cii
1502 1335 1546 1365 M,
1572 1326 1674 1356 Ech
1686 1335 1723 1356 as
1735 1336 1745 1356 1
1757 1337 1776 1357 A
1787 1335 1827 1365 M,
1847 1328 1927 1365 quia,
1951 1326 2106 1357 secundum
2119 1336 2181 1364 eos,
2204 1337 2257 1357 nec
2279 1328 2368 1359 santTta

1313 1365 1384 1401 fuit,
1404 1375 1454 1402 pro
1468 1366 1515 1395 illo
1529 1374 1674 1403 tempore,
1694 1374 1747 1395 nec
1764 1365 1855 1402 potuit
1869 1365 1924 1395 dici
1938 1364 2040 1395 saneta.

1352 1403 1463 1433 Utrum
1484 1413 1576 1434 autem
1590 1405 1620 1433 in
1632 1403 1764 1433 omnibus
1778 1403 1952 1442 apostolicis,
1969 1413 2002 1434 ac
2019 1405 2046 1433 in
2061 1402 2244 1441 fimplicibus,
2263 1403 2295 1434 ὃ(
2310 1414 2371 1435 non

1314 1441 1501 1481 simplicibus,
1519 1442 1716 1472 Sacerdotibus
1728 1442 1808 1472 fuerit
1823 1441 1937 1472 Ordinis
1950 1441 2071 1480 potestas
2084 1441 2195 1480 aequalis
2204 1464 2213 1480 ,

1354 1480 1489 1510 Dicimus
1504 1480 1600 1518 quod,
1618 1489 1752 1519 quantum
1765 1479 1799 1510 ad
1820 1479 1941 1510 Ordinis
1956 1480 2137 1519 dignitatem,
2153 1489 2227 1519 pares
2241 1479 2318 1517 sunt,
2337 1479 2371 1510 &

1315 1518 1438 1548 fuerunt:
1458 1521 1539 1557 teque
1551 1520 1629 1548 enirn
1644 1518 1778 1548 Sacerdos
1793 1518 1909 1557 quilibet
1922 1518 2117 1549 sacerdotalem
2131 1517 2311 1548 caracterem
2328 1528 2371 1548 re-

1316 1557 1409 1594 cepit,
1425 1557 1492 1594 rite,
1511 1557 1543 1587 &
1558 1556 1710 1586 secundum
1722 1557 1843 1586 formam
1860 1556 2008 1594 Ecclesiae,
2025 1556 2193 1587 Ordinatus:

1354 1593 1477 1624 Potestis
1497 1603 1590 1625 autem
1612 1594 1693 1632 ipiius
1708 1594 1822 1624 Ordinis
1837 1605 1902 1633 par,
1920 1595 2014 1635 quoad
2030 1595 2242 1625 Sacramentum
2258 1594 2372 1633 Altaris,

1314 1634 1434 1662 omnino
1447 1642 1506 1662 non
1523 1632 1628 1670 existit,
1647 1642 1700 1662 nec
1711 1633 1814 1670 extitit,
1833 1633 1978 1672 simplicis,
1992 1633 2025 1663 δε
2041 1643 2100 1662 non
2114 1633 2258 1670 simplicis,
2274 1633 2373 1663 Sacer-

1314 1670 1387 1700 dotis
1400 1694 1409 1707 ,
1433 1671 1510 1709 quod
1530 1679 1628 1710 patet,
1652 1672 1716 1709 quia
1731 1694 1740 1709 ,
1760 1670 1881 1700 Potestas
1905 1671 2035 1709 Ligabilis
2057 1671 2090 1701 δε
2112 1671 2299 1708 Suspeniibilis
2316 1671 2373 1710 illi,

1314 1719 1377 1747 qiiae
1392 1709 1467 1747 ligari
1481 1709 1525 1740 vel
1539 1708 1661 1746 suspendi
1678 1709 1790 1748 nequit,
1808 1718 1982 1748 nequaquam
1995 1719 2041 1748 par
2054 1709 2146 1747 potest
2163 1710 2216 1739 dici
2231 1719 2237 1738 :

1352 1746 1473 1777 Constat
1494 1756 1587 1777 autem
1605 1748 1682 1785 quod
1698 1747 1772 1785 Papa
1787 1748 1803 1776 li
1825 1757 1869 1777 tire
1884 1748 1974 1787 potuit
1987 1748 2104 1776 aliorum
2119 1747 2318 1785 Sacerdotum,
2336 1747 2371 1778 &

1313 1785 1472 1823 suspendere
1484 1785 1667 1825 potestatem,
1685 1786 1722 1816 sic
1739 1788 1797 1823 quo
1833 1786 1907 1816 licite
1921 1787 1960 1816 uti
1975 1785 2050 1815 dicia
2064 1785 2203 1816 Potestate
2217 1795 2275 1815 non
2290 1795 2370 1825 pote-

1313 1832 1393 1862 runt,
1413 1825 1477 1854 licet
1499 1823 1615 1854 effeetus
1637 1824 1825 1862 subsequatur,
1845 1824 1864 1854 si
1881 1823 1920 1854 usi
1935 1824 2064 1861 fuerunt,
2083 1824 2115 1854 ὃς
2130 1825 2176 1861 ipsi
2191 1824 2250 1854 sunt
2266 1833 2299 1853 ex
2312 1824 2371 1854 hoc

1312 1863 1415 1893 merito
1432 1862 1581 1902 puniendi,
1596 1863 1684 1892 nullus
1695 1871 1787 1892 autem
1802 1863 1920 1892 aliorum
1935 1862 2122 1892 Sacerdotum
2136 1861 2302 1900 potestatem
2318 1862 2372 1892 Pa-

1312 1910 1357 1938 pae
1377 1901 1457 1940 ligare
1479 1901 1524 1930 vel
1545 1901 1704 1938 suspendere
1724 1900 1832 1939 potest,
1850 1900 1927 1938 quod
1947 1901 2030 1930 etiam
2055 1900 2091 1930 de
2106 1900 2162 1930 aliis
2176 1901 2372 1938 Superioribus

1312 1939 1345 1969 &
1367 1939 1546 1969 Inferioribu:
1566 1947 1657 1979 patet,
1675 1948 1708 1968 ex
1722 1949 1780 1978 quo
1795 1938 1913 1977 sequitur
1926 1938 2066 1969 evidenter
2076 1961 2085 1977 ,
2102 1938 2183 1977 qu'od
2197 1938 2316 1976 potestas
2330 1948 2374 1968 es-

1311 1977 1349 2007 set
1369 1977 1504 2016 Ordinis,
1526 1978 1696 2016 superiorum
1717 1978 1750 2008 δε
1773 1977 1937 2008 inferiorum
1958 1976 2161 2015 Sacerdotum,
2183 1977 2304 2007 omnino
2323 1986 2373 2014 pat

1307 2015 1425 2054 judicari
1437 2026 1496 2045 non
1513 2015 1613 2053 potest.

1349 2053 1544 2085 Concedimus
1558 2062 1654 2084 tamen
1669 2053 1766 2091 quod,
1781 2053 1801 2083 fi
1815 2054 1872 2084 fine
1887 2054 2054 2091 probatione
2069 2052 2175 2093 aliqua,
2190 2052 2318 2083 Minores
2333 2052 2372 2084 ufi

1311 2091 1414 2123 fuerint
1436 2092 1594 2130 hujusmodi
1612 2091 1729 2122 Ordinis
1750 2091 1902 2131 potestate,
1922 2101 1986 2130 puta
2006 2091 2140 2122 Hostiam
2161 2090 2353 2122 consecrando

1311 2141 1359 2170 par
1378 2131 1498 2169 sequitur
1519 2130 1656 2167 eff-'etstus3
1678 2132 1760 2168 aeque
1783 2132 1860 2160 enini
1872 2153 1881 2169 ,
1899 2131 2010 2168 prolatis
2032 2131 2123 2160 verbis
2142 2130 2193 2160 illis
2207 2152 2217 2168 ,
2241 2130 2312 2160 Hoc
2327 2140 2343 2159 e

1312 2179 1413 2209 corpus
1434 2179 1550 2208 meum,
1567 2169 1627 2199 &c.
1644 2170 1659 2199 Ξι
1674 2169 1791 2207 simplici
1806 2169 1974 2207 Sacerdote,
1993 2168 2023 2198 fit
2037 2168 2307 2199 Transubstantiatio
2324 2178 2377 2206 pa·

1312 2209 1354 2237 nis
1378 2209 1407 2238 in
1428 2218 1529 2246 corpus
1549 2206 1673 2244 Christi,
1692 2207 1761 2238 sicut
1782 2207 1801 2238 si
1816 2218 1846 2239 ea
1860 2207 1992 2246 Superior
2007 2206 2178 2246 protulisset,
2197 2207 2275 2245 quod
2289 2216 2321 2237 ex
2336 2216 2373 2237 eo

1312 2248 1479 2283 contingere
1501 2246 1640 2284 noscitur,
1659 2247 1723 2284 quia
1743 2256 1813 2276 unus
1834 2247 1867 2277 &
1888 2247 1964 2276 idern
1977 2245 2018 2275 est
2033 2245 2169 2276 Sacerdos
2183 2245 2311 2283 interior,
2328 2246 2373 2275 vi·-

1312 2285 1414 2316 delicet
1434 2285 1576 2323 Christus,
1600 2286 1664 2324 qui,
1684 2284 1792 2322 prolatis
1816 2285 1905 2315 verbis
1928 2284 2068 2322 praedietis
2088 2284 2104 2313 a
2118 2283 2267 2314 Sacerdote
2280 2283 2373 2323 quoli-

1313 2325 1377 2361 bet,
1396 2325 1492 2355 animo
1513 2322 1711 2361 consecrandi,
1725 2322 2028 2353 Transtibstantionem
2049 2322 2207 2359 hujusmodi
2225 2322 2312 2360 facit,
2338 2322 2374 2352 δε

1313 2362 1379 2393 ideo
1401 2373 1461 2392 non
1482 2362 1522 2391 est
1547 2363 1649 2392 mirum
1664 2362 1682 2391 ii
1697 2370 1744 2400 par
1758 2361 1876 2392 effestus
1891 2360 1966 2399 sequi
1982 2361 2082 2391 debeat
2095 2361 2186 2390 verbis
2201 2360 2340 2397 praedietis
2356 2361 2373 2390 a

1314 2410 1496 2440 quocumque
1515 2400 1666 2431 Sacerdote
1688 2399 1817 2438 prolatis,
1835 2400 1906 2431 cum
1929 2409 1999 2430 unus
2018 2399 2051 2430 &
2072 2398 2150 2429 idem
2172 2398 2263 2429 Adtor
2281 2397 2375 2436 hujus-

1316 2439 1396 2469 modi
1410 2440 1466 2470 esse
1484 2438 1610 2469 noscatur
1626 2437 1753 2469 eflectCis.

1350 2478 1455 2508 Adhuc
1476 2477 1519 2507 isti
1540 2477 1669 2507 Blasfemi
1692 2477 1806 2515 dicunt,
1824 2477 1902 2517 quod
1924 2483 1983 2507 tota
2004 2474 2144 2514 Ecclesia,
2162 2475 2242 2506 simul
2258 2474 2376 2514 juncta,

1315 2516 1425 2547 nullum
1440 2516 1588 2546 hominem
1603 2516 1700 2554 punire
1716 2515 1798 2553 possit
1806 2514 2098 2553 punitionecoaCtivfi,
2113 2514 2160 2543 nifi
2170 2514 2309 2544 concedat
2316 2513 2375 2544 hoc

1318 2555 1491 2593 Imperator3
1509 2554 1586 2593 quod
1600 2556 1695 2592 utique
1709 2553 1860 2584 Doc‘trinae
1875 2553 2042 2592 evangeiicae
2058 2552 2182 2583 noscitur
2194 2552 2318 2583 obviare.

1353 2593 1473 2624 Constat
1491 2594 1568 2623 enim
1586 2593 1664 2632 quod
1679 2615 1688 2630 ,
1712 2594 1726 2622 a
1748 2591 1883 2630 Christo,
1907 2592 2008 2629 Petro,
2026 2592 2078 2629 &,
2095 2593 2124 2620 in
2146 2591 2261 2628 persona
2282 2590 2374 2627 Petri,

1317 2631 1466 2669 Ecclesiae,
1486 2630 1609 2661 Potestas
1631 2631 1772 2661 Coaffiva
1790 2629 1938 2668 concessa,
1956 2630 2000 2659 vel
2015 2630 2106 2660 saltem
2126 2629 2254 2666 proniiss'a
2268 2630 2375 2665 extitit;

1340 2680 1384 2700 uae
1410 2671 1524 2708 quidem
1548 2668 1701 2699 Promisfio
1726 2669 1778 2699 suit
1798 2668 1893 2706 postea
1917 2668 2065 2707 adimpleta
2087 2667 2157 2697 cuin
2179 2668 2227 2697 sibi
2248 2666 2376 2696 Christus

1317 2680 1388 2739 dixit
1402 2732 1410 2745 ,
1436 2708 1653 2747 Qiodcumque
1675 2708 1797 2746 ligaveris
1819 2707 1896 2747 super
1916 2706 2054 2744 Terram,
2077 2707 2137 2736 &c.
2160 2705 2278 2742 ligantur
2298 2705 2375 2735 enim

1317 2756 1378 2777 non
1393 2747 1483 2777 solum
1499 2747 1664 2783 voluntarii,
1682 2747 1719 2775 set
1735 2745 1826 2775 inviti.

1355 2785 1458 2816 Adhuc
1481 2785 1615 2822 constat,
1644 2785 1713 2814 sicut
1733 2785 1771 2813 ibi
1798 2784 1898 2820 legitur
1919 2783 1947 2813 in
1969 2781 2115 2818 Maihaeo,
2139 2781 2218 2819 quod
2241 2781 2259 2811 si
2279 2781 2377 2819 aliquis

1318 2822 1475 2862 dampnum
1496 2824 1542 2854 alii
1563 2822 1686 2852 indebite
1708 2821 1829 2858 dederit,
1849 2820 1973 2859 illudque
1993 2820 2027 2850 ad
2050 2819 2220 2850 Mandatum
2243 2819 2376 2850 Ecclesiae

1318 2862 1439 2891 noluerit
1457 2861 1621 2899 emendare,
1640 2860 1717 2898 quod
1740 2859 1860 2890 Ecclesia
1884 2869 1932 2895 per
1952 2858 2137 2896 potestatem,
2155 2868 2169 2887 a
2190 2857 2306 2887 Christo
2326 2858 2377 2888 sibi

1319 2900 1479 2930 concessam
1496 2922 1505 2937 ,
1534 2900 1623 2936 ipsum
1651 2898 1686 2929 ad
1716 2898 1773 2928 hoc
1803 2908 1850 2936 per
1873 2897 2185 2927 Excommunicationis
2206 2896 2378 2926 Sententiam

1320 2938 1492 2974 compellere
1507 2936 1615 2974 potest,
1633 2946 1695 2975 quae
1710 2936 1824 2975 quidem
1840 2935 1964 2966 Potestas
1977 2935 2017 2965 est
2029 2936 2125 2973 utique
2139 2933 2285 2964 Coafflva.

1356 2975 1440 3006 Circa
1453 2975 1530 3013 quod
1545 2974 1585 3004 est
1599 2973 1904 3012 advertendum,quod
1919 2975 1987 3004 curn
2003 2973 2274 3003 Excommunicatio
2289 2972 2378 3010 major

1320 3014 1425 3044 nedum
1440 3014 1725 3044 excommunicatum
1741 3014 1757 3042 a
1772 3013 1949 3051 perceptione
1965 3012 2209 3042 Sacramentorum
2220 3018 2374 3048 removeat,

1320 3052 1357 3082 set
1369 3053 1450 3082 etiam
1466 3053 1481 3082 a
1494 3051 1709 3081 Communione
1724 3051 1860 3081 Fidelium
1876 3050 1964 3089 ipsum
1979 3049 2264 3080 Excommunicatum
2280 3048 2376 3078 exclu-

1319 3091 1376 3128 dit,
1396 3090 1476 3128 quod
1497 3089 1648 3127 corporalis
1669 3091 1751 3119 etiam
1774 3091 1789 3119 a
1812 3089 1929 3120 Christo
1952 3088 2076 3119 Comitio
2102 3087 2233 3118 Ecclesiae
2256 3086 2295 3115 est
2314 3096 2376 3124 per-

1322 3128 1400 3158 miffa
1438 3129 1507 3158 curn
1526 3129 1630 3166 etiam,
1651 3127 1803 3158 secundum
1816 3127 1973 3166 Imperiales
1990 3126 2093 3165 Leges,
2113 3127 2220 3163 gravius
2234 3133 2376 3164 reputetur

1319 3168 1389 3196 inter
1404 3151 1545 3196 f-lomines
1567 3165 1737 3203 conversari,
1756 3165 1934 3206 ipsorumque
1948 3166 2046 3204 privari
2061 3163 2218 3206 Suffragio,
2236 3164 2322 3202 quam
2337 3164 2373 3193 ab

1319 3205 1494 3235 Hominibus
1511 3205 1638 3243 separari,
1655 3213 1689 3234 ex
1711 3214 1768 3243 quo
1789 3204 1908 3243 sequitur
1928 3202 2092 3241 potestatem
2108 3200 2295 3239 Coietivam,
2314 3211 2374 3231 non

1318 3244 1352 3274 ab
1369 3243 1537 3281 Imperatore
1549 3242 1697 3280 TerrenO,
1715 3247 1753 3273 iet
1768 3243 1802 3273 ab
1816 3243 1874 3283 ipso
1889 3241 2019 3277 Christo,
2038 3239 2119 3270 fuisse
2130 3240 2303 3278 originaliter
2319 3239 2374 3270 Ec-

1320 3282 1429 3314 clesiam
1447 3281 1639 3312 consecutam.

1357 3320 1492 3351 Praeterea
1513 3320 1605 3350 beatus
1625 3318 1739 3357 Petrus,
1763 3319 1825 3356 post
1848 3318 2045 3349 Ascensionem
2070 3316 2213 3354 Domini,
2232 3318 2261 3347 in
2282 3315 2375 3355 perso-'

1320 3369 1387 3389 nam
1411 3358 1546 3396 Ananiae,
1563 3359 1596 3389 ἂ
1614 3357 1721 3391 Safirae,
1743 3358 1850 3388 Uxoris
1869 3357 1936 3393 suae,
1956 3356 2011 3385 sine
2034 3355 2172 3391 imperiali
2192 3354 2372 3385 concessione

1320 3397 1428 3436 aliquia,
1443 3398 1497 3428 hac
1512 3397 1571 3427 usus
1585 3395 1626 3426 est
1639 3395 1791 3442 potestate·z
1806 3397 1835 3425 in
1851 3405 1937 3438 quos,
1949 3395 2012 3432 quia
2025 3394 2059 3424 de
2074 3393 2170 3437 Pretio
2184 3394 2255 3432 agri,
2275 3392 2370 3435 *Deo
2385 3402 2405 3422 ιιι
2423 3404 2476 3439 1v4

1321 3436 1425 3473 oblati,
1441 3435 1647 3472 fraudaverant,
1666 3435 1761 3464 mortis
1773 3432 2159 3475 Sententiam'promulgavit,
2177 3441 2240 3468 quae
2255 3430 2370 3468 quidem
2385 3450 2453 3480 322,

1321 3474 1463 3505 Sententia
1478 3483 1535 3503 non
1550 3472 1680 3511 processit
1691 3472 1726 3502 de
1741 3472 1862 3509 ipsorum
1876 3470 2042 3510 Conjugum
2058 3469 2207 3500 voluntate.

1358 3513 1447 3550 Item,
1465 3512 1559 3542 beatus
1581 3510 1700 3548 Paulus,
1716 3509 1833 3548 Elimas,
1854 3509 1977 3545 Magum
1988 3531 1997 3545 ,
2014 3508 2140 3546 Sergium
2162 3506 2280 3549 Paulum
2296 3517 2309 3536 a
2326 3507 2376 3538 Fi-

1321 3551 1358 3581 de
1379 3558 1543 3590 querentem
1566 3557 1702 3585 avertere,
1721 3549 1753 3578 ad
1775 3556 1884 3585 tempus
1906 3548 1969 3576 luce
1983 3545 2128 3588 corporale
2142 3546 2275 3583 privavit,
2294 3544 2374 3576 illum

1321 3599 1436 3627 quoque
1457 3588 1669 3618 Fornicatorem
1693 3585 1878 3616 Corinthium
1900 3586 1927 3614 in
1945 3585 2032 3614 carnis
2045 3585 2187 3613 interitum
2199 3583 2309 3614 tradidit
2324 3583 2373 3614 Sa-

1323 3628 1431 3665 thanae,
1450 3634 1479 3657 ut
1494 3627 1551 3664 ejus
1566 3626 1670 3664 spiritus
1685 3624 1769 3654 salvus
1780 3623 1855 3654 esset.

1358 3666 1447 3703 Item,
1467 3663 1622 3694 Corinthiis
1643 3663 1775 3699 scriberis,
1794 3661 1862 3691 dixit
1882 3660 1957 3690 idem
1981 3659 2147 3697 Apostolus,
2177 3659 2258 3697 Qid
2272 3660 2376 3691 vultis?

1325 3705 1354 3734 in
1369 3705 1444 3742 virga
1458 3703 1492 3733 ad
1506 3712 1558 3732 vos
1571 3701 1701 3732 veniam?
1726 3711 1761 3730 an
1774 3701 1802 3729 in
1818 3700 1929 3729 caritate
1942 3699 1975 3728 &
1989 3700 2016 3728 in
2033 3697 2124 3737 spiritu
2142 3697 2376 3729 mansuetudinis?

1323 3744 1352 3773 in
1367 3752 1424 3781 quo
1437 3742 1495 3771 satis
1508 3740 1629 3778 expresse
1644 3738 1812 3768 Coaffivam
1827 3736 1989 3775 potestatem
2003 3735 2139 3775 supposuit
2154 3735 2179 3766 se
2191 3736 2300 3767 habere.

1360 3780 1430 3810 ltern
1445 3802 1454 3816 ,
1478 3778 1598 3808 scribens
1618 3776 1718 3806 eisdem
1732 3798 1741 3814 ,
1765 3776 1830 3805 alibi
1852 3775 1921 3804 dixit
1934 3799 1943 3812 ,
1967 3783 2043 3804 arma
2065 3775 2170 3804 militiae
2191 3774 2294 3804 nostrae
2313 3785 2375 3806 non

1324 3819 1385 3849 sunt
1407 3817 1551 3854 Carnalia,
1569 3815 1607 3844 set
1627 3815 1749 3854 potentia
1772 3813 1856 3849 Deo,
1873 3814 1891 3842 i.
1906 3823 1929 3842 e.
1945 3813 1962 3842 a
1974 3811 2042 3842 Deo
2056 3811 2204 3850 concella,
2220 3812 2254 3842 ad
2268 3813 2376 3844 destru-

1326 3857 1456 3887 ‹stionem
1480 3853 1678 3883 Munitionum
1694 3875 1703 3890 ,
1743 3850 1870 3882 Consilia
1894 3849 2062 3880 destruentes
2090 3851 2122 3881 &
2139 3861 2258 3881 omnem
2284 3852 2376 3883 altitu-

1324 3895 1435 3931 dinem,
1453 3891 1633 3922 extollentem
1655 3890 1681 3919 se
1703 3889 1829 3920 adversus
1850 3889 2024 3920 Sententiam
2049 3887 2125 3927 Dei,
2139 3889 2172 3920 &
2194 3889 2330 3929 sequitur,
2349 3892 2378 3920 in

1326 3940 1461 3971 promptu
1473 3930 1605 3959 habentes
1621 3928 1715 3958 ulcisci
1729 3937 1847 3958 omnem
1862 3926 2090 3957 inobedientiam.

1363 3970 1406 3999 Ex
1424 3968 1522 4008 quibus
1543 3975 1616 4005 patet
1638 3965 1756 3996 Paulum
1770 3976 1829 3996 non
1842 3966 1877 3995 ab
1891 3963 2079 4004 Imperatore,
2096 3964 2134 3996 set
2147 3976 2163 3996 a
2176 3965 2244 3996 Deo
2256 3966 2378 3997 habuisse

1327 4007 1497 4039 Potestatem
1518 4007 1600 4035 etiarn
1623 4004 1793 4039 Coaffivam
1809 4027 1819 4043 ,
1841 4004 1919 4040 cujus
1938 4005 2110 4035 contrarium
2132 4003 2260 4036 Blasfemi
2278 4005 2378 4043 praesu—

1326 4054 1413 4078 munt
1427 4045 1519 4077 dicere
1531 4042 1687 4084 supradicti.

1871 4077 1899 4111 C
1916 4089 1931 4111 c
2282 4078 2387 4110 Rursus

1471 602 1475 606 ι
1671 564 1838 609 oratificum,
1854 567 2017 607 originaliter
2030 568 2063 596 &
2077 567 2275 612 principaliter,
2293 567 2308 583 ⁸
2319 565 2364 596 sed
2386 577 2401 594 κ
2422 567 2475 593 lv,

1313 600 1348 629 ab
1370 600 1531 630 auc‘toritate
1549 601 1711 639 Apostolica
1726 602 1901 641 pmceffisse,
1922 604 2194 643 Imperatorenique,
2213 614 2241 635 ut
2257 605 2300 634 illa
2314 605 2366 634 ser-
2388 611 2450 637 32¹2
