2562 4279
45 174 123 206 Ann.
138 171 180 204 D.

73 222 158 252 1319.

46 253 114 281 Ἐάν.
132 261 160 279 2.

45 626 121 657 Arm.
136 623 176 654 D.

69 673 153 703 1319.

43 707 97 730 Ax.
118 711 158 739 13.

44 745 74 770 E.
96 750 121 767 2.

43 783 104 809 ΡΜ,
130 788 174 816 ¹3.

43 821 144 853 Rip.

43 865 172 884 murmm.

43 902 89 928 29.

32 2162 108 2193 Ann.
122 2160 164 2192 D.

59 2210 145 2241 1319.

31 2244 84 2268 An.
103 2249 145 2277 13.

30 2282 62 2306 1.
86 2288 111 2305 2.

24 2315 167 2353 eluas-¹3-

29 2357 61 2381 Ξ.
85 2363 112 2383 2.
130 2364 166 2384 m.

34 2393 111 2421 16]-

45 2807 139 2837 ³111.

59 2857 125 2883 79¹·

29 3264 104 3296 Ann.
121 3262 161 3293 D.

51 3311 139 3341 1319·

29 3345 83 3368 An.
105 3350 147 3377 ¹3·

27 3383 60 3407 Ε.
78 3389 102 3406 2.

31 3419 90 3446 Part,
109 3427 149 3453 ¹3·

30 3460 63 3483 E.
82 3465 107 3482 2.
119 3461 144 3492 p.

33 3503 165 3521 {mica-m.

38 3540 83 3566 3⁰-

199 89 278 130 182
685 79 1259 123 CONVENTIO

232 172 312 204 Hinc
329 171 370 202 est
385 171 464 212 quod
484 171 574 207 cum,
589 167 716 199 Dilectus
737 167 771 198 &
793 166 893 197 Fidelis
915 165 1024 204 noster,
1040 167 1182 198 Antonius
1200 166 1268 197 Pes-

197 210 292 248 saigne
312 210 348 241 de
364 211 470 248 Janua,
486 208 588 239 Affinis
603 205 708 243 vester,
730 205 766 236 de
789 205 953 244 quibusdam
981 205 1146 244 Angustus,
1167 206 1268 244 quibus

195 259 285 287 nuper
308 250 461 286 angariatus
473 248 613 281 extiterat,
623 245 684 282 jam
705 242 824 280 cognita
842 243 1006 274 innocentia
1028 245 1074 275 sua
1086 268 1096 284 ,
1127 253 1209 283 prout
1228 245 1268 274 'u-

198 287 274 318 stum
291 287 348 325 est,
368 287 503 317 immunis
514 284 666 322 reperitur,
693 281 832 320 praemiffa
847 283 928 313 vobis
946 282 1075 314 duximus
1096 284 1215 313 intimari
1235 293 1270 320 a,

199 334 230 357 ut
243 326 279 356 de
293 324 363 356 statu
382 325 461 362 ipsius
474 333 533 354 non
546 320 682 353 desoletur
703 321 811 352 animus
829 320 920 352 vester
931 343 942 359 ,
967 321 1006 353 set
1026 322 1118 360 potius
1147 322 1177 352 in
1198 330 1269 359 gau-

199 364 279 395 dium
292 362 432 393 exaltetur.

236 400 304 433 Dat.
322 408 351 431 ut
365 398 451 439 supra.

195 527 245 559 De
260 522 377 558 Gladiis
397 527 434 563 (θ’
453 523 618 570 Masttellis
634 528 666 557 in
684 528 817 559 Civitate
841 525 1021 570 Londonenst
1033 539 1090 558 non
1101 524 1268 572 portandis.

293 610 324 641 X
353 609 460 648 Maiori
477 610 511 641 &
529 610 706 642 Vicecomiti
721 610 960 649 Londoniarum‚
973 611 1094 643 salutem.

197 610 251 665 R
291 650 387 689 Qia,
401 657 432 680 ut
453 649 638 680 intelleximus
670 650 776 689 piures,
792 650 851 680 tam
875 650 910 681 de
929 650 1053 681 Civitate
1071 648 1167 680 nostra
1189 649 1269 680 Lori-

196 688 329 726 donensi,
345 689 430 726 quam
448 687 510 726 alii,
528 688 564 719 ad
579 673 698 719 eand'em
714 688 905 726 confluentes,
918 699 986 720 cum
1001 688 1126 726 Gladiis,
1144 687 1268 719 Masuel-

196 728 245 766 lis,
263 727 296 758 δε
314 727 371 758 aliis
391 727 502 765 Armis,
518 727 578 765 plus
598 727 808 766 Contumelias,
830 727 916 765 quam
936 737 1038 766 pacem
1055 727 1268 764 denotantibus,

197 766 229 796 in
247 765 345 796 eadem
367 764 492 796 Civitate
507 765 611 796 Notffte
626 765 741 804 Dieque
754 774 907 803 vagantur:

236 803 272 835 Et
285 805 330 835 alii
364 804 526 835 hu'usmodi
542 804 660 834 Malitiis
674 805 839 835 inhaerentes
849 827 859 841 ,
879 803 988 834 Balistas
1004 804 1037 835 ὃ(
1047 803 1136 834 Arcus
1163 804 1196 834 &
1212 803 1270 834 aliis

201 844 314 874 nocivis
329 827 390 874 ἐυη
412 843 562 883 endis,per
578 842 733 873 Civitatem
749 843 914 880 praedictam
927 842 1070 880 deferunt,
1085 843 1118 873 &
1134 826 1268 880 Lapides,

195 892 230 913 ac
250 881 360 913 Pelotes
374 882 493 913 Terreas
513 881 546 912 ad
561 881 617 911 hoc
633 890 724 919 aptaS,
740 883 773 912 <Sc
789 881 838 911 alia
852 882 957 911 nociva
973 881 1104 912 emittunt
1119 903 1129 924 ,
1151 890 1198 918 per
1217 879 1268 910 Ba-

195 920 271 990 gl’gs
282 921 315 952 &
332 921 422 952 Arcus
435 920 619 959 supradidms,
634 930 683 958 per
705 918 794 950 Vicos
807 920 840 951 &
854 919 1001 957 venenas,
1015 920 1045 949 in
1059 918 1182 950 CiVitate
1196 929 1269 957 prae-

217 970 226 990 1
260 970 290 990 a:

234 997 277 1028 Ex
301 999 417 1036 quibus,
433 997 617 1035 hominibus,
633 995 714 1027 Pacis
751 996 880 1036 Quietis,
902 996 935 1027 &
949 995 1128 1034 HonestatiS,
1142 996 1170 1026 in
1185 994 1268 1026 Civi-

193 1044 249 1068 tate
271 1036 424 1074 praediffi,
440 1035 638 1073 Degentibus,
656 1036 690 1066 &
702 1019 776 1073 al'iis,
791 1035 825 1066 ad
840 1035 960 1066 eandem
974 1035 1266 1072 confluentibus,non

194 1074 285 1106 solum
301 1076 409 1105 Timor
425 1075 515 1111 gravis
535 1075 684 1112 incutitur,
699 1073 736 1104 set
755 1074 839 1104 etiam
858 1073 993 1111 Dampna
1009 1073 1214 1112 quamplurima
1231 1075 1267 1103 ir-

194 1122 349 1158 rogantur,
364 1115 392 1143 in
408 1114 483 1150 pacis
498 1111 601 1143 nostrae
616 1112 778 1143 Loesionem
793 1111 972 1144 manifestam
986 1124 997 1151 3
1018 1111 1111 1150 unde,
1133 1122 1192 1143 nori
1209 1112 1266 1142 im-

195 1154 299 1183 merito
309 1175 318 1191 ,
333 1160 560 1182 commovemur.

233 1190 318 1229 Nos,
337 1190 461 1220 volentes
476 1189 635 1228 hujusmodi
650 1189 773 1220 Malitias
793 1188 957 1227 refraenare,
970 1189 1052 1219 vobis
1069 1190 1265 1229 praecipimus,

194 1228 312 1259 firmiter
326 1229 518 1267 injungentes,
533 1228 612 1266 quod
630 1229 660 1258 in
679 1228 801 1258 Civitate
819 1228 1006 1266 praedkstastn
1024 1227 1095 1258 locis
1113 1228 1162 1258 ubi
1181 1237 1264 1265 expe-

193 1267 255 1297 dire
267 1266 403 1305 videritis,
418 1266 523 1297 faciatis
541 1267 655 1304 publice
670 1266 836 1304 proclamati
846 1266 939 1304 ,&ex
955 1274 1029 1303 parte
1042 1265 1136 1297 nostra
1151 1265 1264 1297 firmiter

192 1306 330 1343 inhiberi,
347 1307 474 1344 quotiens
491 1305 552 1335 fore
571 1305 691 1335 videritis
709 1303 888 1341 faciendum,
908 1315 945 1334 ne
965 1304 1057 1342 Quis,
1080 1314 1129 1344 per
1152 1303 1262 1336 Civita-

191 1352 251 1375 tem
272 1344 438 1383 praedistam
459 1353 580 1381 vagans,
594 1352 639 1374 aut
656 1344 686 1373 in
707 1343 807 1373 eadem
823 1342 940 1373 Moram
957 1342 1062 1373 faciens
1107 1342 1263 1381 Gladium,

191 1381 357 1414 Masuellam
366 1381 426 1421 ,vel
444 1381 495 1412 alia
517 1382 619 1420 Arma,
634 1391 668 1411 ex
682 1382 780 1419 quibus
792 1380 986 1412 Contumelias
1002 1391 1059 1419 prae
1071 1390 1178 1412 umatur
1192 1383 1261 1412 oriri

189 1420 287 1461 posse,
301 1430 347 1452 aut
367 1421 428 1452 alias
442 1419 610 1457 Suspitiones
632 1420 698 1450 mali
714 1420 815 1450 habere
835 1420 956 1451 debeat:
986 1419 1031 1450 vel
1053 1419 1185 1451 Balistam
1217 1420 1263 1452 seu

194 1460 322 1499 Arcum,
340 1469 390 1497 pro
406 1458 574 1496 Lapidibus,
590 1458 634 1488 seu
657 1457 759 1488 Pelotis
772 1458 902 1497 Terreis,
916 1466 964 1489 aut
979 1458 1036 1490 aliis
1056 1460 1168 1490 nocivis
1210 1469 1263 1490 un-

191 1498 305 1538 dendis,
326 1498 430 1528 deferet
445 1498 475 1527 in
489 1496 613 1527 Civitate
629 1496 771 1534 praedicta.

229 1536 283 1576 Et,
296 1537 316 1568 si
331 1546 418 1575 quos,
441 1535 504 1574 post
523 1535 783 1566 Proclamationem
799 1536 846 1567 ’ὃς
867 1535 1075 1567 Inhibitionem
1098 1535 1262 1575 praedidtas,

190 1575 353 1605 inveneritis
366 1575 502 1605 contraria
518 1573 668 1612 facientes,
684 1583 752 1604 tunc
768 1584 816 1605 eos
838 1574 894 1604 sine
914 1574 1048 1605 dilatione
1071 1575 1207 1613 arestetis,
1228 1575 1262 1606 &

189 1614 231 1681 {Vl
238 1613 348 1682 Prcilsona
362 1613 457 1644 nostra
472 1612 648 1652 custodiatis,
664 1612 804 1651 quousque
831 1612 903 1643 aliud
925 1623 940 1644 a
963 1614 1046 1644 nobis
1067 1613 1216 1644 habueritis
1231 1615 1260 1644 in

234 1662 267 1682 an
288 1661 352 1683 atis:

228 1689 363 1729 Nostris,
375 1690 408 1722 &
433 1689 554 1721 Isabellae
570 1689 693 1728 Reginae
717 1690 831 1728 Angliae
876 1689 1025 1722 Consortis
1039 1689 1141 1721 nostrae
1156 1691 1262 1722 carissi-

191 1738 266 1767 mae,
278 1729 468 1760 Servientibus
484 1729 518 1759 ad
541 1728 645 1768 Arma,
660 1729 693 1760 &
708 1728 821 1759 Valettis
835 1714 1004 1768 Comitum,
1021 1730 1053 1761 &
1070 1729 1211 1760 Baronum
1226 1730 1261 1760 de

191 1766 299 1804 Regno
318 1767 434 1805 nostro,
449 1767 596 1805 videlicet,
609 1777 661 1805 pro
678 1767 807 1805 quolibet
836 1767 956 1798 Comite
968 1791 977 1806 ,
1006 1769 1050 1797 vel
1075 1767 1199 1806 Barone,
1212 1767 1261 1798 suo

189 1805 319 1844 Valctto,
336 1805 474 1836 Gladium
492 1806 613 1836 Domini
628 1805 667 1836 sui
683 1808 714 1836 in
732 1806 788 1844 ejus
812 1805 954 1844 praesentia
975 1806 1133 1846 deferente,
1147 1806 1208 1837 DU
1219 1815 1262 1838 M-

191 1851 333 1874 τΑΧΑτ
364 1843 544 1875 ΕΧΕΕΡἩ
556 1854 578 1874 s.

226 1881 315 1914 Teste
330 1882 413 1922 Rege
428 1882 501 1922 apud
517 1882 682 1922 Ebora-am,
707 1884 752 1914 16.
769 1883 816 1914 die
834 1883 983 1914 Otitobris.

727 1943 780 1971 Per
797 1939 880 1980 ipfiam
897 1944 994 1979 Regem
1013 1939 1052 1977 ὀ·
1070 1942 1224 1974 Concilium.

349 2072 399 2104 De
416 2065 595 2102 Inhibitione
616 2069 827 2103 Torneamenti
847 2067 930 2116 apud
946 2067 1106 2118 Eggefeld.

185 2154 315 2208 REX
337 2154 512 2186 Vicecomiti
528 2153 703 2185 Norffolciae
719 2154 751 2185 &
765 2152 927 2193 Suffolciae,
948 2155 1072 2186 salutem.

279 2193 466 2232 Praecipimus
478 2194 547 2232 tibi,
565 2193 680 2223 firmiter
703 2194 900 2232 injungentes,
922 2194 1001 2230 quod
1023 2195 1052 2224 in
1074 2191 1259 2233 Civitatibus,

185 2232 298 2272 BurgiS,
314 2232 396 2263 Villis
410 2232 607 2269 Mercatoriis,
621 2233 653 2263 ὃ(
670 2231 756 2261 Locis
771 2231 846 2269 aliis,
870 2233 897 2262 iu
919 2231 1024 2262 Balliva
1036 2232 1102 2270 tufi,
1114 2234 1172 2262 tam
1187 2233 1261 2263 infra

189 2271 359 2309 Libertates,
373 2280 460 2309 quam
474 2279 567 2309 extra,
580 2271 629 2300 ubi
646 2269 746 2299 videris
765 2270 894 2307 expedire
907 2293 917 2309 ,
939 2270 1053 2308 publice
1076 2270 1260 2310 proclamari,

189 2310 222 2340 ὅ(
237 2319 271 2339 ex
287 2318 364 2349 parte
376 2308 471 2339 nostra
490 2308 573 2339 facias
590 2307 705 2338 firmiter
719 2307 850 2338 inhiberi-

226 2347 276 2378 Ne
299 2349 378 2386 quis,
392 2346 518 2385 Comes,
531 2347 618 2384 Baro,
638 2345 741 2384 Miles,
754 2345 798 2376 seu
814 2346 881 2376 alius
901 2346 1078 2386 quicumque
1097 2345 1201 2377 Homo
1223 2347 1258 2378 ad

187 2386 293 2425 Arma,
313 2385 515 2424 cujuscumque
530 2384 613 2415 statiis
627 2384 674 2414 seu
687 2384 859 2415 conditionis
873 2384 987 2423 existat,
1002 2384 1052 2415 sub
1068 2385 1256 2417 Forisfadtura

185 2426 319 2455 omnium
335 2434 397 2462 quae
410 2424 492 2454 nobis
507 2423 667 2453 forisfacere
682 2424 799 2460 poterit,
817 2423 978 2461 Turneare,
1001 2422 1150 2462 Burdeare,
1167 2424 1258 2462 Justas

185 2462 298 2501 facere,
319 2463 469 2493 Aventuras
487 2472 627 2501 quaerere,
643 2461 685 2491 seu
697 2460 771 2491 aliud
791 2461 906 2492 Fastum
928 2462 1084 2492 Armorum
1105 2463 1177 2500 apud
1194 2462 1256 2500 Eg-

204 2501 277 2533 efeld
295 2503 325 2532 in
348 2501 451 2533 Balliva
467 2502 531 2539 tua,
545 2500 589 2531 seu
604 2501 671 2530 alibi
690 2499 761 2530 infra
791 2499 930 2538 Regnum
951 2500 1080 2530 nostrum
1097 2523 1107 2538 ,
1135 2501 1184 2531 nisi
1204 2511 1257 2540 pro

215 2541 373 2578 xpeditione
386 2539 506 2570 Guerrae
520 2539 621 2570 nostrae
637 2538 760 2576 Scotiae,
773 2548 921 2570 excercere
937 2538 1084 2577 praesumat
1099 2561 1110 2577 ‚
1131 2540 1187 2571 sine
1207 2541 1257 2571 Li-

181 2580 277 2610 centia
297 2578 391 2609 nostra
406 2577 532 2616 speciali:

222 2617 275 2656 Et,
290 2617 309 2647 si
327 2618 427 2657 Qos,
445 2616 507 2656 post
525 2615 785 2646 Proclamationem
799 2616 832 2647 &
846 2615 1052 2646 Inhibitionem
1075 2615 1253 2655 hujusmodi,

180 2658 319 2687 inveneris
336 2658 507 2687 contrarium
526 2654 674 2693 facientes,
689 2663 756 2685 tunc
773 2653 845 2692 Eos,
859 2664 927 2685 cum
950 2654 975 2685 E
996 2656 1035 2684 uis
1050 2655 1083 2685 &
1098 2654 1253 2693 HerneiiiS,

182 2705 217 2726 ac
232 2695 288 2725 aliis
304 2694 389 2725 Bonis
407 2693 458 2724 suis
476 2694 622 2730 attachies,
637 2694 669 2724 &
683 2693 732 2723 sub
749 2692 851 2723 Aresto
871 2692 946 2723 salvo
997 2692 1115 2724 ustodias
1130 2716 1140 2732 ,
1160 2693 1254 2725 donec

182 2734 256 2764 aliud
272 2733 339 2762 inde
355 2743 370 2763 a
386 2732 481 2763 Nobis
502 2733 627 2762 habueris
641 2733 670 2761 in
687 2731 839 2762 Mandatis.

222 2771 257 2801 Et
276 2772 352 2809 hoc,
369 2771 474 2801 sicutte
491 2770 581 2808 ipsum
604 2769 793 2810 Indempnem
815 2769 918 2800 servare
934 2792 944 2807 ,
970 2770 1003 2800 &
1019 2768 1118 2799 Nobis
1133 2770 1199 2801 inde
1219 2771 1253 2802 ad

184 2809 355 2841 Mandatum
374 2809 393 2827 ²*
412 2808 539 2839 nostrum
558 2808 723 2846 respondete
742 2808 878 2846 volueris,
892 2808 969 2838 nullo
989 2808 1079 2839 modo
1094 2810 1215 2840 omittas.

220 2847 310 2880 Teste
325 2847 408 2885 Rege
422 2847 496 2885 apud
510 2846 640 2877 Eborum
650 2869 660 2885 ,
678 2856 724 2876 20.
748 2846 794 2876 dic
809 2846 958 2877 Octobris.

412 2926 464 2954 Per
477 2923 558 2963 ipftcm
574 2926 688 2963 Regem,
701 2926 858 2953 Nunciante
871 2924 987 2954 Ricardo
1001 2924 1033 2954 de
1048 2927 1213 2966 Aremynne.

183 3002 346 3065 EOdem·
366 3002 455 3033 modo
476 3000 646 3032 Mandatum
669 3000 710 3030 est
739 3001 851 3044 singulis
871 3001 930 3044 aliis
953 3001 1183 3033 Vicecomitibus
1203 3012 1252 3041 per

260 3042 416 3080 Angham,
430 3049 550 3078 excepto
565 3039 641 3078 quod
656 3049 714 3069 non
727 3038 851 3070 scribitur
865 3049 903 3069 eis
918 3039 990 3078 apud
1007 3039 1158 3078 Eggefeld.

299 3166 358 3199 Ad
376 3169 500 3199 Comites
516 3168 553 3205 (ῥ’
574 3167 719 3207 Barones,
737 3163 772 3197 de
790 3162 967 3197 Inhibitione
980 3165 1131 3210 praetaffa.

185 3251 330 3308 REX,
353 3250 475 3282 Dileeiis
496 3253 528 3283 &
548 3251 689 3282 Fidelibus
711 3249 778 3288 suis,
798 3247 978 3288 Comitibus,
999 3248 1170 3290 Raronibus,
1187 3250 1250 3281 Mi-

257 3292 367 3329 litibus,
378 3292 411 3321 &
425 3291 560 3320 omnibus
573 3291 629 3320 aliis
643 3289 817 3320 Hominibus
831 3288 864 3319 ad
881 3289 985 3327 Arma,
997 3288 1033 3319 ad
1047 3289 1251 3320 Torneandum

186 3330 258 3370 apud
275 3329 416 3367 Eggefeld
432 3329 461 3358 in
477 3330 609 3366 proximo
624 3328 824 3365 conventuris,
839 3326 960 3357 salutem.

226 3369 426 3399 Mandavimus
439 3369 523 3397 vobis
532 3391 541 3405 ,
554 3366 603 3396 sub
619 3366 803 3396 Forisfactura
815 3367 946 3395 omnium
967 3374 1031 3403 quae
1050 3365 1130 3395 nobis
1143 3364 1252 3397 forisfa-

188 3418 250 3439 cere
270 3405 530 3445 poteriti3,firiniter
546 3404 721 3441 Inliibentes,
736 3414 771 3434 ne
794 3403 865 3441 apud
887 3403 994 3433 distam
1014 3403 1118 3433 Villam
1141 3404 1176 3434 de
1196 3404 1252 3444 Eg-

188 3446 279 3486 gefeld
288 3468 298 3483 ,
312 3445 356 3476 seu
368 3445 433 3475 alibi
448 3445 477 3473 in
492 3445 599 3480 Regno
621 3442 717 3473 nostro
731 3443 894 3480 Torneare,
909 3441 1060 3479 Burdeare,
1069 3441 1158 3479 Justas
1173 3442 1249 3473 face-

187 3495 235 3522 re,
251 3485 404 3514 Aventuras
416 3493 556 3521 quaerere,
571 3481 615 3512 seu
629 3480 740 3520 aliquod
763 3480 837 3510 aliud
856 3479 966 3511 factum
984 3480 1140 3510 Armorum
1155 3490 1251 3511 excer-

189 3533 253 3553 cere
268 3521 449 3559 praesumatis,
462 3522 511 3551 nili
530 3531 580 3558 pro
598 3519 786 3558 Expeditione
800 3519 919 3549 Guerrae
935 3517 1040 3549 nostrae
1054 3518 1179 3558 Scodce,
1195 3519 1251 3550 sine

190 3560 319 3591 Licentia
333 3559 426 3589 nostra
442 3560 561 3597 speciali.

226 3598 280 3636 Et,
294 3598 328 3628 ad
345 3598 547 3628 Inhibitionem
558 3596 716 3635 hujusmodi
730 3596 810 3626 vobis
827 3596 932 3634 plenius
951 3593 1111 3637 faciendam
1129 3617 1139 3632 ,
1171 3594 1252 3624 Dile-

189 3637 270 3667 ecum
287 3636 460 3666 Servientem
475 3635 603 3666 nostrum
619 3635 653 3666 ad
676 3635 780 3673 Arma,
794 3634 926 3666 Latorem
942 3632 1138 3672 Praesentium,
1153 3634 1187 3664 ad
1201 3643 1252 3664 vos

189 3674 321 3704 duximus
338 3674 548 3712 destinandum,

230 3710 289 3741 Cui
306 3711 402 3742 damus
419 3712 549 3750 plenam,
563 3720 661 3742 tenore
680 3711 861 3743 Praesentium
876 3733 885 3749 ,
910 3708 1080 3740 Potestatem
1098 3707 1252 3752 arestandi,

191 3751 226 3781 &
251 3748 372 3779 Prisonae
403 3750 504 3780 nostrae
523 3750 572 3781 sub
599 3749 735 3781 Custodia
772 3749 960 3781 Vicecomitis
980 3749 1067 3779 nostri
1091 3746 1254 3779 Comitatus

191 3784 369 3819 Norffolciae
383 3789 598 3826 committendi,
609 3798 709 3819 omnes
726 3788 807 3826 Illos,
837 3789 920 3827 Qios
934 3810 944 3825 ,
966 3786 1028 3825 post
1049 3786 1252 3818 lnhibitionem

193 3825 519 3897 nolstmm'praedssit&am'
538 3827 691 3858 contrarios
704 3828 838 3858 invenerit
857 3835 903 3857 aut
924 3826 1087 3867 Rebelles..-

245 3875 263 3895 n
283 3872 320 3893 cu
331 3872 360 3892 us
432 3873 458 3892 c.

265 3901 313 3933 Te
338 3911 354 3933 e
367 3885 454 3939 ’Rege
473 3903 544 3939 apud
562 3902 707 3942 Eborum,
725 3912 772 3933 20.
790 3903 837 3934 die
849 3902 997 3933 Oetobris.

418 3979 471 4009 Per
491 3977 574 4018 ipfimi
588 3982 684 4017 Regem
697 3981 856 4017 Nunciaflte
869 3979 984 4011 Ricardo
998 3978 1032 4018 de
1045 3980 1216 4020 Ayremym

1290 78 1476 129 NES,
1533 81 1926 135 LIT‘ERAE,

2188 211 2223 214 -
2401 187 2478 220 Ann.
2492 188 2534 223 Ds

1308 256 1358 288 Dc
1379 254 1532 290 Condnffu
1544 281 1554 300 ‚
1571 266 1626 303 pro
1647 258 1762 299 Scotis,
1773 255 1865 302 fitper
1883 257 1979 297 Pace,
1993 254 2063 298 five
2079 256 2224 303 Treugig
2235 257 2382 294 ineundis.
2400 235 2535 307 Ati31193⁴f

2399 308 2430 332 Ε.
2449 316 2475 336 2.

1311 337 1435 394 REX
1461 342 1594 373 omnibus
1619 340 1728 373 Ballivis
1752 340 1785 372 δε
1810 338 1949 371 Fidelibus
1966 339 2032 379 suis,
2049 341 2108 371 tam
2122 339 2194 372 infra
2213 340 2384 384 Libertates,
2402 347 2469 373 Scot.
2491 356 2531 384 ¹3·

1388 382 1474 418 quam
1493 389 1585 420 extra,
1603 381 1638 411 ad
1656 390 1727 419 quos
1744 403 1754 418 ,
1777 380 1838 410 &c.
1859 379 1981 409 fiilutem.
2404 386 2436 410 E.
2453 393 2479 412 2.
2494 395 2531 415 m,

1346 417 1444 449 Sciatis
1457 419 1536 458 quod
1560 418 1730 457 suscepimus
1746 420 1776 448 in
1795 416 1899 448 salvum
1917 418 1950 448 &
1969 416 2096 448 sccurum
2120 416 2312 450 Conductum
2330 431 2385 452 no-
2408 429 2433 448 2·

1308 455 1396 486 strum
1411 457 1565 488 duodecim
1581 458 1715 488 Personas
1729 457 1765 488 de
1781 456 1896 494 Scotia,
1911 456 2110 495 cujuscumque
2127 455 2212 487 statiis
2226 457 2384 499 fuerint,in

1307 495 1450 526 veniendo
1467 496 1550 534 usque
1563 496 1598 527 ad
1613 496 1719 527 Villam
1734 494 1861 525 nostram
1885 493 1970 525 Novi
1991 493 2081 524 Castri
2099 494 2178 533 super
2194 493 2330 537 Tynam,
2347 499 2383 530 ad
2436 495 2440 498 ”

1307 533 1485 565 ῖῑειᾶειηάυσι
1505 545 1573 565 cum
1588 534 1756 574 quibusdam
1780 533 1920 564 Fidelibus
1933 531 2052 570 nostris,
2066 543 2135 571 quos
2149 533 2258 565 ibidem
2276 535 2382 569 missuri

1308 570 1419 610 sumus,
1433 573 1467 603 ad
1486 572 1600 604 Festum
1613 573 1709 604 Sanffl
1731 571 1870 604 Nicholai
1886 572 2019 609 proximo
2036 571 2160 603 futurum
2169 595 2180 611 ,
2191 571 2270 611 super
2284 573 2360 607 Pace
2370 600 2382 615 ,

1307 608 1450 649 Treugis,
1470 611 1526 642 sive
1539 610 1730 650 Sufferentiis,
1751 612 1822 642 inter
1836 610 1921 649 Nos,
1936 610 1970 642 &
1984 608 2127 641 Homines
2149 610 2187 642 de
2202 610 2317 653 Scotia,
2336 615 2382 645 in-

1307 648 1420 687 eundis,
1437 650 1483 680 seu
1500 649 1694 680 reformandis.

1345 686 1382 717 Et
1400 687 1468 718 ideo
1486 688 1569 718 vobis
1586 688 1749 719 mandamus
1767 687 1846 726 quod
1865 685 1925 726 ipsis
1944 686 2112 720 Duodecim
2129 684 2272 730 Personis,
2285 691 2314 722 in
2330 702 2380 724 ve.

1308 725 1416 756 niendo
1431 725 1516 764 usque
1531 725 1566 757 ad
1589 726 1754 764 praedietam
1778 726 1884 757 Villam
1900 726 1984 757 Novi
2001 725 2096 757 Castri
2118 735 2151 757 ex
2173 728 2255 759 causa
2277 731 2382 767 praedi-

1309 763 1373 807 Etaq,
1392 764 1500 794 ibidem
1520 764 1676 803 morando,
1695 765 1728 795 &
1745 764 1848 795 exinde
1867 765 2029 805 redeundo,
2044 775 2113 797 curn
2128 765 2244 797 Familia
2256 767 2290 798 &
2305 768 2381 800 Her-

1308 804 1386 832 neiiis
1403 803 1454 833 suis
1472 803 1629 833 necessariis
1655 804 1683 833 in
1704 803 1802 834 Rebus
1819 810 1866 834 aut
1885 802 2014 834 Personis
2030 803 2082 835 suis
2099 814 2159 835 non
2178 805 2382 847 inferatis‚seu‚

1308 850 1442 878 quantum
1462 841 1490 870 in
1511 842 1592 871 vobis
1609 851 1625 871 e
1658 865 1668 880 ,
1683 842 1719 872 ab
1739 841 1797 872 aliis
1812 840 1906 871 inferri
1920 844 2084 881 permittatis
2097 843 2322 884 Injuriam,&c.

1308 916 1327 947 d
1344 878 1379 908 In
1397 880 1492 918 quus,
1507 880 1568 910 ὅτε.
1587 879 1670 918 usque
1687 879 1723 911 ad
1740 878 1854 911 Festum
1872 879 1968 912 Sandti
1980 881 2090 912 Hillarii
2104 883 2235 920 proximo
2256 883 2383 916 futurum

1330 925 1456 948 uratur-as.

1345 955 1437 986 Teste
1452 955 1536 995 Rege
1549 956 1623 995 apud
1636 955 1767 988 Eborum
1776 979 1787 995 ,
1803 965 1852 996 24.
1870 956 1916 988 die
1929 957 2078 990 Odiobris.

1886 1014 1942 1042 Per
1958 1016 2052 1044 Breve
2068 1015 2101 1045 de
2111 1019 2228 1055 privato
2244 1017 2344 1058 sigillo.

1304 1142 1364 1173 Pro
1378 1141 1543 1175 Willielmo
1560 1140 1597 1174 de
1615 1143 1725 1175 Monte
1749 1142 1872 1184 Acuta,
1891 1139 1984 1188 fiaeper
2005 1141 2145 1187 Expensts
2166 1144 2198 1175 in
2223 1143 2380 1189 Vaftom'a.

1304 1225 1453 1281 REX,
1471 1226 1589 1258 Dileeto
1604 1225 1721 1272 Clerico
1733 1226 1783 1258 suo
1791 1226 1962 1271 ,Richardo
1977 1226 2013 1258 de
2034 1225 2164 1272 Ellesfeld
2215 1227 2378 1262 Constabu-
2399 1238 2475 1272 Am·
2488 1241 2520 1274 D

1377 1266 1446 1296 lario
1460 1264 1510 1296 suo
1525 1265 1713 1310 Burdegaliae,
1727 1266 1772 1297 vel
1786 1275 1847 1310 ejus·
1860 1266 1975 1296 Locum
1990 1266 2116 1297 Tenenti
2150 1250 2272 1310 iasutem.
2369 1290 2372 1292 v
2418 1289 2430 1310 1
2521 1267 2529 1277 ¹

1316 1344 1322 1348 Ι
1341 1302 1439 1342 Cum,
1458 1304 1494 1334 de
1512 1303 1610 1349 Gratia
1628 1304 1721 1335 nostra
1738 1304 1849 1342 speciali
1864 1303 2082 1336 concesserimus
2114 1289 2234 1336 bilecto
2247 1307 2280 1338 δε
2294 1306 2377 1338 Fide·
2397 1289 2451 1346 An}
2459 1290 2503 1347 ¹,9‘

1302 1343 1331 1388 1]-
1342 1342 1453 1387 nostro,
1471 1343 1634 1387 Wthf-lfflt'.
1649 1343 1686 1374 de
1704 1342 1811 1373 Monte
1831 1343 1945 1382 Acuto,
1969 1329 2127 1388 Senescallo
2149 1343 2249 1375 nostro
2271 1345 2377 1377 Vasco·
2399 1361 2426 1384 E.
2447 1368 2472 1388 2·
2485 1330 2511 1358 ³⁸

1303 1391 1377 1419 niae,
1391 1391 1421 1411 in
1432 1382 1575 1443 'auxilium'
1590 1380 1726 1412 Misarum
1745 1382 1778 1427 8}
1796 1380 2002 1438 Expensarum,
2020 1382 2099 1427 Qas
2114 1382 2194 1426 idern
2208 1383 2377 1416 Senescallus
2398 1396 2462 1433 Vasa.
2482 1406 2524 1434 ¹3·

1303 1419 1398 1489 iffi}
1411 1420 1529 1489 3313?
1531 1419 1692 1503 namra?
1695 1419 2375 1504 ¹²51ssssss⁵F¹22¹i¹smff2siss¹e⁶ic¹iffiz⁰2¹5affiss¹{¹025
2400 1439 2463 1501 ¹5¹⁶?-
2481 1445 2522 1466 ¹²²·

1300 1498 1424 1543 suetum,
1437 1506 1573 1536 quantum
1594 1497 1688 1528 eidem
1710 1496 1866 1529 Senescallo
1887 1497 1951 1528 alias
1967 1497 2156 1529 conceffimus
2177 1508 2211 1529 ex
2233 1500 2315 1532 causei
2332 1500 2375 1532 su-

1301 1536 1611 1618 percdias’mandamus
1634 1575 1713 1614 quod
1729 1574 1823 1606 eidem
1841 1574 1996 1618 Senescallo
2016 1573 2114 1606 nostro
2136 1583 2247 1607 tantum
2260 1600 2270 1615 ,
2288 1586 2376 1616 quan·

1301 1621 1363 1644 turn
1387 1615 1412 1644 ei
1427 1613 1490 1644 alias
1505 1614 1694 1658 concessimus
1705 1623 1743 1660 fx
1759 1613 1839 1657 causa
1854 1614 1986 1658 praedieta
2001 1637 2012 1669 ,
2032 1614 2106 1658 ultra¹
2122 1613 2251 1672 Feodum
2271 1615 2375 1674 pssaedi-

1300 1651 2302 1729 5231?sdisffffilssbssssssssscijlssssiaessiffiffissvssiss3ffiffinfssbiss'&
2317 1665 2372 1724 38:
2410 1661 2508 1737 ‘²722‘

1301 1729 1343 1759 bis
1361 1729 1527 1760 sufficientes
1545 1729 1646 1760 fuerint
1664 1731 1692 1759 in
1709 1730 1760 1760 hac
1780 1738 1867 1767 parte:
1887 1728 1923 1759 Et
1941 1729 2009 1759 Nos
2029 1730 2112 1759 vobis
2130 1730 2214 1770 inde,
2229 1732 2259 1762 in
2277 1730 2372 1763 Corn-

1301 1777 1373 1806 poto
1387 1767 1496 1806 vestro,
1515 1768 1640 1798 debitam
1658 1767 1865 1799 Allocationem
1880 1768 1982 1798 habere
1993 1768 2138 1800 faciemus.

1338 1806 1428 1838 Teste
1443 1806 1527 1845 Rege
1542 1806 1614 1847 apud
1627 1806 1773 1846 Eborum,
1793 1815 1840 1846 25.
1859 1806 1905 1837 die
1923 1805 2071 1838 octobris.

1871 1886 1925 1915 Per
1943 1886 2036 1915 Breve
2056 1885 2088 1915 de
2098 1887 2214 1924 privato
2233 1885 2333 1924 Sigillo.

1463 2014 1557 2058 Super
1580 2011 1785 2054 CancelLario,
1797 2013 1834 2049 ῥ’
1855 2013 1976 2058 Magno
2001 2010 2105 2057 Sigillo
2124 2012 2224 2057 Regis.

1383 2098 1503 2131 Eiron
1515 2110 1534 2131 A
1545 2109 1630 2131 NDU
1640 2108 1668 2130 M
1687 2099 1764 2141 quod
1777 2103 1908 2130 Dominus
1922 2101 1999 2138 Rex,
2017 2099 2065 2129 26.
2073 2099 2114 2129 die
2129 2099 2373 2139 OHobris,Anno,
2393 2101 2468 2134 Arm,
2483 2102 2524 2137 D,

1391 2137 1453 2174 &iu
1475 2149 1517 2177 13.
1539 2140 1613 2178 apud
1629 2139 1750 2169 Eburum
1765 2142 1891 2177 praecepit
1907 2160 1917 2176 ,
1943 2137 2095 2180 Venerabili
2119 2140 2220 2177 Patri,
2243 2137 2373 2177 Johann'i
2413 2151 2499 2187 13¹2·

1300 2176 1333 2205 de
1348 2177 1490 2217 Hothum,
1508 2177 1611 2218 Ehenfi
1631 2178 1772 2217 Episc'opo,
1788 2177 1954 2207 cancellario
1962 2176 2109 2216 suo,quod
2123 2178 2162 2206 ad
2176 2180 2371 2207 Denunciatio-
2392 2184 2443 2210 An.
2463 2190 2507 2220 ¹3·

1299 2226 1360 2244 nem
1380 2216 1509 2256 alicujus,
1533 2216 1717 2256 cujusc'umque
1728 2216 1821 2256 statiis
1831 2216 1942 2254 fuerit,
1969 2215 2008 2243 ad
2022 2217 2104 2253 ipsum
2124 2215 2321 2245 Camellarium
2336 2226 2371 2245 ex
2392 2224 2424 2247 E.
2445 2228 2473 2247 2.

1292 2261 1375 2292 parte
1396 2257 1473 2292 Regis
1491 2259 1643 2293 venientis,
1658 2266 1710 2284 non
1721 2255 1812 2295 faciat
1834 2256 2029 2283 Executionem
2051 2252 2165 2291 alicujus
2179 2255 2308 2283 mandati
2314 2254 2369 2292 sub
2390 2258 2487 2296 Claus.

1300 2295 1405 2329 Magno
1424 2292 1516 2330 Sigillo
1531 2305 1539 2322 1
1549 2293 1605 2333 fius
1623 2296 1718 2332 Regis,
1736 2293 1785 2334 nifi
1801 2292 1869 2322 idem
1889 2295 2021 2321 Dominus
2040 2294 2100 2320 Rex
2126 2300 2263 2322 ore-tenus
2285 2293 2368 2322 eidem
2395 2305 2437 2332 ¹3·
2453 2301 2484 2325 Ε.
2495 2307 2535 2329 ².·

1300 2331 1467 2361 Camellario
1490 2301 1663 2361 vasantatem
1683 2332 1764 2372 suam
1784 2331 1847 2362 inde*
1870 2331 1990 2368 dixerit,
2009 2329 2121 2370 velfibi
2138 2333 2254 2361 Literas
2266 2329 2369 2369 miserit
2389 2337 2518 2366 m.16.d.

1289 2367 1342 2408 βψ
1361 2372 1481 2400 Privato
1499 2369 1656 2409 Sigillofiao.

1295 2446 1361 2501 M
1370 2445 1395 2477 E
1404 2456 1429 2477 Μ
1439 2457 1460 2477 o
1470 2457 1492 2478 R
1505 2457 1523 2478 A
1532 2456 1556 2478 N
1566 2455 1616 2494 Di]
1627 2455 1655 2478 M
1673 2447 1704 2490 qle
1727 2458 1824 2485 magno
1837 2445 1928 2493 sigilio
1941 2448 2035 2484 Regis,
2055 2445 2192 2476 liberando
2207 2446 2323 2476 Roberto
2335 2447 2369 2477 de

1380 2485 1516 2526 Bardelby
1532 2485 1649 2524 clerico,
1657 2486 1738 2525 super
1759 2485 1924 2516 Cancellario
1941 2485 2027 2515 eundo
2045 2485 2086 2515 ad
2104 2487 2219 2515 Novum
2240 2485 2366 2525 Castrum

1289 2523 1372 2564 fitper
1386 2526 1490 2564 Tynam
1505 2528 1534 2555 in
1549 2527 1666 2563 Negotia
1685 2527 1771 2562 Regis.

1379 2601 1404 2633 E
1414 2610 1440 2632 M
1449 2612 1470 2632 o
1480 2611 1503 2632 R
1513 2611 1534 2632 Α
1544 2610 1568 2632 Ν
1576 2611 1596 2645 p
1604 2610 1627 2632 υ
1637 2609 1664 2632 Μ
1695 2600 1728 2630 de
1746 2612 1842 2638 magno
1864 2600 1952 2639 sigillo
1964 2603 2043 2639 Regis
2051 2624 2060 2640 ,
2077 2599 2218 2631 liberando
2236 2600 2273 2640 J
2289 2603 2367 2631 Nor-

1286 2676 1368 2718 fimm
1383 2641 1633 2710 nazissezgvfipiscopo
1642 2663 1652 2680 ,
1665 2650 1742 2681 quem
1761 2642 1821 2669 Rex
1835 2643 1865 2670 in
1874 2640 1954 2679 pleno
1967 2639 2154 2670 Parliamento
2167 2639 2367 2670 cancellarium

1293 2805 1351 2836 Pro
1370 2802 1608 2850 Diſj>ensiztione‚
1619 2803 1710 2850 fhper
1726 2805 1932 2836 Alatrimonio
1945 2830 1955 2845 ,
1972 2806 2050 2836 inter
2070 2805 2158 2849 Regis
2175 2805 2362 2849 Primogeni-

1435 2863 1501 2885 tum
1513 2880 1524 2896 ,
1545 2855 1582 2891 (9²
1598 2853 1712 2886 Piliam
1730 2852 1890 2886 Willielmi
1908 2854 2031 2885 Comitis
2050 2850 2231 2885 Hollandiae.

1290 2938 1329 2994 P
1340 2938 1449 2971 APAE
1472 2939 1536 2970 Rex
1551 2938 1653 2970 devota
1666 2938 1773 2977 pedum
1786 2936 1879 2969 oscula
1894 2937 2052 2969 beatorum.

1365 2979 1466 3016 Nuper
1489 2979 1569 3009 variis
1588 2978 1698 3009 utilibus
1717 2977 1750 3008 &
1771 2976 1927 3008 necessariis
1950 2976 2046 3007 Causis
2083 2975 2151 3018 N0⁵.
2169 2975 2202 3005 &
2224 2973 2357 3006 Proceres
2395 2998 2408 3020 1
2437 3000 2447 3020 Ι

1290 3018 1385 3057 Regni
1400 3017 1487 3047 nostri
1497 3026 1633 3056 ,quorum
1646 3015 1776 3046 Consiliis
1790 3016 1824 3047 &
1842 3014 1957 3046 Auxiliis
1971 3015 2041 3045 dieti
2054 2999 2153 3058 Regni
2167 3012 2298 3051 Negotia
2311 3014 2356 3059 di-
2373 2999 2428 3057 Aa}
2450 3000 2493 3066 ,93'

1290 3058 1434 3094 riguntur,
1452 3055 1647 3086 rationabiliter
1663 3054 1965 3092 moventibus,oblato
1978 3052 2132 3090 Nob1s‚ex
2148 3060 2223 3089 parte
2235 3051 2355 3083 Nobilis
2375 3072 2404 3095 E.
2420 3077 2446 3094 ,υ

1290 3096 1371 3134 Viri,
1386 3094 1421 3124 R.
1439 3093 1583 3124 Hanoniae
1600 3094 1633 3125 &
1653 3092 1790 3135 Selandiae
1804 3091 1945 3135 Comitis,
1956 3100 1990 3121 ac
2009 3090 2136 3120 Domini
2151 3090 2241 3121 Frisiae
2252 3113 2264 3135 ρ
2283 3091 2355 3135 ,Μα-
2374 3110 2445 3134 Rom.
2470 3103 2505 3139 ό,

1289 3135 1445 3171 trimonio,
1457 3134 1530 3163 inter
1549 3131 1721 3163 Edwardum
1736 3129 1967 3166 Prii'nogenitum
1988 3128 2118 3159 nostrum
2135 3151 2145 3168 ,
2173 3130 2207 3160 &
2228 3129 2356 3160 Sibillam
2375 3148 2415 3172 Fr.
2445 3153 2488 3175 η.

1290 3173 1388 3203 Filiam
1402 3172 1480 3209 ipsius
1500 3170 1625 3201 Comitis
1643 3168 1838 3200 contrahendo
1850 3190 1860 3206 ,
1890 3166 2118 3198 Communicato
2140 3167 2174 3197 &
2194 3167 2356 3200 Deliberato
2374 3187 2396 3210 E
2421 3192 2447 3209 Ζ,
2463 3176 2504 3210 ’Μ’

1290 3210 1418 3241 Consilio
1431 3209 1613 3247 disposuimus
1634 3206 1811 3243 consentire,
1833 3206 1967 3246 sperantes
1985 3215 2019 3236 ex
2040 3205 2200 3244 hujusmodi
2224 3205 2356 3243 Coniun-
2377 3205 2405 3257 7⁸

1290 3250 1388 3280 ctione
1403 3247 1598 3285 Tranquilitati
1615 3246 1648 3276 δε
1666 3244 1733 3275 Paci
1748 3266 1758 3283 ,
1788 3254 1845 3274 non
1862 3244 1951 3275 ibium
1971 3243 2068 3283 Regni
2086 3244 2190 3287 nostri,
2214 3244 2251 3275 set
2268 3246 2354 3276 etiam
2397 3241 2404 3249 '

1290 3286 1561 3324 Circumpolitaruin
1576 3284 1736 3314 Nationum
1750 3305 1761 3321 ,
1789 3283 1887 3314 futuris
1908 3284 2099 3321 temporibus,
2119 3282 2232 3313 Divino
2244 3282 2357 3315 favente

1289 3324 1439 3363 Praesidio,
1453 3323 1604 3362 provideri.

1327 3364 1364 3395 Et
1385 3373 1437 3401 pro
1453 3372 1509 3401 eo,
1526 3360 1605 3400 quod
1624 3360 1730 3399 iidem,
1748 3359 1831 3390 Filius
1849 3359 1883 3390 &
1902 3359 1989 3399 Filia,
2011 3361 2041 3390 in
2057 3360 2160 3391 Tertio
2177 3358 2354 3396 Consangui-

1289 3403 1380 3433 nitatis
1394 3400 1492 3432 Gradu
1513 3399 1540 3430 se
1563 3399 1723 3430 adinvicem
1741 3399 1856 3429 attinere
1869 3399 2041 3437 noscuntur,
2061 3398 2160 3429 vestrae
2173 3398 2275 3428 devote
2290 3398 2353 3435 sup-

1289 3441 1426 3478 plicamus
1449 3438 1595 3469 Sane‘titati
1616 3439 1741 3476 quatinus
1761 3447 1830 3468 cum
1852 3436 1974 3476 eisdem,
1991 3446 2021 3468 ut
2039 3435 2275 3468 matrimonialiter
2291 3445 2355 3473 pos-

1290 3480 1341 3509 sint
1357 3478 1520 3508 adinvicem
1541 3477 1685 3514 copulari,
1696 3476 1889 3512 dignaremini
1902 3486 1936 3508 ex
1950 3477 2035 3508 causis
2053 3475 2165 3514 praeviis
2177 3473 2214 3504 de
2226 3473 2352 3512 Aposto-

1288 3519 1352 3549 licae
1373 3516 1517 3546 Potestatis
1533 3514 1701 3552 plenitudine
1716 3514 1879 3552 dispensare.

1324 3555 1453 3593 Verum,
1492 3555 1554 3592 uia,
1568 3553 1685 3583 Nobilis
1703 3552 1771 3591 Vir,
1791 3552 1911 3583 Karolus
1929 3552 1965 3583 de
1989 3550 2104 3583 Francia
2116 3573 2126 3588 ,
2152 3557 2300 3593 antequam
2316 3551 2352 3582 ad

1289 3604 1340 3625 vos
1354 3592 1455 3623 nostrae
1499 3602 1575 3622 reces
1592 3590 1752 3629 hujusmodi
1770 3591 1932 3621 devenirent
1947 3614 1957 3630 ,
1984 3588 2198 3632 Dispensationis
2209 3588 2351 3632 ⁷Gratiam

1290 3633 1412 3670 optinuit
1430 3641 1480 3669 pro
1500 3629 1555 3660 filia
1573 3629 1637 3667 sua,
1661 3629 1778 3667 praefato
1801 3629 1998 3666 Primogenito
2020 3625 2257 3669 matrimonialiter
2278 3636 2350 3656 con-

1286 3670 1448 3710 jungenda,
1464 3668 1553 3699 extitit
1567 3667 1708 3705 hucusque
1722 3667 1858 3706 suspensus
1870 3667 1974 3698 nostrae
1988 3665 2135 3696 Petitionis
2148 3662 2282 3701 effeetus,
2297 3665 2350 3694 sic-

1290 3718 1319 3740 ut
1342 3707 1469 3746 praefatus
1489 3706 1597 3737 Comes
1610 3705 1709 3736 Nobis
1721 3706 1782 3743 jam
1797 3707 1907 3737 noviter
1921 3705 2083 3741 nunciavit,
2097 3702 2132 3733 de
2148 3712 2205 3739 quo
2219 3702 2350 3739 profecito

1289 3757 1326 3778 eo
1345 3747 1538 3777 vehementius
1552 3745 1649 3774 mirari
1662 3746 1810 3783 cogimur,
1826 3755 1885 3783 quo
1899 3745 1971 3775 inter
1990 3741 2055 3773 Nos
2075 3741 2108 3772 ὃς
2130 3739 2277 3778 praefatum
2292 3740 2353 3772 Ka-

1288 3785 1381 3816 rolum
1390 3808 1400 3823 ,
1413 3784 1491 3822 super
1506 3782 1710 3814 Matrimoniali
1726 3783 1883 3814 Contracta
1899 3779 2022 3811 ineundo
2031 3779 2118 3817 ,sicut
2131 3788 2184 3809 nec
2196 3779 2273 3809 causa
2287 3779 2351 3810 sub-

1290 3824 1344 3856 fuit
1364 3823 1496 3860 ineundi,
1518 3831 1578 3851 non
1600 3821 1653 3852 fuit
1670 3822 1803 3852 haetenus
1818 3819 1920 3858 aliquid
1936 3818 2129 3856 praelocutum.
2154 3856 2160 3863 ι
2307 3856 2313 3862 ι
2335 3860 2356 3861 Π

1326 3861 1392 3892 Nos
1406 3862 1496 3899 itaque
1509 3858 1688 3891 desiderantes
1699 3870 1750 3898 ea,
1771 3870 1836 3898 quae
1848 3867 1915 3888 cum
1930 3855 2053 3893 prael-‘ato
2070 3854 2188 3885 Comite
2204 3878 2215 3893 ,
2232 3860 2352 3893 nornine
2376 3866 2397 3876 ³
2410 3882 2414 3886 .

1312 3899 1407 3937 ostro,
1419 3898 1645 3930 certitudinaliter
1659 3899 1795 3929 Tra&ata
1807 3898 1839 3928 δε
1855 3893 2032 3925 Concordata
2042 3892 2148 3924 fuerant
2156 3903 2215 3963 lpro
2231 3896 2352 3925 comuni
2412 3903 2417 3906 ·

1280 3937 1405 3970 ‘utilitate
1428 3936 1527 3977 Regni
1541 3935 1644 3977 nostri,
1663 3938 1740 3976 juxta
1758 3940 1987 3976 praeconceptum
2007 3931 2134 3964 nostium
2181 3933 2356 3973 repositum,

1293 3975 1441 4016 adimpleri
1448 3987 1459 4013 3

2377 2949 2455 2982 Ann.
2471 2950 2513 2982 D.

2305 4008 2365 4040 Ve-
