2562 4279
766 193 875 236 ET
967 192 1235 234 ACTA

74 286 152 319 Ann.
166 285 207 317 D.
222 281 389 314 Concilium
415 282 548 322 praedista
576 281 737 313 summoniti
755 290 815 311 non
835 279 946 310 fuerunt
966 302 976 315 ,
1001 279 1029 308 in
1050 277 1272 308 Convocatione

96 333 179 364 1345.
221 321 300 352 Cleri
314 322 435 361 ejusdem
450 321 591 352 Dioecesis
604 344 613 358 ,
638 320 710 358 apud
723 318 877 349 Ecclesiam
892 317 1002 347 saneiae
1015 316 1137 354 Brigidae
1154 313 1274 345 Londo-

74 366 140 394 Edv.
161 373 186 400 3.
220 361 290 398 niis,
306 362 334 390 in
357 359 487 391 Crastino
502 360 597 390 Sanffi
609 358 747 397 jeronimi
767 356 956 394 postmodum
969 377 978 391 ,
993 354 1072 385 dic'io
1085 353 1172 383 Anno
1186 352 1273 395 Duo-

220 399 336 429 decimo
351 421 360 436 ,
384 397 520 428 celebrat-[i
535 420 544 433 ,
569 398 650 427 nobis
664 420 673 434 ,
700 396 768 426 ultra
788 394 942 424 Decimam
961 392 1145 422 Triennalem
1159 413 1169 429 ,
1192 391 1273 420 nobis

220 437 298 476 prius
317 447 367 475 per
383 436 510 467 eundem·
523 434 643 466 Clerum
662 433 842 470 conceffam,
860 441 927 461 tunc
941 439 1120 468 currentem,
1137 427 1274 472 concessit

221 476 255 506 ὃς
277 474 361 505 solvit
374 498 384 511 ,
414 475 446 505 ὃ(
468 475 606 504 terminos
635 473 779 504 solutionis
800 469 912 500 secundi
934 468 1012 498 Anni
1034 468 1118 499 dietae
1139 467 1273 497 Decimae

221 511 380 543 Triennalis
394 513 572 550 anticipavit,
590 513 625 542 ita
640 510 720 550 quod
735 520 750 539 a
766 508 943 547 praestatione
960 506 1103 537 Lanarum
1123 506 1274 544 praediCta-

220 561 285 582 rum
298 559 529 589 exonerarentur,

260 589 333 657 {io
350 597 504 626 praetextu,
522 598 572 626 per
594 586 682 617 Breve
699 584 827 616 nostrum
842 606 850 620 ,
870 581 1068 614 demandatum
1085 582 1167 612 fuerit
1182 581 1274 619 singu-

220 622 254 657 lis
301 626 421 665 piscopis
470 627 499 656 in
522 635 644 664 quorum
664 622 798 654 Dioecese
819 622 911 651 dietus
934 620 1028 652 Abbas
1043 621 1226 659 Temporalia
1240 620 1273 650 &

222 665 377 703 Spiritualia
398 665 433 695 ha
454 673 481 695 et
493 687 503 702 ,
515 690 518 693 .
529 663 608 702 quod
622 661 851 698 Collecftoribus,
869 659 903 689 ad
917 658 1004 689 dietas
1018 659 1123 697 Lanas,
1142 668 1196 696 pro
1211 658 1273 696 ipfis

223 702 371 741 Episcopis
384 725 394 741 ,
420 704 450 732 in
470 702 550 733 diesis
564 700 744 731 Dioecesibus
764 698 834 736 suis,
851 698 1042 736 colligendum
1056 698 1210 735 deputatis,
1225 697 1274 726 da-

223 750 286 772 rent
310 742 340 770 in
363 741 499 771 mandatis
520 739 600 778 quod
617 738 666 776 ipsi
686 737 863 767 Collectores
883 736 988 766 dictam
1008 736 1163 766 Decimam
1178 734 1274 765 Anna-

222 776 297 818 lem,
315 789 364 817 per
378 779 489 809 diffisum
505 778 624 808 Clerurn
640 776 677 806 sic
689 774 869 813 concessam,
886 774 1011 804 terminis
1027 774 1164 805 consuetis
1179 797 1188 811 ,
1207 782 1274 802 nec-

222 828 285 849 non
301 817 455 848 Decimam
468 816 537 847 dicii
553 814 665 846 secundi
679 814 755 844 Anni
768 813 942 850 Triennalis,
960 813 988 841 in
1004 812 1129 842 terminis
1141 812 1275 848 anticipa-

222 857 259 886 tis
268 879 278 895 ,
293 866 308 885 a
322 856 440 894 praefato
454 854 582 891 Abbate,
601 852 670 882 sicut
681 852 717 882 de
730 852 837 882 caeteris
851 851 920 881 dieti
934 850 1029 887 Cleri,
1047 851 1147 888 levari,
1165 850 1198 880 &
1212 858 1276 878 exa-

223 894 332 932 ebioni,
350 903 398 932 per
412 894 484 931 ipsos
497 890 674 922 Collec'iores
688 890 782 921 eidem
798 890 916 926 Abbati,
933 898 985 926 pro
999 888 1087 923 (116113>
1097 889 1277 925 Lanis‚prae-

223 937 300 964 textu
323 930 522 962 Conceffionis
541 931 574 961 &
593 928 786 960 Ordinationis
804 927 1019 966 praedietarum,
1037 927 1136 965 faena,
1155 926 1276 957 omnino

223 971 428 1039 supersederent
436 991 445 1007 ,

292 1019 323 1039 os
335 1017 445 1046 tamen,

261 1047 320 1078 Pro
341 1056 377 1076 eo
399 1045 477 1083 quod
500 1055 606 1077 nomen
627 1045 708 1084 ipsius
732 1045 847 1076 Abbatis
859 1044 929 1073 inter
943 1043 1059 1073 nomina
1074 1041 1277 1079 Praelatorum‚

226 1086 277 1123 qui
297 1085 331 1115 ad
354 1082 572 1115 parliamentum
592 1086 626 1117 &
640 1083 810 1114 Concilium
825 1081 957 1120 praedicla
971 1081 1134 1111 summoniti
1149 1081 1278 1116 fuerunt,
1318 1096 1319 1100 =

224 1123 254 1154 in
269 1122 391 1161 quodam
401 1123 762 1161 Rotulo,adScaccarium
780 1120 967 1159 praedictum,
986 1119 1021 1149 de
1033 1118 1205 1149 Cancellariai
1225 1128 1280 1148 no-

225 1161 281 1193 stra
295 1161 395 1199 miffo,
413 1161 455 1191 est
470 1161 619 1198 insertum,

260 1200 354 1237 Ipsum
377 1201 519 1230 Abbatem
540 1199 574 1229 ad
594 1198 754 1238 hujusmodi
771 1198 860 1229 Lanas
875 1219 884 1235 ,
909 1197 1012 1226 virtute
1033 1194 1234 1225 Conceffionis
1247 1194 1280 1225 δὲ

225 1237 419 1269 ordinationis
432 1238 629 1276 praedi&arum
639 1263 648 1276 ,
665 1239 737 1267 inter
749 1236 816 1266 alios
829 1235 977 1271 Praelatos,
995 1235 1044 1270 qui
1058 1233 1160 1263 eisdem
1178 1233 1279 1262 Parlia-

224 1286 323 1307 mento
343 1278 376 1308 &
393 1275 545 1314 Concilio,
560 1277 637 1314 quta
649 1275 892 1306 Summonitiones
910 1274 947 1302 eis
961 1273 1060 1309 facias,
1079 1272 1279 1308 interfuerunt,

224 1316 258 1345 &
275 1316 364 1345 Lanas
384 1315 440 1345 suas
461 1314 568 1345 ibidem
591 1314 806 1350 concesserunt,
824 1310 989 1342 solvendum
1002 1311 1121 1350 graviter
1135 1309 1279 1348 distringi,

224 1354 259 1384 ὅτ
274 1353 466 1392 multipliciter
483 1353 645 1390 inquietari,
661 1352 748 1382 facitis
761 1352 852 1380 minus
862 1349 952 1387 juste,

261 1393 352 1462 {¹1³9OE
367 1400 423 1430 quo
437 1392 520 1422 nobis
531 1391 694 1429 supplicavit
711 1389 759 1420 sibi
775 1399 824 1427 per
844 1398 895 1418 nos
908 1387 943 1418 de
960 1386 1103 1417 Remedio
1120 1385 1281 1424 provideri,

301 1441 334 1461 os

262 1455 351 1499 Ttam’
364 1468 398 1498 ad
420 1476 551 1499 contenta
562 1468 590 1497 in
607 1467 716 1497 Litteris
737 1466 836 1496 nostris
852 1463 1009 1503 praediffis,
1027 1471 1076 1500 per
1092 1471 1156 1499 quae
1167 1470 1280 1500 apparet

226 1507 338 1538 dietum
352 1506 495 1538 Abbatem
508 1506 543 1536 ad
557 1505 714 1543 hujusmodi
729 1503 913 1534 parliamenta
928 1503 961 1533 &
976 1501 1106 1544 Concilia
1121 1501 1280 1530 summone-

227 1548 250 1576 ri
273 1556 332 1576 non
351 1545 470 1582 debere,
487 1546 574 1583 quam
589 1545 622 1574 ad
637 1545 693 1574 hoc
709 1542 789 1581 qubd
801 1542 921 1580 praesatis
940 1540 1098 1578 Episcopis,
1116 1539 1152 1568 de
1163 1539 1282 1576 superse-

228 1584 289 1615 deri
310 1583 441 1614 faciendo
458 1583 608 1615 Levationi
632 1583 771 1613 Lanarum
786 1581 1000 1618 praedici’aruni,
1017 1578 1052 1607 de
1066 1578 1204 1615 praedic'io
1221 1578 1282 1607 Ab-

230 1623 310 1660 bare,
328 1631 362 1652 ex
382 1622 466 1652 causis
486 1621 625 1659 praedietis
637 1643 646 1658 ,
663 1630 712 1658 per
726 1620 830 1649 diversa
845 1618 942 1649 Brevia
955 1616 1066 1653 nostia,
1088 1616 1156 1646 sicut
1172 1625 1222 1653 per
1237 1614 1284 1644 In-

230 1661 247 1691 s
263 1661 404 1691 cerionem
419 1660 597 1690 Rotulorum
611 1658 793 1689 Cancellariae
807 1657 911 1687 nostrae
929 1656 1011 1685 nobis
1026 1654 1151 1692 constat,
1169 1655 1285 1683 deman-

252 1707 328 1729 atum
343 1699 393 1729 fuit
407 1700 435 1729 in
448 1698 542 1729 forma
556 1697 706 1736 praedicta,
725 1696 979 1727 considerationem
995 1693 1144 1735 habenteS,

270 1737 315 1767 Ac
337 1737 462 1767 volentes
477 1759 486 1775 ,
511 1737 612 1767 intuitu
634 1734 860 1774 praemissorum,
877 1732 970 1764 eidem
983 1731 1088 1761 Abbati
1102 1740 1131 1760 in
1144 1730 1195 1761 hac
1210 1738 1287 1768 parte

232 1775 292 1806 fieri
308 1775 385 1812 quod
399 1775 440 1805 est
450 1774 566 1813 justum.

269 1813 360 1843 Vobis
375 1814 540 1843 mandamus
553 1812 651 1851 quod,
670 1811 705 1850 si,
724 1820 773 1849 per
787 1810 989 1848 inspeeiionem
1005 1806 1181 1839 Rotulorum
1204 1807 1289 1837 Scae-

233 1853 299 1883 carii
315 1853 440 1889 praediffi
451 1874 460 1889 ,
478 1852 561 1881 vobis
576 1852 731 1880 constiterit
745 1849 854 1880 dicium
870 1849 1010 1878 Abbatem
1027 1847 1178 1876 Decimam

270 1889 365 1927 Ipsum
381 1890 415 1921 de
432 1889 556 1919 Decimii
572 1889 688 1926 Annali,
708 1898 791 1926 quam
806 1888 876 1917 dieti
892 1885 1024 1925 Religiosi
1046 1885 1078 1915 &
1103 1885 1145 1914 alii
1160 1867 1220 1913 viri
1236 1883 1292 1913 Ec-

233 1928 377 1959 clesiastici
400 1929 487 1958 dietae
502 1927 704 1957 Cantuariensis
721 1926 861 1956 Dioecesis
876 1949 885 1962 ,
911 1926 960 1963 qui
974 1923 1007 1954 ad
1022 1923 1244 1953 Parliamentum
1259 1923 1292 1952 &

234 1966 403 1996 Concilium
421 1966 554 2003 praedicta
570 1965 736 1995 summoniti
757 1974 815 1994 non
834 1964 947 1994 fuerunt
960 1985 969 2001 ,
988 1963 1088 1999 nobis,
1107 1962 1176 1991 ultra
1188 1961 1293 1990 dietam

236 2004 392 2034 Decimam
413 2004 595 2034 Triennalem
611 2026 620 2041 ,
638 2005 666 2032 iri
684 2002 905 2033 Convocatione
921 2000 1073 2039 praediffl,
1089 2009 1119 2030 ut
1132 2010 1146 2029 a
1161 1999 1296 2031 solutione

237 2042 271 2073 &
291 2042 469 2080 praestatione
490 2042 628 2072 dietarum
650 2041 790 2071 Lanarum
810 2043 997 2078 quietarentur
1010 2041 1043 2070 ὅς
1059 2046 1294 2075 exonerarentur,

238 2090 269 2111 ut
286 2082 480 2118 praemittitur,
498 2079 712 2117 concesserunt,
730 2080 958 2118 contingentem,

276 2119 396 2149 Solviss'e
409 2143 418 2157 ,
442 2119 475 2150 ὃ(
495 2120 632 2149 terminos
652 2118 795 2148 solutionis
821 2116 934 2148 secundi
956 2116 1032 2147 Anni
1052 2115 1138 2145 didiae
1162 2114 1296 2146 Decimae

239 2156 400 2187 Triennalis
414 2157 591 2195 anticipasse,
607 2157 676 2186 sicut
692 2157 860 2194 praedictum
877 2155 933 2193 est,
952 2164 1019 2185 tunc
1035 2153 1182 2184 demandae
1198 2155 1296 2192 (quam

239 2196 332 2227 eidem
349 2196 453 2226 Abbati
470 2221 478 2233 ,
507 2206 557 2233 pso
578 2196 659 2225 dietis
676 2195 759 2224 Lanis
774 2217 783 2232 ,
799 2195 874 2232 juxta
889 2192 1112 2224 Conceffionem
1128 2194 1160 2223 ὃς
1177 2191 1298 2222 Ordina-

240 2236 350 2264 tionem
372 2234 517 2272 praedicias
532 2257 542 2272 ,
556 2234 621 2264 inde
636 2233 737 2272 facias,
753 2233 908 2271 solvendis,
927 2231 984 2262 fieri
997 2231 1098 2267 facitis)
1115 2230 1297 2268 supersederi,

240 2274 275 2304 ὅ(
288 2273 379 2310 ipsum
393 2272 458 2302 inde
475 2273 510 2302 ad
525 2273 634 2302 dietum
649 2272 828 2302 Scaccarium
844 2272 985 2301 exonerari
1000 2271 1032 2300 &
1048 2271 1174 2306 quietum
1187 2269 1243 2299 esse
1257 2268 1298 2298 fa-

241 2312 335 2348 ciatis,
356 2321 391 2341 eo
411 2321 470 2341 non
488 2310 617 2342 obstante
641 2310 721 2348 quod
739 2319 845 2340 nomen
869 2309 938 2339 dicti
960 2308 1076 2339 Abbatis
1097 2309 1167 2337 inter
1181 2308 1299 2337 nomina

241 2349 362 2380 aliorum
383 2349 567 2380 Praelatorum
582 2373 592 2387 ,
617 2350 664 2386 qui
684 2349 718 2378 ad
740 2348 816 2378 dieta
837 2348 1056 2378 parliamentum
1078 2348 1111 2377 ὃς
1131 2345 1298 2376 Concilium

243 2387 410 2456 gmmosriiziti
423 2387 551 2427 fuerunt,
569 2389 597 2418 in
613 2387 724 2418 Rotulo
738 2386 874 2424 praedieto
891 2385 932 2416 est
946 2385 1096 2423 insertum,
1115 2384 1184 2415 sicut
1199 2383 1300 2422 praedi-

276 2435 325 2456 um
339 2436 355 2455 e
382 2451 388 2455 .

279 2463 370 2495 Teste
386 2463 472 2502 Rege
484 2463 559 2503 apud
574 2458 883 2502 westmonasterium,
900 2462 1019 2501 septimo
1036 2460 1178 2499 dieJunii.

245 2584 272 2611 δὲ
299 2587 346 2619 De
363 2586 536 2632 requirendo
555 2587 707 2634 Alligatus
724 2613 733 2628 ,
759 2595 794 2617 ut
821 2588 892 2631 Regi
911 2581 1094 2629 fitbveniant
1108 2584 1206 2627 juxta
1226 2583 1300 2614 Con-

699 2643 857 2668 venttones.

95 2595 228 2633 ‘V.458.

98 2719 175 2751 Ann.
187 2717 228 2749 D.
252 2720 342 2775 RE
353 2720 395 2764 X·
409 2720 572 2766 Omnibus,
589 2720 625 2751 ad
639 2730 726 2758 qum,
746 2722 806 2752 &c.
827 2719 959 2750 Salutem.

124 2766 209 2798 1345-
349 2759 445 2788 Seiatis
460 2758 557 2795 quod,

96 2801 150 2825 An.
174 2807 216 2831 ¹9·
289 2795 367 2826 Ctim
384 2796 452 2826 Nos
472 2796 572 2826 auxilio
587 2795 773 2834 Alligatorum
790 2796 822 2826 ὃ(
838 2795 1111 2825 Confoederatorum
1125 2790 1307 2828 nostrorum,

98 2840 130 2863 Ε.
153 2845 178 2872 3.
251 2843 306 2871 pro
322 2833 507 2872 Expeditione
523 2833 644 2864 Guerrae
659 2833 783 2871 nostrae,-
799 2832 974 2870 indigeamus
987 2832 1016 2861 in
1031 2832 1176 2869 praesenti,

98 2877 233 2948 Ξηζπριῗ.
290 2872 483 2941 Dgsfi'delitate
498 2911 530 2942 ὃς
545 2909 803 2948 circumspectione
816 2908 987 2939 dssectorum
1007 2908 1040 2938 δε
1055 2905 1181 2936 fidelium
1194 2904 1306 2935 nostro-

99 2959 195 2987 m.13·

253 2957 333 2987 rum,
351 2949 474 2987 Philippi
493 2949 529 2979 de
550 2948 694 2986 Weston,
712 2948 843 2977 Eborum
858 2970 867 2985 ,
892 2948 925 2978 &
948 2945 1022 2976 Petri
1044 2944 1079 2974 de
1097 2943 1306 2981 Gildesburgh,

251 2986 472 3026 Lincolnieniis,
490 2987 678 3017 Ecclesiarum
693 2985 908 3016 Canonicorum
916 3008 926 3023 ,
942 2994 975 3015 ac
989 2982 1139 3014 Willielmi
1153 2982 1234 3021 Stury
1245 2981 1306 3012 Mi-

247 3025 318 3064 litis,
336 3026 529 3063 confidentes,

289 3064 332 3094 Ad
348 3064 504 3103 rogandum
514 3087 522 3101 ,
541 3063 795 3101 interpellandum,
811 3059 1011 3099 requirendum
1029 3069 1098 3090 cum
1113 3057 1242 3089 instanti&⁴
1255 3058 1305 3088 de-

248 3102 326 3139 bita,
343 3103 376 3133 &
398 3102 647 3133 summoniendum
665 3126 674 3139 ,
702 3101 952 3138 Consangiiineum
973 3098 1100 3128 nostrum
1120 3097 1305 3134 cariffimum,

247 3141 384 3171 illustrem
397 3141 556 3179 johannem
578 3140 694 3170 Ducem
715 3139 870 3169 Brabantiae
888 3160 897 3175 ,
916 3137 1107 3166 Willielmum
1122 3135 1254 3172 Dunort,
1271 3135 1305 3165 &

235 3181 350 3209 'omnes
371 3179 440 3209 alios
454 3181 486 3209 ὃ(
503 3179 642 3218 singulos,
660 3180 718 3208 iiim
734 3177 980 3213 Communitates,
1000 3176 1084 3213 quam
1102 3173 1235 3203 Personas
1251 3173 1305 3203 sin-

250 3217 373 3256 gulares,
392 3219 439 3254 qui
455 3217 607 3248 Pecuniam
623 3216 748 3247 nostram
765 3223 947 3252 receperunt,
965 3222 1013 3251 ut,
1027 3215 1102 3250 juxta
1116 3212 1239 3241 formam
1257 3210 1305 3240 Li-

249 3265 349 3292 garum
365 3257 397 3286 &
407 3254 659 3292 Conventionum,
672 3257 740 3285 inter
754 3254 822 3284 Nos
836 3255 867 3284 ὅτ
882 3254 953 3291 ipios
967 3252 1046 3290 super
1061 3251 1120 3281 hoc
1135 3250 1304 3286 habitarum,

249 3294 333 3330 nobis
344 3295 402 3332 jam
418 3294 579 3324 subveniant
593 3294 626 3324 &
640 3294 817 3329 succurrant,

287 3331 324 3362 Et
342 3332 375 3361 ad
395 3331 587 3362 insinuandum
609 3331 710 3361 eisdem
726 3354 736 3369 ,
754 3332 788 3362 ὅτ
805 3338 904 3361 eorum
925 3327 1051 3368 singulis,
1070 3326 1149 3365 qubd
1161 3327 1245 3364 parati
1260 3325 1304 3356 su-

252 3378 316 3401 mus
330 3371 368 3400 eis
381 3379 496 3408 propter
511 3370 567 3400 hoc
582 3370 672 3399 facere
686 3369 763 3407 quod
777 3368 926 3405 debemus,

291 3408 347 3446 Et,
365 3409 393 3437 in
415 3408 477 3438 casu
498 3418 557 3445 quo
578 3407 658 3437 nobis
673 3408 709 3436 sic
727 3417 786 3437 non
800 3407 980 3443 subveniant,
996 3412 1027 3435 ut
1043 3404 1239 3442 praemittitur,
1257 3412 1301 3432 re-

250 3447 359 3484 quisiti,
378 3446 446 3476 Nos
458 3456 473 3475 a
492 3447 567 3484 Ligis
583 3445 723 3484 praedietis
735 3454 784 3484 per
801 3444 915 3482 culpam
928 3452 1030 3474 eorum
1045 3450 1208 3473 exoneratos
1220 3451 1303 3480 repu-

250 3493 341 3516 tamus
354 3485 465 3522 penitus
477 3485 509 3514 &
526 3492 639 3521 exutos,

289 3522 452 3560 Praedietis,
470 3522 619 3560 Philippo,
637 3520 742 3560 Petro,
761 3521 794 3551 &
811 3520 991 3557 Willielmo,
1008 3519 1041 3549 &
1057 3527 1159 3549 eorum
1174 3518 1301 3556 cuilibet,

249 3561 362 3630 alenam
376 3583 386 3598 ,
411 3569 506 3591 tenore
521 3560 698 3598 praesentium
714 3583 724 3597 ,
747 3558 933 3589 concedimus
949 3558 982 3589 δε
994 3557 1203 3588 committimus
1217 3555 1302 3586 Pote-

276 3608 364 3629 atem·

287 3623 485 3668 Promittentes
498 3636 566 3667 Nos
579 3635 687 3666 Ratum
701 3636 734 3667 &
755 3634 878 3666 Gratum
892 3634 1031 3664 habituros
1047 3632 1180 3671 quicquid
1196 3641 1246 3670 per
1260 3631 1303 3662 di-

249 3675 330 3714 istos²
348 3675 526 3713 Philippum,
544 3673 678 3712 Petrum,
696 3675 729 3705 ὃς
745 3673 951 3710 Willielmum,
969 3673 1001 3703 ὅτ,
1016 3681 1117 3701 eorum
1136 3671 1302 3708 quemlibet,

251 3715 360 3784 Aelium
374 3713 419 3756 yel
433 3713 556 3782 {testum
572 3713 654 3743 fuerit
667 3714 696 3742 in
710 3710 871 3750 praemissis,
890 3711 923 3741 &
938 3710 1066 3749 quolibet
1081 3708 1299 3748 praemilsorum.

304 3763 322 3783 ri
336 3762 414 3789 cujus
479 3762 505 3782 c.
552 3769 555 3770 ν

329 3789 397 3820 Dat.
415 3776 489 3828 {pud
502 3788 628 3819 Westm.
648 3788 754 3819 offitavo
769 3787 815 3818 die
827 3786 914 3826 Junii.

110 3835 186 3866 Arm.
199 3834 242 3865 D.

110 3882 224 3977 531?ss—
328 3914 376 3945 De
399 3914 535 3946 Licentia
550 3908 691 3956 querendi
710 3910 819 3956 Corpus
835 3907 959 3955 Jvft'pht'
976 3905 1014 3941 ab
1037 3905 1229 3942 Arimathia.

111 3960 240 4062 {ai—ip&
256 3994 383 4052 REX
407 3995 571 4033 OmnibuS,
588 3994 623 4025 ad
634 4003 725 4032 quOS,
743 3995 804 4026 &c.
823 3993 955 4025 Salutem.

347 4033 520 4071 Supplieavit
533 4034 615 4064 nobis
627 4033 770 4072 johannes
783 4032 882 4063 Blome
895 4032 931 4063 de
946 4032 1114 4071 Londonia,
1131 4040 1177 4070 ut,

294 4070 376 4101 Csirn
391 4072 456 4110 fibi,
475 4073 545 4103 sicut
558 4071 666 4111 afferit,
680 4070 813 4108 divinitus
827 4070 859 4106 lit
872 4071 1048 4111 iniunctum,
1069 4080 1099 4104 ut
1113 4070 1306 4105 venerandum

297 4113 370 4143 Tum.
390 4111 435 4141 11.
454 4112 488 4149 Ρ,
505 4113 554 4152 Il(Q

111 4074 149 4093 m.
166 4064 193 4092 8.

1317 189 1782 233 PUssLicA.
2293 206 2372 247 179

1310 273 1425 311 Corpus
1441 274 1611 318 Decurionis
1625 278 1725 308 nobilis
1738 276 1853 314 Josephi
1867 278 1902 307 ab
1916 276 2086 314 Arimathia,
2107 277 2183 315 quod
2199 277 2269 308 insta
2283 277 2368 316 Sep-a
2389 275 2460 306 Arm·
2476 273 2517 307 D.

1316 311 1486 342 Monasterii
1508 313 1665 345 Glastoniae
1687 317 1715 345 in
1737 314 1854 345 Christo
1875 316 1989 353 quiescit
2010 315 2170 346 Humatum
2185 339 2194 353 ,
2211 317 2242 348 ὅ(
2259 316 2316 354 est,
2334 316 2369 346 ad
2408 322 2490 353 1345.

1316 349 1470 381 Honorem
1486 352 1518 381 sc
1533 353 1688 383 multorum
1701 353 1917 384 aedificationem
1931 354 1983 383 hiis
1993 355 2165 391 temporibus
2180 355 2369 393 revelandum,
2390 355 2451 380 Edv-
2472 362 2499 389 3·

1316 397 1440 426 quaerat,
1456 388 1550 434 donec
1565 392 1702 429 inveniat,
1719 391 1767 421 dili
1787 401 1882 428 enter,

1354 426 1391 457 Et
1415 437 1478 470 quia
1494 451 1503 464 ,
1518 438 1558 472 viri
1579 430 1744 466 quibusdam
1796 431 1896 467 ntiquis
1917 429 2081 468 Sci-ipruris,
2099 429 2200 460 dicitur
2213 431 2370 470 contineri,

1318 463 1431 502 Corpus
1446 475 1501 507 ejus
1515 467 1621 497 ibidem
1637 468 1718 498 fuiffe
1732 467 1896 506 Sepultum,

1318 541 1322 546 ¹
1353 503 1423 544 Nos
1444 503 1474 546 (ii
1495 504 1527 548 sit
1549 506 1595 542 ita)
1618 504 1799 536 desiderantes
1814 505 2040 536 Monumentum
2055 507 2128 545 ejus,
2146 507 2180 537 &
2197 506 2367 537 venerandas

1315 541 1569 584 ipliuiseliquias,
1589 544 1636 580 qui
1650 543 1841 581 Redemptori
1862 544 1960 574 nostro
1977 545 2109 574 morienti
2124 553 2231 576 tantum
2253 546 2368 575 exhibea

1315 580 1362 609 bat
1381 588 1486 616 pietatis
1506 581 1538 611 ὃς
1559 583 1735 612 humanitatis
1757 582 1942 620 obsequium,
1961 581 2075 620 Corpus
2092 584 2147 620 ejus
2160 583 2197 613 de
2209 582 2304 613 Cruce
2319 584 2369 613 de-

1315 616 1466 661 ponendo,
1485 618 1518 648 &
1533 619 1598 649 illud
1612 620 1640 649 in
1656 619 1852 650 Monumento
1866 620 1913 650 suo
1926 630 2006 650 novo
2018 621 2171 659 ponendo,
2188 620 2296 651 devotis
2303 620 2370 651 Ho-

1316 656 1620 699 noribuspraevenire‚
1639 658 1671 688 &
1684 658 1820 695 sperantes
1841 659 1924 687 nobis
1940 681 1948 695 ‚
1966 659 1999 689 &
2013 660 2064 689 toti
2078 657 2186 695 Regno
2203 659 2318 697 nostro,
2336 667 2371 689 ex

1317 693 1504 737 Revelatione
1526 695 1681 734 praedi&a,
1706 696 1835 727 Gratiam
1855 697 2013 726 uberiorem
2034 699 2201 734 provenire,
2220 696 2372 728 Concessi-

1317 740 1380 761 mus
1401 732 1434 762 &
1448 733 1588 763 licentiam
1602 733 1730 764 dedimus
1744 756 1754 772 ,
1780 743 1916 772 quantum
1930 735 1958 763 in
1972 734 2054 764 nobis
2067 734 2124 773 est,
2142 736 2234 764 eidem
2246 735 2374 773 johanni

1317 769 1396 813 quod
1415 770 1470 807 ipse
1483 795 1492 807 ,
1516 771 1586 801 infra
1607 771 1799 802 Praecinitum
1819 772 1888 802 dieti
1910 771 2079 802 Monasterii
2093 797 2102 809 ,
2127 773 2224 803 fodere
2237 797 2246 810 ,
2264 775 2296 803 ὅ(
2317 773 2374 802 illas

1318 808 1445 844 pretiosas
1467 808 1612 847 Reliquias
1626 834 1636 847 ,
1656 810 1733 848 juxta
1749 809 1958 848 Injunfflonem
1979 811 2012 840 ὃ(
2029 809 2246 841 Revelationem
2269 812 2320 841 sibi
2333 811 2374 841 fa-

1317 847 1393 876 Ctam
1402 870 1412 883 ,
1429 856 1552 884 quaerere
1565 848 1653 878 valeat
1666 849 1697 878 in
1708 848 1779 878 locis
1793 848 1842 877 ubi
1856 848 1956 878 melius
1969 848 2069 878 viderit
2083 850 2233 885 expedire,

1356 883 1534 928 Dumtamen
1548 886 1650 924 absque
1662 886 1818 923 Dampno,
1837 885 2006 915 dilectorum
2019 887 2100 916 nobis
2112 887 2140 915 in
2155 887 2288 923 Christo,
2309 886 2372 917 Ab·

1318 922 1387 953 batis
1401 923 1435 953 &
1451 922 1620 954 Conventus
1634 924 1705 955 dicti
1722 923 1910 961 Monasterii,
1929 924 1962 954 &
1977 924 2055 953 ruina
2071 924 2202 954 Ecclesiae
2217 925 2375 955 &Domo-

1319 970 1383 1004 rum
1397 961 1503 991 suarum
1524 961 1647 1007 ibidem,
1665 963 1693 992 id
1712 962 1772 993 fieri
1785 962 1889 1000 valeat,
1907 962 1940 993 &
1955 961 2035 998 quod
2050 962 2084 993 ad
2098 962 2126 992 id
2139 964 2261 1000 ipsorum
2276 963 2374 993 Abba-

1320 999 1399 1068 tisI&
1415 997 1584 1069 Ορῃνεὲἑυε
1599 1000 1758 1031 Licentiam
1771 1001 1869 1030 habeat
1883 1001 1917 1031 &
1930 999 2074 1030 assensum.

1374 1046 1390 1067 n
1406 1047 1500 1075 cujus,
1554 1049 1580 1069 c.

1394 1075 1485 1106 Teste
1498 1075 1579 1116 Rege
1595 1075 1668 1115 apud
1684 1075 1972 1108 Westmonasterium
1980 1099 1991 1115 ,
2006 1076 2120 1107 decimo
2132 1059 2176 1107 die
2186 1077 2272 1116 Junii.

2010 1154 2064 1182 Per
2077 1151 2158 1192 ipsicm
2171 1156 2276 1190 Regem.

1560 1278 1608 1310 De
1623 1274 1795 1319 festinando
1814 1274 1857 1308 ad
1865 1285 1968 1323 partes
1990 1275 2144 1320 V‘afioniae.

1324 1364 1378 1418 R
1388 1360 1413 1392 E
1423 1359 1455 1392 X
1479 1360 1706 1392 Vicecomitibus
1722 1360 1883 1391 Londoniae
1898 1360 2032 1392 Salutem.
2396 1355 2472 1387 Ann.
2487 1355 2529 1391 D,

1416 1400 1508 1438 Qia,
1526 1399 1644 1429 dilectus
1666 1398 1897 1438 Consanguineus
1920 1400 1954 1430 δε
1972 1397 2059 1428 fidelis
2079 1395 2192 1435 noster,
2208 1396 2380 1428 Willielmus
2419 1403 2503 1436 1345.

1323 1438 1368 1507 dil
1381 1438 1482 1482 Bohun
1499 1462 1509 1476 ,
1532 1437 1640 1468 Comes
1662 1437 1905 1475 Norhamptoniae
1919 1461 1929 1476 ‚
1947 1436 2039 1468 versus
2054 1445 2142 1474 partes
2155 1435 2306 1466 Britanniae
2316 1437 2376 1473 jam
2397 1438 2448 1461 Aa.
2468 1444 2511 1468 ¹9-

1324 1487 1342 1508 v
1370 1486 1442 1514 avit,
2393 1477 2423 1500 Ε,
2448 1483 2472 1509 3.

1362 1516 1381 1534 *
1402 1514 1576 1553 Et,di1e6tus
1587 1513 1820 1552 consanguineus
1832 1514 1866 1545 &
1880 1512 1967 1543 fidelis
1983 1511 2245 1550 noster,Henricus
2260 1512 2295 1543 de
2303 1512 2378 1542 Lan·
2398 1511 2531 1546 Claufi19,

1325 1552 1422 1582 castria
1435 1575 1444 1591 ‚
1473 1552 1581 1584 Comes
1602 1553 1735 1591 Derbiae,
1751 1554 1799 1591 qui
1814 1553 1849 1583 ad
1862 1561 1951 1590 partes
1967 1551 2114 1582 Vaseoniae
2127 1550 2169 1581 est
2184 1551 2379 1588 profed’turus,
2398 1554 2426 1577 Ε.
2440 1559 2463 1585 3.
2473 1555 2496 1585 p-
2508 1559 2531 1576 ¹-

1326 1591 1424 1634 Equos
1443 1591 1503 1621 suos
1526 1602 1578 1629 pro
1601 1590 1702 1629 magna
1717 1600 1792 1628 parte
1805 1592 1878 1628 apud
1892 1590 2139 1627 Suthamptoniam
2153 1590 2327 1627 eskippavit,
2345 1589 2379 1620 &
2397 1597 2431 1614 m·
2452 1587 2525 1614 ¹2-d-

1327 1629 1461 1667 seipsum,
1479 1639 1616 1668 quantum
1633 1631 1753 1667 poterit,
1770 1630 1860 1660 versus
1872 1629 1959 1659 distas
1975 1636 2063 1666 partes
2080 1637 2155 1665 parat
2169 1629 2202 1659 δε
2218 1627 2343 1665 festinat,
2400 1625 2419 1645 '¹‘
2431 1629 2533 1661 V4590

1367 1666 1458 1697 Vobis
1479 1669 1657 1705 praecipimus
1675 1668 1755 1706 quod
1776 1669 1804 1697 in
1826 1667 1948 1698 Civitate
1962 1666 2110 1704 praedidia,
2129 1668 2158 1696 in
2174 1667 2242 1696 locis
2258 1667 2307 1696 ubi
2320 1674 2382 1696 me-

1328 1705 1386 1774 liti}
1397 1706 1528 1750 eifpedire
1542 1705 1682 1743 videritis,
1701 1705 1795 1736 statim
1809 1705 1872 1736 vifis
1888 1705 2084 1743 praesentibus,
2094 1704 2208 1742 publice
2223 1704 2385 1742 proclama-

1332 1755 1354 1774 ri
1383 1753 1474 1774 aciatis

1368 1783 1462 1821 Qod
1482 1769 1585 1812 ’omnes
1605 1781 1747 1812 Homines
1759 1781 1793 1811 ad
1809 1781 1913 1818 Arma,
1934 1780 2070 1818 Sagittarii
2085 1780 2117 1810 &
2134 1780 2194 1818 alii,
2213 1781 2260 1819 qui
2275 1782 2307 1810 in
2321 1779 2384 1811 Co-

1331 1822 1427 1851 mitiva
1438 1821 1508 1852 diffl
1516 1819 1638 1851 Comitis
1649 1820 1764 1850 Derbiae
1778 1819 1813 1850 ad
1829 1820 1917 1850 dietas
1931 1828 2017 1859 partes
2034 1817 2095 1848 sunt
2110 1819 2173 1849 ituri
2188 1841 2197 1856 ‚
2215 1819 2306 1850 versus
2320 1819 2387 1850 Sut-

1331 1859 1524 1897 hamptoniam
1539 1883 1548 1896 ,
1573 1859 1622 1889 sub
1641 1858 1813 1889 forisfadmra
1836 1859 1967 1888 omnium
1984 1866 2047 1894 quae
2063 1856 2146 1886 nobis
2161 1857 2321 1887 forisfacere
2336 1867 2389 1895 po-

1334 1906 1443 1935 terunt,
1461 1898 1594 1928 omnibus
1609 1897 1667 1927 aliis
1683 1895 1884 1935 praetermiffis,
1904 1896 1930 1925 se
1945 1892 2136 1932 festinent‚ad
2151 1895 2391 1932 proficiicendum

1335 1946 1404 1966 cum
1424 1936 1527 1966 eodem
1546 1934 1666 1966 Comire
1685 1935 1776 1965 versus
1795 1934 1883 1964 dictas
1907 1943 1994 1971 partes
2007 1956 2015 1971 ,
2038 1934 2075 1962 ne
2090 1942 2123 1962 ex
2141 1943 2241 1963 eorum
2258 1934 2392 1963 dilatione

1335 1974 1494 2013 Passagium
1508 1975 1586 2005 suum
1599 1973 1748 2011 festinum,
1767 1973 1845 2011 quod
1859 1973 1960 2003 intime
1973 1970 2071 2002 insidet
2084 1971 2167 2002 cordi
2178 1971 2278 2002 nostro
2301 1970 2392 2010 (quod

1336 2013 1414 2049 absit)
1430 2013 1580 2051 aliqualiter
1595 2020 1771 2050 prorogetur.

1374 2050 1411 2082 Et
1426 2052 1483 2081 hoc
1498 2051 1652 2081 nullatenus
1664 2051 1807 2081 omittatis.

1412 2090 1501 2121 Teste
1517 2089 1599 2129 Rege
1614 2089 1686 2127 apud
1700 2088 2006 2125 Westmonasterium,
2026 2086 2181 2118 undecimo
2197 2085 2340 2125 dieJunii.

1383 2215 1441 2246 Pro
1465 2209 1626 2255 Godefrido
1652 2210 1688 2243 de
1710 2214 1882 2244 Hareconrt
1900 2237 1910 2253 ‚
1936 2208 1971 2242 de
1986 2210 2136 2255 Homagio
2155 2211 2229 2256 Regi
2239 2209 2344 2254 saffo,

1625 2270 1769 2305 quatenus
1790 2271 1861 2292 vero
1879 2262 1950 2305 Regi
1967 2259 2109 2291 Franciae.

1401 2344 1425 2374 E
1452 2344 1511 2375 Roi
1532 2355 1559 2376 as
1577 2354 1647 2376 touz
1667 2354 1755 2383 ceux,
1773 2344 1821 2382 qui
1840 2341 1928 2373 cestes
1950 2341 2059 2373 Lettres
2076 2348 2209 2380 verrent,
2226 2351 2266 2372 ou
2278 2351 2394 2383 orront,
2414 2343 2490 2375 Ann.
2501 2343 2543 2374 D.

1410 2383 1514 2414 Salutz,
2435 2392 2522 2423 1345,

1375 2423 1484 2452 Sachez
1498 2433 1570 2460 que,
2412 2427 2464 2450 An.
2485 2433 2528 2457 ¹9·

1378 2460 1492 2499 Come,
1512 2462 1537 2491 le
1552 2460 1665 2490 Nobles
1680 2459 1825 2497 Homine,
1846 2457 1994 2488 Monsieur
2009 2455 2157 2496 Godefrey
2174 2456 2209 2486 de
2223 2456 2394 2498 Harecourt,
2411 2465 2439 2490 Ε.
2462 2471 2488 2497 3.

1340 2500 1515 2529 considerant
1530 2509 1584 2537 que
1599 2500 1625 2529 le
1633 2498 1769 2528 Roialme
1780 2497 1816 2527 de
1831 2497 1938 2527 France
1951 2495 1993 2526 est
2007 2506 2022 2524 a
2036 2505 2108 2525 nous
2120 2495 2236 2526 devolut
2251 2496 2286 2526 de
2295 2496 2393 2536 Droit,
2410 2503 2547 2533 Franc.i9„·

1340 2538 1392 2568 soit
1405 2547 1500 2568 venuz
1516 2548 1550 2567 en
1564 2537 1658 2567 nostre
1671 2536 1858 2573 Obeiffance,
1876 2535 1908 2565 ὃ(
1923 2542 2001 2564 nouz
2015 2534 2051 2563 eit
2064 2533 2112 2563 fait
2119 2531 2313 2573 Homage‚&
2321 2546 2393 2567 nous
2414 2542 2441 2565 Ε.
2454 2544 2508 2574 3,p.
2522 2546 2545 2564 ι.

1341 2586 1469 2644 τεεὲηυῑ
1482 2586 1533 2614 pur
1543 2577 1594 2606 son
1607 2576 1729 2613 Seignur
1743 2575 1818 2612 lige,
1834 2583 1919 2604 corne
1933 2572 2066 2603 droiturel
2081 2571 2142 2601 Roi
2154 2571 2191 2602 de
2207 2572 2330 2612 France,
2414 2586 2448 2605 m.
2466 2575 2510 2603 18.

1417 2625 1469 2645 ous

1382 2637 1533 2683 Veulla'ntz
1548 2661 1595 2690 par
1609 2659 1667 2682 tant
1681 2651 1746 2681 faire
1759 2649 1975 2690 gratiousement
1989 2658 2045 2678 oue
2058 2647 2098 2677 lui
2109 2657 2195 2678 come
2209 2648 2315 2687 affiert,

1382 2691 1528 2722 Grantons
1541 2715 1551 2727 ,
1576 2691 1609 2721 &
1630 2699 1807 2727 pi‘omettons
1824 2710 1834 2726 ,
1857 2698 1913 2725 que
1924 2696 1994 2717 nous
2016 2686 2225 2716 maintendrons
2242 2688 2276 2719 &
2298 2688 2397 2720 defen.

1345 2729 1430 2760 drons
1443 2731 1469 2760 le
1483 2730 1522 2759 dit
1536 2728 1684 2759 Moniieur
1698 2727 1846 2765 Godefrey
1861 2734 1998 2756 encontre
2012 2732 2084 2754 totes
2098 2723 2215 2762 Gentz,

1381 2768 1419 2799 Et
1435 2778 1489 2806 que
1498 2767 1585 2798 Nous
1599 2776 1635 2797 ne
1651 2766 1805 2806 prendrons
1820 2765 1927 2795 Trewe
1939 2773 1976 2793 ne
1990 2762 2074 2801 Pecs,
2090 2762 2212 2800 ouesque
2227 2762 2321 2794 nostre
2336 2763 2397 2794 Ad-

1345 2807 1464 2838 versaire
1476 2806 1511 2836 de
1528 2806 1650 2840 France,
1670 2805 1689 2834 si
1704 2805 1728 2833 le
1741 2804 1783 2834 dit
1798 2802 1945 2841 Godefrey
1960 2810 1997 2830 ne
2011 2800 2062 2830 soit
2074 2800 2180 2831 affeure
2193 2811 2241 2838 par
2256 2803 2353 2841 ycele,

1385 2845 1438 2882 Et,
1459 2854 1495 2874 en
1506 2854 1551 2875 cas
1568 2853 1623 2881 que
1640 2843 1665 2873 le
1677 2842 1716 2872 dit
1728 2841 1875 2880 Godefrey
1890 2839 1974 2880 perde
1994 2838 2033 2869 ses
2045 2839 2222 2907 Terres,13il
2237 2840 2271 2870 ad
2285 2850 2319 2870 en
2333 2841 2398 2872 Bra-

1347 2884 1430 2922 bant,
1448 2893 1495 2922 par
1508 2882 1587 2912 cause
1598 2882 1634 2911 de
1646 2881 1697 2911 son
1710 2882 1787 2910 venir
1802 2890 1837 2909 en
1853 2879 1947 2909 nostre
1962 2876 2150 2915 Obeiffince,
2203 2888 2234 2907 os
2249 2878 2286 2909 lui
2302 2887 2398 2910 trove-

1345 2932 1411 2952 rons
1425 2920 1662 2951 sufficeantement
1675 2929 1725 2957 pur
1740 2919 1765 2948 sa
1778 2917 1960 2953 Sustinence,
1980 2925 2038 2947 tant
2050 2915 2097 2954 q’il
2111 2916 2146 2946 eit
2158 2925 2294 2946 recovere
2305 2917 2344 2947 ses
2353 2918 2397 2948 di-

1345 2968 1385 2990 tes
1399 2961 1504 2990 Terres
1513 2981 1522 2996 ,

1383 2997 1420 3028 Et
1440 2998 1459 3027 fi
1481 2996 1558 3027 Dieu
1577 3006 1648 3026 nous
1664 2994 1745 3025 doint
1764 3003 1846 3033 grace
1870 2993 1907 3023 de
1926 2992 2067 3023 recoverir
2086 2991 2183 3022 nostre
2202 2992 2338 3029 Heritage
2361 3003 2397 3024 en

1345 3035 1546 3074 Normandie,
1563 3034 1650 3065 Nous
1661 3034 1698 3063 lui
1714 3034 1819 3063 ferrons
1835 3033 1933 3064 liverer
1953 3032 1992 3062 ses
2005 3030 2109 3061 Terres
2126 3031 2173 3068 q'il
2187 3030 2220 3061 ad
2234 3031 2324 3069 perdu
2339 3033 2399 3063 cel-

1344 3076 1382 3106 les
1396 3075 1503 3112 parties.

1380 3112 1425 3142 En
1437 3111 1684 3148 Tesmoignance,
1703 3110 1763 3140 ὅτε.

1383 3151 1464 3182 Don.
1482 3161 1498 3181 a
1510 3148 1740 3186 Westmonster,
1758 3148 1783 3179 le
1806 3148 1852 3179 xiii
1866 3147 1937 3187 Jour
1953 3145 1988 3176 de
1999 3144 2085 3184 Juyn.

2023 3223 2076 3251 Per
2092 3220 2173 3261 ipfiem
2187 3222 2293 3261 Regem.

1390 3363 1484 3406 Super
1506 3358 1633 3404 Injuriis
1656 3355 1783 3404 Philippi
1806 3354 1841 3436 aze
1860 3354 1966 3397 Valefio
1985 3380 1994 3396 ,
2022 3357 2056 3392 ό*
2074 3356 2244 3385 Innocentia
2263 3356 2350 3400 Regis

1755 3407 1818 3437 Dec
1831 3407 1977 3436 aratoria,

1348 3493 1438 3551 RE
1448 3492 1478 3523 X
1503 3490 1667 3529 Omnibus,
1684 3488 1718 3520 ad
1730 3499 1818 3527 qum,
1833 3489 1892 3520 &c.
1912 3486 2044 3518 Salutem.
2412 3478 2488 3510 Ann.
2499 3481 2539 3512 D,

1443 3531 1476 3561 In
1491 3531 1631 3569 publicam
1644 3538 1703 3559 non
1718 3529 1884 3566 ambigimus
1896 3526 2024 3556 notitiam
2039 3523 2180 3554 devenisse
2195 3523 2324 3563 qualiter,
2431 3528 2516 3558 1345.

1380 3568 1506 3599 Celebris
1518 3568 1665 3598 memoriae
1701 3565 1808 3596 Carolo
1823 3564 1907 3601 Rege
1921 3563 1943 3593 F
1945 3564 2062 3600 ranciae,
2080 3562 2190 3600 Fratre,
2205 3562 2390 3594 Serenissimae
2407 3561 2460 3585 Aa.
2480 3569 2523 3593 ¹9·

1342 3605 1480 3638 Dominae
1495 3629 1505 3646 ,
1530 3606 1650 3637 isabellae
1665 3589 1693 3634 R
1731 3606 1781 3633 inae
1796 3603 1923 3641 Angliae,
1942 3600 2039 3643 Matris
2055 3600 2173 3638 nostr-x,
2191 3602 2265 3631 viam
2280 3603 2391 3632 univer·
2410 3599 2438 3622 Ε·
2459 3605 2483 3631 3-

1342 3646 1377 3675 sae
1398 3647 1485 3677 carnis
1505 3647 1533 3675 iri
1554 3644 1626 3674 resso
1640 3666 1650 3681 ,
1667 3643 1697 3674 di
1728 3651 1805 3679 oque
1818 3640 1921 3679 Regno
1936 3642 1972 3669 iic
1986 3639 2020 3668 ad
2033 3638 2117 3677 Nos,
2135 3646 2166 3669 ut
2178 3638 2213 3668 ad
2226 3641 2388 3677 proximum
2407 3637 2541 3667 F'‘mc-¹9·

1341 3682 1496 3714 Haeredem
1554 3682 1676 3712 asculum
1698 3681 1767 3712 dieii
1789 3679 1894 3718 Regis,
1911 3687 1980 3709 tunc
1994 3678 2024 3707 in
2038 3677 2166 3707 humanis
2177 3686 2328 3716 agentem,
2346 3679 2389 3708 in-
2410 3675 2438 3699 E.
2451 3679 2504 3708 Η)-
2517 3682 2540 3699 ¹·

1342 3721 1582 3752 commutabiliter
1595 3719 1749 3757 devoluto,
1933 3754 1938 3759 μ
2121 3753 2126 3758 .
2409 3719 2445 3737 m·
2463 3720 2504 3737 10·

1379 3760 1524 3791 Dominus
1539 3759 1682 3796 Philippus
1695 3757 1731 3787 de
1743 3755 1852 3787 Valesio
1861 3778 1870 3792 ,
1887 3753 1972 3785 Filius
1986 3753 2129 3784 Avunculi
2140 3752 2209 3783 dieti
2224 3752 2313 3791 Regis
2328 3778 2338 3792 ‚
2356 3755 2390 3786 &

1342 3800 1380 3830 fic
1400 3799 1490 3837 ipsum
1511 3799 1539 3827 in
1563 3796 1650 3834 gradu
1670 3795 1818 3826 remotiori
1838 3792 2088 3831 Consanguinitatis
2110 3793 2262 3831 attingens,
2278 3792 2389 3824 dietum

1342 3837 1478 3876 Regnum
1487 3859 1497 3874 ,
1513 3835 1585 3866 dum
1598 3843 1708 3864 eramus
1720 3834 1748 3863 in
1761 3833 1839 3862 annis
1852 3832 2009 3862 minoribus
2022 3828 2186 3868 constituti,
2203 3830 2253 3860 fibi
2267 3840 2316 3868 per
2331 3831 2388 3861 Po-

1342 3877 1474 3912 tentiam,
1494 3883 1592 3904 contra
1605 3872 1702 3903 Deum
1714 3873 1747 3903 &
1756 3870 1911 3910 justitiam,
1929 3868 2085 3906 usurpavit,
2098 3866 2159 3902 &c.
2173 3875 2253 3907 prout
2259 3868 2343 3908 fiepra
2356 3869 2388 3897 de

1343 3917 1417 3944 Dat.
1432 3915 1469 3943 26
1486 3915 1577 3949 Maii,
1592 3914 1705 3940 mutatis
1720 3915 1890 3947 competenter
1901 3907 2036 3936 mutandis
2045 3904 2100 3945 ,us
2108 3917 2139 3936 ue
2153 3905 2209 3936 haec
2221 3907 2386 3943 verba,viz.

1381 3951 1419 3982 Et
1440 3961 1534 3982 tamen
1553 3951 1660 3987 semper
1679 3948 1840 3979 intentionis
1860 3946 1963 3976 nostrae
1984 3945 2067 3975 fuerit
2080 3916 2186 3975 gacem
2198 3945 2389 3976 rationabilem

1344 3990 1524 4023 amicabiliter
1537 3988 1699 4025 admittere,
1717 3987 1787 4017 cum
1803 3994 1866 4015 eam
1880 3985 1982 4015 habere
1996 3984 2150 4021 poterimus
2163 3984 2244 4014 bono
2260 3981 2365 4018 modo,

1381 4028 1457 4059 Haec
1471 4036 1580 4064 autem,
1596 4035 1660 4064 quae
1677 4034 1791 4063 propter
1803 4022 1947 4054 defeetum
1962 4020 2095 4052 Remedii
2108 4022 2224 4052 facimus
2237 4021 2333 4057 inviti,
2347 4019 2389 4049 di-

1345 4067 1396 4104 cto
1411 4067 1545 4102 Domino
1558 4065 1680 4099 Summo
1693 4061 1827 4096 Pontifici
1832 4085 1842 4100 ‚
1841 4060 2035 4135 zpraefatisque
2041 4057 2234 4094 Cardinalibus
2249 4059 2309 4098 (per
2317 4067 2395 4127 nug,

1890 4109 1909 4132 2
2330 4105 2343 4127 Σ
