2562 4279
0 262 70 300 Ann-
84 251 124 294 13.

0 312 112 370 252324.

0 382 12 398 ¹
22 379 76 408 111.

0 418 62 456 338.

9 1394 85 1429 Arm.
100 1388 142 1427 D.

30 1444 115 1474 ¹312·

9 1478 61 1502 An.
78 1475 105 1503 6.

11 1512 42 1540 Σ.
59 1522 85 1538 2.

11 1550 80 1586 Vasc.
98 1550 125 1576 6.

13 1592 45 1616 Ε.
65 1597 91 1614 2.

13 1636 51 1655 m.
67 1625 110 1654 18.

49 3357 66 3375 ⁹
81 3357 137 3385 111.

54 3403 118 3433 539-

713 175 825 215 ET
908 171 1170 213 ACTA

139 275 202 304 quae
223 265 292 306 sint,
307 267 336 297 in
357 266 436 296 dietis
450 262 678 294 Ordinationibus
692 260 793 302 corrigi
811 259 843 289 &
859 259 1003 303 reformari
1018 259 1120 295 *juxta
1134 256 1194 299 for-

143 313 219 335 mam
239 304 478 336 Protestationum
500 301 716 339 praedictarum,
735 299 932 334 aflignaVimus
957 307 1023 334 vos,
1041 297 1074 326 &
1096 295 1194 332 vobis,

143 351 241 373 tenore
270 343 446 380 praesentium
459 363 469 378 ,
500 339 626 369 dedimus
651 336 816 374 potestatem
836 335 1025 372 praemuniendi
1046 333 1194 363 Thomam

146 380 329 419 Lan'castriae,
348 376 538 410 Humfredum
551 377 586 406 de
600 375 700 405 Bohun
714 373 854 403 Hereford
870 373 903 402 ὃ(
915 372 1018 415 Elicit,
1036 372 1067 402 &
1082 371 1197 414 Guido÷

146 429 213 450 nem
234 419 270 449 de
288 419 364 450 Bello
378 416 491 452 Campo
505 414 690 451 Warrennae,
709 412 838 442 Comites
854 412 922 448 (qui
937 411 1046 440 fuerunt
1058 409 1094 439 de
1109 409 1197 438 Ordi-

145 458 287 488 natoribus
324 454 455 490 raedieiis)
476 451 552 490 quod
574 452 626 481 lint
648 461 746 481 coram
766 449 865 486 nobis,
882 448 955 485 apud
971 446 1198 490 Westmonaste-

146 497 221 526 rium
240 494 284 526 vel
331 493 437 523 ondon.
448 490 494 520 die
508 490 665 519 Dominica
678 488 804 528 proxima
819 485 884 529 post
898 485 1013 516 Festum
1027 484 1198 528 Sanetinssar-

146 534 293 564 tholomaei
312 529 440 569 Apostoli
452 529 583 566 proximo
599 529 738 563 futurum,
753 534 814 594 &tuo
828 525 873 554 die
887 524 959 561 apud
974 524 1091 554 alterum
1106 523 1198 553 dicito-

146 574 210 605 turn
230 566 358 602 locorum
379 567 434 598 effe
455 566 639 603 intendimus,
655 565 690 594 ad
712 573 752 594 tra
782 562 886 592 andum
906 563 934 591 in
954 561 1041 592 nostri
1057 561 1198 601 praesentia

144 608 224 647 super
243 605 469 638 ordinationibus
489 603 643 641 praeffiffis,
660 604 692 634 &
719 602 753 632 ad
772 600 970 639 corrigendum
992 600 1025 630 δε
1045 601 1200 630 reforman-

145 647 215 678 dum
228 643 391 684 dampnosa,
407 643 440 674 &
454 643 536 672 nobis
548 640 756 680 praejudiciaIia,
774 640 793 670 fi
809 649 873 677 quae
888 639 917 668 in
931 637 1034 668 eisdem
1049 639 1200 676 contigerit

198 693 273 715 eniri.

148 695 217 752 milit
236 721 302 751 ideo
323 720 404 751 vobis
418 717 595 755 mandamus,
614 716 729 746 firmiter
743 716 937 753 injungentes,
956 714 1035 754 quod
1049 714 1083 744 ad
1099 712 1201 752 praefa-

143 769 188 792 tos
205 758 335 789 Comites
349 759 404 788 sine
422 757 554 787 dilatione
569 755 678 793 aliqua,
697 755 830 784 accedatis
839 776 848 791 ,
867 754 899 783 &
913 763 960 796 eos
973 762 1005 783 ex
1018 761 1093 795 parte
1107 751 1202 781 nostra

145 797 328 838 praemuniatis
351 797 379 825 in
399 793 490 825 forma
503 792 655 831 praedicta,
672 793 710 822 eis
724 802 756 822 ex
772 800 846 829 parte
861 791 954 821 nostra
964 813 973 828 ,
988 792 1018 820 in
1031 791 1086 821 lide
1101 791 1133 820 ὃς
1148 790 1202 819 ho-

145 836 259 874 magio,
279 835 379 872 quibus
401 833 481 863 nobis
505 839 650 869 tenentur,
669 832 702 861 &
722 831 772 860 sub
794 829 970 859 forisfaetura
991 831 1122 858 omniurn
1137 837 1201 867 quae

146 874 229 904 nobis
247 872 403 903 forisfacere
426 877 570 908 poterunt,
589 869 704 899 firmiter
726 868 916 906 injungendo,
934 877 970 896 ne
990 877 1057 897 cum
1077 868 1154 906 equis
1169 868 1202 898 ὅ(

147 913 232 943 armis
245 910 279 942 ad
292 920 361 946 nOS,
379 909 412 939 ad
424 909 498 938 dieta
511 908 589 945 loca,
606 907 757 944 aliqualiter
774 915 842 936 tunc
856 906 1001 935 accedant.

186 949 226 980 Et
245 947 395 987 praemissa,
410 946 459 977 sub
479 947 557 984 gravi
579 945 753 976 forisfactura
773 944 887 982 nostra,
902 944 990 974 modis
1010 942 1142 974 omnibus
1163 942 1203 973 fa-

150 996 237 1020 ciatis.

186 1061 220 1095 In
235 1064 326 1103 cujus,
345 1058 406 1095 Sec.

181 1139 272 1171 Teste
286 1139 370 1180 Rege
381 1138 453 1178 apud
465 1137 644 1171 Cantuariam
653 1163 663 1179 ,
679 1147 777 1180 quarto
794 1138 837 1170 die
851 1138 979 1180 Augusti.

151 1260 199 1298 De
215 1261 438 1310 diffetfionibus,
451 1266 561 1296 exortis
578 1266 655 1295 inter
671 1263 869 1308 Senofiallum
889 1262 1033 1307 V‘aftoniae
1050 1265 1086 1300 (ῤ’
1106 1263 1207 1294 Ama-

398 1324 504 1345 ncnum
528 1310 564 1344 de
589 1308 729 1353 Lebreto,
755 1311 963 1357 componenda.

158 1395 303 1455 REX,
321 1397 426 1428 dilectis
441 1397 472 1428 &
488 1396 611 1426 fidelibus
624 1394 693 1434 suis,
708 1396 839 1427 Guidoni
853 1394 1118 1433 Ferre‚KVillielmo
1132 1392 1211 1433 Inge,

231 1437 264 1467 &
279 1436 407 1466 Thomae
422 1435 457 1465 de
472 1435 790 1473 Cantebrigeffiilutem.

197 1474 274 1513 Qia
292 1475 376 1504 relatu
398 1474 582 1504 intelleximus
593 1473 734 1512 fidedigno
746 1472 842 1511 quod,
862 1473 934 1503 inter
944 1471 1061 1502 dilec‘tos
1074 1471 1107 1501 &
1121 1469 1212 1500 fideles

159 1513 282 1550 nostrOS,
296 1512 458 1551 johannem
481 1511 515 1542 de
537 1511 668 1550 Ferasiis,
686 1511 869 1542 Senescallum
892 1510 1023 1540 nostrum
1044 1508 1190 1539 Vasconiae
1202 1531 1212 1546 ,

161 1551 194 1582 &
209 1551 388 1581 Amanenum
404 1551 439 1580 de
457 1550 596 1587 Lebreto‚
614 1560 646 1580 ac
661 1551 794 1589 quosdam
810 1550 875 1580 alios
888 1548 1034 1587 Magnates
1047 1548 1165 1587 partium
1180 1547 1213 1576 il-

158 1589 266 1628 larum,
282 1588 359 1629 super
377 1589 510 1628 aliquibus
532 1588 677 1625 Articulis,
697 1598 792 1627 graves
812 1587 991 1617 dissensiones
1012 1587 1045 1617 &
1067 1584 1212 1616 discordiae

159 1629 190 1658 in
210 1628 311 1657 eodem
327 1626 441 1658 Ducatu
456 1627 515 1657 sunt
530 1634 650 1664 exortae,
667 1636 700 1656 ex
711 1623 811 1666 quibus
824 1625 955 1655 tumultus
968 1626 995 1655 in
1010 1623 1114 1654 eisdem
1129 1624 1214 1662 parti-

158 1666 209 1696 bus
228 1667 366 1704 exoritur,
381 1666 414 1696 &
436 1665 553 1705 pericula
570 1664 680 1702 possent
698 1664 734 1695 de
756 1664 831 1696 facili
851 1665 978 1701 evenire,
997 1663 1047 1693 nili
1060 1662 1138 1700 super
1152 1662 1210 1691 hoc

158 1711 344 1744 apponeretur
358 1703 514 1733 remedium
528 1711 704 1740 oportunum
720 1713 726 1732 ;

197 1741 280 1780 Nos,
298 1740 454 1779 hujusmodi
477 1741 629 1771 tumultum
651 1741 756 1780 sedare,
774 1742 807 1772 &
823 1740 944 1778 pericula
958 1739 1093 1777 praedie‘ca
1107 1747 1215 1776 praeca-

159 1790 227 1811 vere
250 1781 406 1818 cupientes,
423 1789 456 1809 ac
476 1779 512 1809 de
532 1777 623 1810 vestra
643 1778 791 1818 fidelitate,
809 1778 1062 1819 circumspectione
1082 1777 1115 1808 &
1133 1777 1216 1807 indu-

161 1817 228 1848 stria
247 1819 357 1858 plenam
377 1817 511 1848 fiduciam
533 1823 717 1857 reportantes,
736 1818 770 1849 ad
785 1818 962 1848 &mitandum
977 1817 1056 1854 super
1069 1815 1150 1845 dietis
1163 1815 1217 1845 dis-

161 1856 327 1887 sensionibus
348 1856 381 1886 ὃς
395 1855 547 1886 discordiis:
565 1857 598 1887 &
611 1856 644 1886 ad
657 1866 715 1894 eas,
734 1856 825 1887 modis
839 1856 872 1887 &
886 1857 952 1894 viis,
972 1856 1072 1893 quibus
1086 1853 1216 1891 expedire

160 1895 298 1934 videritis,
312 1893 439 1925 sedandas
461 1895 493 1925 &
512 1894 713 1933 pacificandas:
740 1896 774 1926 &
794 1898 896 1924 caetera
917 1894 1017 1924 omnia
1036 1894 1069 1924 &
1092 1891 1214 1929 singula,

161 1940 225 1971 quae
236 1934 307 1964 circa
320 1933 551 1963 reformationem
564 1933 666 1963 amoris
679 1935 712 1963 &
727 1932 893 1963 concordiae
902 1955 911 1971 ,
926 1934 997 1962 inter
1011 1929 1217 1970 praefatos,Jo-

159 1971 282 2002 hannem
303 1972 337 2002 ὃς
351 1971 531 2002 Amanenurn
539 1994 550 2010 ,
565 1971 735 2010 caeterosque
749 1971 898 2008 Magnates
911 1971 1080 2010 supradictos
1093 1969 1216 1999 necefla-

162 2010 216 2047 ria,
241 2009 287 2039 vel
306 2019 446 2048 oportuna
466 2010 581 2048 fuerint,
609 2009 750 2048 facienda,
776 2008 968 2047 procuranda,
983 2009 1016 2039 &
1035 2007 1212 2046 exequenda,

163 2057 214 2078 vos
227 2048 259 2078 ὃς
274 2048 427 2085 quemlibet
440 2047 582 2085 vestrum,
597 2056 695 2078 tenore
710 2049 906 2087 praesentium,
924 2048 1089 2085 deputamus
1106 2055 1113 2074 ι

200 2084 241 2115 Ita
260 2086 354 2125 quod,
372 2087 392 2117 fi
408 2096 473 2124 quae
494 2085 669 2117 difficultates
688 2086 854 2123 subfuerint,
870 2096 928 2125 quo
948 2087 1042 2115 minus
1052 2084 1132 2124 plena
1147 2092 1219 2112 con-

165 2123 282 2161 c'ordia,
298 2124 376 2163 super
395 2124 556 2162 praemissis,
574 2134 623 2163 per
642 2134 694 2154 vos
716 2126 819 2161 poterit
832 2124 993 2160 reformari,
1008 2131 1076 2152 tunc
1089 2130 1140 2150 nos
1153 2120 1221 2150 inde

168 2160 300 2199 reddatis,
319 2171 425 2201 quanto
440 2163 553 2192 celerius
564 2163 702 2200 poteritis,
715 2164 853 2192 certiores.

208 2198 246 2229 Et
262 2199 329 2229 ideo
348 2199 428 2228 vobis
449 2200 608 2229 mandamus
620 2199 697 2237 quod
711 2198 866 2236 praemissa,
884 2199 980 2228 omnia
994 2197 1027 2228 ὃς
1041 2196 1160 2235 fingula,
1177 2195 1221 2225 fa-

171 2237 248 2273 ciatis
263 2238 295 2266 &
312 2238 484 2274 exequamini
500 2238 529 2265 in
546 2237 637 2268 forma
651 2236 795 2272 praedieta.

208 2273 318 2304 Damus
333 2282 425 2303 autem
445 2275 572 2304 universis
590 2274 624 2304 ec
638 2274 676 2304 fin
698 2275 746 2303 ulis
762 2273 933 2311 Senescallis,
951 2272 1142 2310 Officialibus,
1160 2271 1225 2302 Mi-

171 2312 277 2350 nistris,
295 2313 327 2343 &
343 2311 481 2341 Fidelibus
495 2311 610 2348 nostris,
628 2312 657 2341 in
692 2312 751 2342 leto
765 2311 898 2349 Ducam,
917 2320 1013 2341 tenore
1029 2310 1224 2351 praesentium,

173 2352 203 2380 in
222 2350 370 2388 mandatis,
386 2349 462 2387 quod
482 2350 574 2387 vobis,
594 2350 627 2380 &
646 2350 762 2380 cuilibet
784 2349 925 2387 vesti-sim,
941 2350 971 2379 in
993 2349 1141 2384 omnibus,
1161 2357 1225 2386 quae

173 2387 208 2419 ad
230 2388 457 2419 reformationem
473 2387 638 2418 concordiae
652 2388 685 2418 ὃς
698 2389 799 2418 amoris
811 2388 1010 2425 praediFtOrum
1022 2388 1151 2417 noverint
1163 2395 1226 2426 per-

173 2427 260 2457 tinere
273 2448 283 2464 ,
306 2426 356 2456 sint
375 2426 546 2456 intendentes
558 2449 568 2464 ,
591 2426 764 2456 consulentes
784 2427 817 2456 δε
838 2426 993 2457 auxiliantes
1013 2425 1141 2465 quotiens
1156 2447 1166 2463 ,
1192 2425 1225 2456 δε

172 2465 286 2533 ςυῗηάο
299 2464 446 2533 [ιιρεῑὸἰζποε
460 2474 494 2495 ex
507 2474 582 2505 parte
601 2464 694 2496 nostra
709 2465 809 2495 fuerint
821 2465 949 2504 requisiti.

226 2513 246 2533 n
257 2512 352 2542 cujus,
404 2513 430 2534 c.

210 2578 278 2611 Dat.
291 2579 364 2620 apud
378 2568 516 2612 cantuar(
526 2581 627 2621 quinto
641 2580 689 2612 die
705 2576 834 2621 Augusti.

821 2659 875 2688 Per
887 2657 968 2696 ipJum
981 2660 1085 2695 Regem.

207 2733 230 2750 Ἴ
244 2734 274 2765 Τ
293 2730 455 2778 mandatum
477 2735 518 2766 est
539 2734 695 2767 Senescallis
708 2758 718 2772 ‚
739 2734 918 2773 Castellanis,
941 2733 1140 2777 Officialibus,
1157 2732 1236 2763 Proe-

231 2810 241 2819 Α
254 2775 362 2817 politis,
381 2773 504 2817 Ballivis,
524 2773 677 2812 Ministris,
696 2775 729 2804 &
745 2774 896 2817 omnibus,
911 2773 1051 2818 Fidelib'us
1063 2772 1154 2816 Regis
1168 2771 1236 2802 Du-

181 2812 579 2881 {actssffigagffiggssuffi
593 2813 651 2880 ῗῖῗί
666 2807 1237 2887 ‘iffffiffiffssaffisslffgss’filgflllfflssssz

185 2886 285 2924 rniffis,
299 2888 332 2917 δε
344 2872 375 2918 θα,
389 2873 579 2927 tangentibus,
595 2889 646 2919 sirit
661 2873 852 2926 intendentes,
867 2889 1042 2920 consulentes
1059 2888 1091 2918 &
1106 2888 1238 2917 auxiliari—

186 2928 228 2955 tes
247 2924 387 2968 quotiens,
403 2927 436 2957 &
457 2926 569 2965 quando
591 2937 639 2967 per
657 2927 745 2966 ipsOS‚
759 2927 847 2967 duos,
864 2927 911 2958 vel
934 2935 1022 2958 unum
1038 2935 1073 2957 ex
1087 2926 1143 2964 eis,
1160 2925 1238 2965 super

186 2961 246 2992 hoc
263 2962 364 2992 fuerint
380 2966 544 2999 praemuniti.

222 2999 257 3031 In
271 3001 363 3038 cujus,
378 3001 439 3032 &ci

865 3112 918 3148 Per
936 3111 1016 3158 ipfhm
1032 3119 1137 3156 Regem.

227 3075 294 3107 Dat.
307 3084 338 3107 ut
349 3076 433 3117 supra.

193 3189 290 3252 ET
302 3193 465 3225 mandatum
478 3193 519 3224 est
534 3193 685 3234 Amaneno
700 3193 735 3225 de
752 3193 893 3233 Lebreto,
914 3194 992 3233 quod
1002 3219 1011 3231 ,
1028 3191 1061 3225 ad
1078 3202 1172 3226 certos
1186 3193 1242 3224 dies

268 3230 301 3261 &
318 3231 397 3270 loca,
412 3242 482 3270 quos
495 3232 598 3272 iidem,
617 3233 734 3272 Guido,
752 3233 939 3271 Willielmus,
957 3235 989 3264 ὃ(
1004 3234 1151 3270 Thomas,
1166 3232 1243 3270 duo,

194 3277 243 3300 aut
263 3278 334 3314 unus
349 3280 467 3314 corum,
481 3272 506 3301 ei
525 3270 593 3301 scire
614 3271 731 3310 faciant,
749 3272 783 3301 ad
804 3272 874 3310 ipsos
893 3272 1066 3311 personaliter
1088 3271 1243 3310 accedens,

194 3306 631 3377 ἷυῇειὲιὲιέξιεριίξςηῇοηὼυεάδε
644 3309 784 3377 (fliscordiis
796 3310 895 3340 tractet
909 3321 976 3355 curn
989 3308 1091 3341 eisdem
1104 3319 1111 3339 x
1134 3345 1160 3377 d.
1201 3348 1207 3353 .

197 3392 237 3415 ter
249 3354 846 3430 ipsutss1¹⁵a¹c¹ffprssss⁸i=3131¹ss1aesss13{ic‘a'ffissfiissegi‘}
854 3350 1246 3426 {fftsslssffng‘s'cflssslfflt

197 3432 282 3462 quarn
300 3421 373 3460 Regi
388 3423 435 3460 ipsi
447 3425 581 3463 pareat&
600 3425 724 3455 intendat
739 3434 745 3454 :

235 3460 278 3492 lta
291 3462 377 3505 ,quod
396 3461 444 3498 ipsi
464 3462 538 3491 suam
557 3462 675 3502 Regiam
690 3462 893 3502 Benignitatem
907 3463 940 3493 &
956 3461 1202 3493 Mansuetudinem
1215 3462 1245 3492 in

196 3498 343 3542 praemissis
356 3499 459 3536 possint
473 3499 505 3529 &
517 3500 636 3531 debeant
648 3502 753 3531 merito
767 3501 969 3531 commendare
982 3511 988 3531 z

233 3537 323 3568 Dedit
337 3538 412 3582 enim
424 3537 489 3567 Rex
502 3537 601 3568 eisdem
616 3539 645 3568 in
658 3539 809 3578 mandatis,
822 3540 900 3578 quod
913 3540 978 3578 ipsi,
993 3539 1013 3569 fi
1028 3549 1091 3577 quae
1103 3537 1252 3568 difficulta-

196 3583 238 3607 tes
256 3576 428 3614 subfuermt,
445 3585 502 3619 quo
522 3577 612 3606 minus
629 3577 709 3616 plena
729 3578 882 3609 concordia
894 3577 973 3616 super
986 3576 1130 3615 praemislis
1144 3587 1192 3614 per
1206 3578 1250 3614 ip-

198 3614 242 3645 sos
259 3614 346 3645 valeat
357 3614 517 3651 reformari,
535 3612 609 3653 Regi
622 3615 687 3645 inde
703 3615 816 3647 reddant
830 3617 955 3647 celeriter
970 3618 1116 3653 certiores,
1135 3616 1168 3645 &
1181 3623 1250 3645 tunc

198 3652 535 3730 gigegrehigsssrertnedium,
553 3652 630 3690 quod
644 3655 798 3685 convenire
811 3654 879 3686 Rex
890 3654 1014 3693 videbit,
1029 3654 1106 3685 idem
1121 3653 1185 3685 Rex
1200 3663 1252 3693 ap-

361 3701 393 3722 ea
407 3710 413 3720 .-

238 3766 307 3799 Dat.
320 3775 352 3799 ut
364 3769 450 3807 supra.

884 3807 938 3837 Per
948 3806 1029 3847 ipfiem
1044 3809 1147 3844 Regem.

201 3877 296 3942 ET
314 3882 476 3914 mandatum
495 3883 538 3913 est
557 3882 675 3923 praefato
694 3881 863 3920 senescallo,
886 3883 981 3922 quod,
1002 3883 1037 3914 ad
1058 3890 1166 3920 certos,
1191 3880 1251 3917 &a

204 3920 424 3989 intenzltatfhpm’
439 3923 580 3961 pertinere
598 3921 767 3959 noscuntur,
789 3927 923 3959 tanquam
943 3922 1020 3961 Regi
1039 3921 1090 3962 ipfi
1109 3927 1200 3963 pareat
1219 3920 1254 3952 &e

241 4013 311 4045 Dat.
323 4023 354 4048 ut
366 4016 452 4054 supra.

196 4128 198 4130 ³
237 4090 310 4138 nm.
327 4089 371 4129 ιι,
389 4085 425 4122 PL
437 4095 464 4129 ι,

1252 170 1284 211 Ρ
1322 170 1367 211 U
1404 171 1437 210 B
1473 171 1506 211 L
1541 170 1562 212 1
1598 171 1636 213 C
1673 172 1721 212 A.
2237 180 2284 213 Π

2299 254 2435 295 Anno:

2319 303 2403 333 ¹3¹2-

1353 341 1412 375 Ad
1427 340 1596 387 Philippum
1615 345 1724 389 Regem
1743 347 1927 378 Francorum
1946 342 1982 377 de
2002 342 2170 377 Credentia.
2302 336 2369 360 mv.
2389 342 2416 361 ²·

1236 425 1526 486 EXcellentiffimo
1545 427 1689 465 Principi,
1707 427 1840 459 Domino
1860 439 1893 460 ac
1914 428 1988 461 Patri
2002 427 2161 466 kariffimo,
2180 427 2287 458 Domi·
2305 430 2355 455 Aa*-
2371 430 2399 456 6.

1313 472 1352 507 no
1372 464 1516 503 Philippo,
1530 465 1597 508 *Dei
1619 468 1721 503 gratia,
1741 466 1815 505 Regi
1837 468 2012 499 Francorum
2031 466 2148 505 illustri,
2167 466 2284 496 Edivzir-
2307 470 2323 491 v.
2348 477 2371 493 7..

1236 502 1310 545 dus,¹
1324 502 1445 544 ejusdem
1467 512 1568 541 gratia,
1588 503 1651 533 Rex
1672 503 1801 542 Angliae,
1817 504 1961 536 Dominus
1982 505 2145 542 Hiberniae,
2162 505 2195 535 ὅ(
2216 504 2285 534 Dux
2303 511 2369 530 &0⁷²-
2385 503 2420 537 ὠ·

1237 541 1411 579 Aquitaniae,
1428 540 1555 579 ialutetm
1573 542 1623 577 δε,
1639 541 1672 571 ad
1688 550 1768 579 vota,
1785 543 1918 574 successus
1931 544 2073 583 prosperos
2085 552 2117 574 ac
2131 543 2232 573 felices.
2304 546 2335 569 Fr
2361 546 2387 569 6-

1277 578 1420 620 Qiaedarn
1441 579 1521 609 ardua
1539 580 1665 617 negotia,
1684 589 1750 617 n05,
1768 580 1801 610 ὃς
1820 580 1960 612 honorem
1978 581 2125 619 nostrum,
2139 591 2171 611 ac
2184 580 2287 612 statum
2305 584 2335 607 E.
2355 589 2380 606 2-

1238 616 1366 646 nostrum
1387 617 1537 653 ipecialiter
1557 617 1711 656 tangentia,
1729 618 1898 655 injunximus
1910 620 2066 651 Nobilibus
2080 619 2170 658 Viris,
2188 621 2221 649 &
2236 628 2289 649 no-
2305 627 2341 646 m.
2360 626 2402 652 ¹7·

1239 654 1297 684 stris
1319 653 1554 693 Confiinguineis,
1573 656 1605 685 ὃς
1627 654 1751 684 fidelibus
1772 655 1953 694 praedileffis,
1971 657 2121 697 Dominis,
2141 656 2291 688 Adomaro

1238 692 1274 722 de
1294 692 1418 723 Valentia
1433 692 1545 723 Comiti
1562 692 1773 730 Pembrochiae,
1793 693 1826 722 δε
1840 692 1969 724 Henrico
1979 696 2014 725 de
2029 696 2105 726 Bello
2117 695 2223 726 Monte
2237 694 2293 732 (de

1238 740 1359 769 quorum
1384 731 1512 761 fidelitate
1527 731 1658 769 probata,
1674 731 1707 761 &
1723 731 1976 768 circumspectione
1989 735 2103 772 provida
2117 734 2227 772 plenam
2241 743 2291 772 ge-

1238 770 1325 798 rimus
1342 769 1491 806 fiduciam)
1513 768 1611 799 vestrae
1626 769 1770 799 Serenitati
1785 768 1904 799 serioiius
1916 771 2095 809 exponenda,

1277 806 1385 836 Vestrae
1411 808 1492 846 igitur
1513 806 1672 837 Paternitati
1687 806 1834 836 kariffimae
1850 807 2005 838 affeetuoiis
2021 810 2147 847 precibus
2159 811 2294 851 supplica-

1240 855 1318 882 mus,
1336 845 1464 884 quatinus
1485 845 1616 884 praefaris,
1635 845 1798 882 Adomaro,
1817 846 1850 875 δε
1874 845 2020 883 HenricO,
2038 857 2070 876 ac
2093 857 2189 878 eorum
2202 850 2296 886 alteri,

1240 885 1269 913 in
1290 884 1358 921 hiis,
1377 893 1440 921 quae
1461 893 1510 920 per
1531 884 1616 921 ipsos,
1635 883 1680 913 vel
1702 892 1804 912 eorum
1825 883 1941 913 alterurn
1957 883 2055 914 vestrae
2069 884 2246 926 Celfitudini,
2262 895 2296 916 ex

1239 930 1314 990 page
1329 921 1421 952 nostra
1431 944 1440 960 ,
1458 923 1579 959 exposita
1594 922 1699 952 fuerint
1711 921 1773 952 viva
1788 930 1878 960 voce,
1892 922 1981 954 velitis
1994 921 2080 952 fidem
2096 924 2235 954 credulam
2250 924 2299 955 ad-

1263 971 1269 989 l
1291 970 1345 990 Cle.

1277 1035 1346 1068 Dat.
1359 1036 1433 1074 apud
1448 1036 1561 1068 Dovor.
1576 1036 1652 1067 sexto
1667 1037 1712 1067 die
1728 1035 1853 1076 Augusti,

1556 1160 1614 1194 Ad
1635 1164 1751 1206 Papam
1767 1159 1804 1193 de
1822 1159 1990 1194 Credemia.

1245 1245 1293 1306 P
1302 1246 1359 1276 ΑΡ
1369 1246 1410 1277 AE
1428 1245 1493 1276 Rex
1506 1246 1608 1277 devota
1622 1247 1726 1284 pedum
1741 1244 1835 1277 oscula
1848 1245 2004 1274 beatorum.
2321 1254 2397 1286 Arm„
2409 1253 2453 1285 D,-

1349 1285 1491 1324 Qaedam
1511 1285 1593 1315 ardua
1611 1287 1735 1325 negotia,
1754 1294 1820 1322 nos,
1839 1283 1872 1314 &
1886 1283 2025 1313 honorem
2039 1282 2182 1321 nostrum,
2201 1293 2234 1315 ac
2248 1284 2304 1315 sta-
2347 1302 2432 1334 1311.

1246 1334 1305 1356 turn
1326 1326 1454 1354 nostrum
1474 1323 1625 1361 specialiter
1646 1325 1803 1364 tangentia,
1821 1322 1992 1359 injunximus
2005 1321 2164 1352 Nobilibus
2176 1323 2252 1361 viris,
2268 1325 2300 1355 ὃς
2319 1335 2372 1360 An.
2386 1335 2413 1360 6,

1247 1363 1348 1394 nostris
1370 1363 1476 1393 dilectis
1496 1363 1529 1393 ὃς
1553 1362 1694 1400 fidelibus,
1712 1361 1860 1397 Dominis,
1876 1359 2028 1390 Bertrando
2050 1360 2085 1390 de
2098 1359 2225 1390 Salviaco
2242 1361 2304 1391 Co·
2320 1374 2350 1397 E.
2371 1380 2397 1397 2,

1248 1403 1310 1433 miti
1324 1400 1490 1440 Campaniae
1504 1400 1614 1438 Nepoti
1629 1400 1741 1439 vestro,
1753 1401 1786 1430 &
1801 1398 1959 1428 Alexandro
1974 1398 2010 1428 de
2024 1398 2171 1438 Abernytb
2203 1399 2304 1438 Militi,
2321 1413 2389 1436 Rom.
2406 1409 2441 1442 ὁ.

1247 1450 1280 1470 ac
1300 1439 1405 1469 dilecto
1426 1438 1541 1469 Clerico
1563 1439 1663 1469 nostro
1686 1438 1829 1475 Magistro
1843 1437 1972 1467 Waltero
1984 1437 2020 1467 de
2034 1436 2161 1476 Mayden
2188 1447 2238 1467 ane
2256 1438 2307 1475 (de
2323 1450 2360 1476 Fr,
2377 1448 2405 1474 6,

1248 1487 1371 1517 quorum
1391 1477 1519 1507 fidelitate
1541 1478 1674 1516 probata,
1692 1477 1725 1507 &
1740 1475 1994 1515 circumspectione
2007 1475 2125 1515 provida
2137 1475 2247 1515 plenam
2261 1485 2308 1515 ge·
2326 1489 2355 1512 E.
2376 1495 2401 1512 2,

1249 1518 1335 1547 rimus
1347 1515 1495 1552 fiduciam)
1516 1515 1614 1546 vestrae
1628 1515 1793 1554 Beatitudini
1806 1514 1924 1544 seriosius
1936 1514 2116 1551 exponenda3
2329 1533 2365 1551 m,
2385 1531 2426 1557 ¹9-

1290 1553 1401 1584 Vestrae
1424 1555 1508 1592 igitur
1530 1553 1673 1584 Sanctitati
1686 1554 1794 1584 devotis
1806 1553 1934 1593 precibus
1951 1552 2092 1582 humiliter
2106 1552 2309 1621 sugplicamus,

1251 1593 1380 1631 quatinus
1403 1592 1541 1630 praefatis,
1556 1591 1669 1622 Comiti
1690 1592 1803 1631 Nepoti
1823 1591 1934 1629 vestro,
1952 1590 2060 1629 Militi,
2077 1591 2111 1621 δε
2165 1591 2242 1621 erico
2275 1601 2310 1622 ac

1250 1632 1360 1662 duobus
1380 1637 1499 1669 eorum,
1516 1631 1545 1660 in
1566 1631 1633 1669 hiis,
1650 1640 1714 1669 quae
1731 1629 1832 1660 vestrce
1852 1628 2042 1667 Clementiae,
2061 1638 2095 1658 ex
2109 1636 2183 1666 parte
2197 1613 2290 1659 nosira
2303 1645 2319 1667 ‚-

1251 1669 1426 1708 exposuerint
1439 1669 1503 1699 viva
1518 1678 1606 1705 voce,
1622 1668 1778 1707 dignemini
1792 1667 1878 1698 fidem
1894 1667 2038 1697 indubiam
2053 1667 2204 1706 adhibere,
2220 1668 2254 1699 ὃς
2268 1676 2315 1698 ex-

1253 1707 1384 1746 ponenda
1399 1717 1448 1745 per
1462 1707 1552 1746 ipsos,
1567 1708 1612 1737 vel
1624 1707 1695 1738 duos
1709 1717 1811 1738 eorum
1825 1706 1987 1744 benigniter
2003 1705 2140 1737 exaudire.

1292 1745 1465 1783 Conservet‚
1483 1746 1544 1776 &c.

1290 1821 1360 1853 Dat.
1374 1822 1449 1860 apud
1465 1821 1577 1854 Dovor.
1594 1822 1670 1854 sexto
1685 1822 1730 1854 die
1746 1821 1874 1862 Augusti.

1283 1945 1342 1980 Ad
1364 1946 1577 1990 Cardinalem‚
1603 1950 1639 1986 ὠν
1658 1946 1702 1980 ad
1717 1950 1930 1980 Camerarium
1947 1949 2048 1992 Papae,
2069 1943 2104 1977 de
2125 1944 2294 1979 Credentia.

1259 2030 1474 2091 VEnerabili
1495 2033 1525 2062 in
1547 2031 1666 2062 Christo
1685 2031 1785 2070 Patri,
1810 2031 1944 2062 Domino
1965 2030 2000 2061 ΑΔ
2018 2030 2075 2061 Dei
2096 2031 2183 2068 gratia
2197 2052 2206 2068 ,
2230 2029 2321 2059 Tituli
2338 2029 2413 2060 Ann.
2430 2029 2473 2063 D,

1346 2070 1458 2099 Sanctae
1478 2069 1580 2100 Priscae
1600 2070 1758 2100 Presbisero
1780 2069 1940 2106 Cardinali,
1960 2069 2066 2098 Amico
2089 2070 2137 2098 suo
2159 2067 2321 2106 karfffimo,
2357 2077 2441 2107 13¹2·

1259 2104 1426 2173 {dwarduffi
1441 2107 1565 2145 ejusdem
1585 2109 1688 2147 gratia,
1706 2109 1766 2139 &c.
1781 2107 1896 2138 salutern
1909 2108 1941 2138 &
1956 2107 2069 2137 sincerae
2083 2105 2238 2136 dilectionis
2253 2106 2323 2136 affe-
2340 2111 2392 2133 Aa.
2410 2109 2438 2136 6.

1293 2154 1350 2174 um.
2340 2149 2370 2171 Ε.
2389 2155 2415 2173 2.

1298 2182 1388 2220 Super
1409 2182 1574 2220 quibusdam
1597 2185 1716 2224 negotiis
1736 2183 1836 2214 nostris
1857 2184 1911 2221 (de
1932 2183 2032 2222 quibus
2046 2182 2107 2213 alias
2121 2182 2204 2212 vobis
2215 2181 2324 2220 scripfi-
2340 2188 2410 2210 Rom.
2426 2182 2460 2217 &s

1262 2226 1341 2255 mus)
1362 2220 1517 2251 Nobilibus
1537 2223 1626 2260 Viris,
1642 2223 1674 2253 δε
1696 2222 1798 2252 nostris
1810 2222 2048 2259 Consanguineis,
2067 2222 2099 2251 &
2115 2221 2239 2251 fidelibus
2253 2231 2326 2260 prae-
2343 2225 2384 2248 Fr.
2399 2222 2426 2249 6.

1262 2258 1388 2297 dileffis,
1407 2259 1557 2299 Dominis,
1576 2260 1724 2291 Adomaro
1739 2261 1774 2290 de
1787 2261 1915 2291 Valentia
1929 2259 2042 2289 Corniri
2057 2259 2276 2297 Pembrochiae,
2289 2259 2322 2289 ὃ(
2342 2264 2372 2285 Ε.
2390 2268 2416 2286 2.

1263 2295 1394 2326 Henrico
1416 2298 1451 2326 de
1474 2298 1552 2327 Bello
1571 2299 1677 2328 Monte
1699 2298 1752 2335 (de
1770 2307 1893 2336 quorum
1913 2297 2044 2326 fidelitate
2065 2297 2197 2336 probata,
2215 2296 2248 2326 &
2272 2298 2327 2327 cir-
2344 2306 2379 2325 m.
2398 2305 2442 2332 19.

1264 2335 1475 2377 cumspectione
1497 2336 1612 2373 provida
1634 2338 1745 2375 plenam
1771 2337 1891 2373 gerimus
1911 2335 2064 2371 fiduciam)
2085 2334 2118 2365 ad
2134 2334 2249 2373 plenum
2264 2344 2329 2375 ape-

1264 2382 1371 2402 ruimus
1385 2382 1511 2403 mentem
1527 2374 1653 2404 nostram
1668 2374 1748 2405 vobis
1764 2373 1886 2403 seriosius
1901 2373 2117 2412 exponendam5

1302 2411 1321 2431 ²¹³
1331 2410 1460 2441 Vestram
1480 2412 1563 2451 igitur
1576 2412 1775 2443 paternitatem
1789 2411 1940 2442 affestuose
1954 2411 2120 2449 requirimus
2137 2411 2170 2441 &
2185 2420 2329 2451 rogamus,
2348 2419 2364 2435 ³⁸
2383 2419 2436 2447 111,

1265 2450 1392 2488 quatinus
1413 2450 1548 2488 praefaris,
1568 2450 1682 2482 Comiti
1701 2451 1734 2481 &
1755 2450 1903 2487 Henrico,
1923 2460 1956 2480 ac
1976 2459 2077 2480 eorum
2098 2450 2193 2488 alteri,
2211 2451 2240 2479 in
2260 2451 2330 2490 hiis,
2348 2466 2412 2494 34⁰·

1267 2498 1335 2556 quae¹
1351 2498 1409 2531 per¹
1419 2488 1508 2527 ipsos,
1527 2490 1571 2518 vel
1590 2499 1691 2519 eorum
1715 2489 1849 2525 alterurn,
1869 2488 1950 2519 vobis
1965 2498 1998 2518 ex
2013 2496 2089 2527 parte
2102 2487 2196 2519 nostra
2208 2489 2331 2529 expofita

1283 2535 1370 2556 uerint
1383 2536 1446 2557 Viva
1463 2536 1554 2566 voce,
1568 2528 1658 2558 velitis
1671 2527 1760 2558 fidem
1779 2527 1921 2558 credulam
1936 2526 2077 2558 adhibere.

1309 2602 1376 2633 Dat.
1390 2603 1463 2641 apud
1475 2603 1589 2634 Dovor.
1604 2603 1679 2635 sexto
1693 2604 1740 2635 die
1755 2603 1882 2644 Augusti.

1271 2680 1359 2736 RE
1368 2679 1399 2724 X
1416 2681 1565 2724 venerabili
1587 2682 1616 2710 in
1632 2680 1758 2725 Christo¹
1768 2680 1857 2725 Batti,
1876 2680 2008 2711 Domino
2022 2679 2058 2725 A.
2070 2679 2168 2724 eadem
2181 2681 2281 2719 gratia,
2295 2678 2337 2710 E-

1346 2719 1461 2756 piscopo
1474 2718 1647 2759 Pietavenfi,
1665 2720 1791 2752 Domini
1802 2719 1888 2758 Papae
1903 2718 2087 2757 Camerario,
2099 2718 2207 2749 Amico
2222 2718 2272 2750 suo
2288 2718 2338 2749 ka-

1274 2757 1400 2796 riffirno,
1420 2756 1479 2792 &c.
1492 2764 1524 2787 ut
1530 2757 1624 2797 ficpra.

1312 2834 1379 2865 Dat.
1393 2842 1425 2865 ut
1439 2835 1528 2875 supra.-

1442 2962 1602 3006 Consimilis
1623 2964 1728 2996 Litera
1748 2959 1792 2995 ad
1808 2960 2004 3004 Cardinales‚
2027 2963 2064 3000 ᾤ’
2086 2960 2172 2993 alios.

1279 3046 1494 3113 VEnerabili
1516 3053 1545 3083 in
1567 3051 1685 3082 Christo
1697 3051 1791 3089 Patri,
1811 3050 1948 3081 Domino
1961 3050 1997 3080 A.
2011 3049 2047 3080 de
2060 3050 2109 3080 Pel
2144 3059 2210 3086 rue,
2230 3047 2341 3080 Sanitae
2356 3054 2433 3087 Arm,
2449 3056 2493 3092 Dg

1365 3089 1466 3121 Mariae
1486 3091 1516 3120 in
1541 3089 1656 3120 Porticu
1678 3089 1815 3120 Diacono
1831 3088 1991 3128 Cardinali,
2008 3088 2113 3120 Edwar
2134 3099 2181 3126 us,
2198 3088 2257 3118 &c.
2271 3086 2340 3117 salu-
2380 3105 2469 3135 ¹312.

1283 3138 1341 3161 tem
1360 3129 1394 3159 &
1408 3130 1522 3159 fincerae
1533 3129 1693 3159 dilectionis
1706 3128 1852 3158 affectum.
2357 3138 2408 3162 Aa.
2424 3135 2452 3164 5,

1321 3166 1464 3207 Quaedam
1485 3167 1569 3197 ardua
1590 3168 1717 3206 negotia,
1732 3176 1800 3203 nos,
1818 3166 1851 3196 &
1873 3166 2014 3196 honorem
2027 3164 2173 3202 nostrum,
2190 3173 2222 3193 ac
2237 3162 2339 3194 statum
2357 3178 2386 3200 E.
2408 3183 2433 3200 2,

1281 3206 1410 3237 nostrum
1428 3205 1579 3246 specialiter
1600 3206 1739 3244 tangentia
1782 3204 1887 3234 Nobili
1908 3205 1977 3235 Viro
1999 3205 2031 3234 &
2053 3203 2125 3233 fideli
2147 3201 2261 3240 nostro,
2278 3201 2342 3232 Ber·
2360 3216 2429 3238 Rom.
2442 3209 2477 3244 6.

1282 3245 1382 3276 trando
1404 3244 1439 3274 de
1458 3244 1586 3274 Salviaco
1606 3243 1717 3273 Comiti
1733 3227 1916 3285 C‘ampaniae,
1934 3252 1967 3272 ac
1979 3241 2086 3285 dilectis
2099 3242 2132 3271 &
2147 3240 2272 3270 fidelibus
2288 3250 2342 3271 no·
2361 3253 2400 3276 Fr.
2415 3251 2443 3277 6,

1283 3284 1359 3322 stris,
1378 3282 1540 3313 Alexandro
1560 3283 1596 3313 de
1613 3281 1790 3320 Albernythy
1812 3280 1917 3317 Militi,
1942 3281 1975 3310 &
1996 3279 2136 3319 Magistro
2158 3279 2287 3308 Waltero
2307 3278 2342 3307 de
2359 3291 2390 3313 Β,
2407 3296 2434 3315 2,

1284 3321 1470 3362 Maydenstan
1489 3319 1605 3351 Clerico
1628 3321 1680 3358 (de
1698 3329 1819 3360 quorum
1840 3318 1967 3349 fidelitate
1981 3320 2113 3356 probata,
2128 3318 2161 3348 &
2173 3315 2343 3354 circumspe-
2360 3334 2396 3353 m,
2420 3328 2466 3360 193

1286 3360 1381 3429 &ioge
1408 3359 1526 3399 provida
1553 3360 1665 3398 plenam
1693 3360 1813 3397 gerimus
1835 3356 1984 3395 fiduciam)
2013 3357 2096 3389 vobis
2116 3354 2237 3386 seriofius
2257 3363 2346 3391 expo-

1285 3409 1340 3429 nen
1362 3409 1394 3434 a,
2305 3429 2310 3434 η

1320 3436 1448 3467 Vestram
1469 3433 1623 3466 amicitiam
1644 3435 1807 3472 requirimus
1828 3434 1862 3464 &
1878 3442 2010 3469 rogamus
2023 3455 2033 3470 ,
2058 3432 2186 3474 quatinus
2206 3429 2325 3469 praefatis
2337 3451 2348 3468 ,

1287 3475 1417 3512 Comiti,
1436 3472 1541 3512 Militi,
1559 3476 1592 3506 ὃς
1615 3472 1748 3511 Clerico,
1765 3482 1812 3503 aut
1825 3471 1936 3502 duobus
1950 3480 2066 3507 eorum,
2084 3471 2114 3499 in
2129 3469 2278 3512 lurp-quae
2292 3477 2346 3511 yo-

1288 3515 1347 3552 bis,
1366 3523 1399 3544 ex
1415 3521 1490 3551 parte
1504 3512 1614 3549 nostra,
1629 3511 1803 3550 exposuerint
1816 3511 1881 3540 viva
1894 3519 1983 3546 voce,
1999 3508 2083 3537 fidem
2098 3506 2187 3537 velitis
2199 3506 2346 3550 indubiam

1288 3553 1433 3589 adhibere,
1452 3552 1485 3582 &
1506 3551 1582 3580 circa
1600 3550 1713 3580 felicem
1732 3549 1942 3587 expeditionem
1956 3545 2122 3577 eorumdem
2135 3543 2287 3576 efficamter
2301 3554 2347 3576 m-

1288 3599 1436 3630 terponere
1450 3597 1540 3627 partes
1554 3588 1666 3619 vestras.

1326 3667 1394 3699 Dat.
1409 3666 1482 3706 apud
1498 3665 1611 3696 Dovor.
1626 3664 1731 3695 octavo
1745 3661 1791 3693 die
1803 3658 1931 3698 Augusti.

1420 3741 1535 3773 Eodem
1551 3740 1642 3771 modo
1655 3737 1818 3770 mandatum
1832 3734 1873 3765 est
1888 3733 2060 3774 subscriptis,
2072 3733 2221 3774 videlicet,

1291 3819 1407 3851 Domino
1421 3820 1454 3848 R.
1470 3816 1502 3846 de
1515 3818 1626 3854 Fargis,
1644 3813 1750 3844 Sane't'ae
1766 3814 1869 3841 Mariae
1888 3812 1980 3841 Novae
1998 3814 2119 3842 Diacono
2133 3809 2293 3850 Cardinali,

1292 3861 1406 3888 Domino
1426 3859 1468 3886 A.
1486 3854 1570 3884 Tituli
1583 3854 1676 3883 Sanc‘i‘i
1691 3848 1817 3880 Marcelli
1832 3850 1983 3879 Presbitero
1996 3849 2156 3889 Cardinali,

1292 3899 1408 3926 Domino
1420 3897 1456 3923 B.
1471 3894 1579 3922 Sanclae
1595 3889 1720 3927 Agathae
1740 3891 1858 3918 Diacono
1873 3887 2015 3919 cardinali
2024 3910 2035 3927 ,

1292 3937 1409 3965 Domino
1423 3930 1457 3961 R.
1474 3930 1558 3960 Fabri
1571 3931 1686 3958 Domina
1700 3929 1781 3965 Papae
1793 3925 1981 3966 Thesiiurario,

1309 3993 1315 3997 .
1469 3966 1667 4007 Archiepiscopa
1678 3964 1805 3998 Narbon.

1294 4008 1416 4051 Episcopo
1429 4005 1532 4045 Tholofi

1843 4078 1906 4111 Ba
