2562 4279
71 197 149 228 Ann.
165 196 205 226 D.

95 236 179 275 1338.

71 276 140 303 Edu.
161 284 186 310 3.

71 379 124 404 An.
149 386 191 404 12.

72 419 103 444 E.
127 425 152 450 3.

108 453 173 481 ibid.

73 724 139 753 *v-
158 734 171 742 .-

66 2015 142 2047 Arm.
158 2015 198 2046 D.

93 2055 177 2095 1338.

64 2097 119 2122 An.
138 2104 178 2123 η.

90 2153 166 2200 'iiia

75 3822 195 3852 ⁸V.80.

233 126 286 169 34

383 283 430 315 De
450 258 655 315 ¹Libertatibns
674 279 762 313 distis
782 277 973 327 Burgerfibus
990 276 1127 323 conceffis.

228 366 527 436 ΒΕέζΩιῃηίὺυς,
545 366 579 397 ad
595 376 681 406 qum,
700 367 760 398 &c.
777 365 909 396 Salutem.

338 414 413 435 cratis
428 406 504 443 quod
515 429 522 443 ,

267 444 312 474 Ad
326 443 486 474 instantiam
502 468 510 482 ‚
536 443 655 474 Nobilis
667 443 700 474 δε
716 441 843 473 Potentis
857 441 920 472 Viri
934 464 944 480 ,
964 440 1102 479 johannis
1124 439 1217 471 Ducis
1230 437 1296 469 Bra-

228 481 343 520 bantiae,
362 482 573 519 Consanguinei
585 481 674 513 nostri
689 481 838 519 carissimi,
857 481 890 511 &
905 481 945 510 ob
962 479 1160 511 Affetffionem
1192 485 1296 514 ratam,

224 529 310 558 quam
329 523 357 550 in
371 544 381 559 ,
410 521 530 551 Dilectis
547 522 628 551 nobis
642 544 651 558 ,
677 519 887 550 Mercatoribus
904 519 938 549 &
957 517 1143 558 Burgenfibus
1188 516 1244 547 illae
1258 515 1295 546 de

223 558 380 598 Lovaynne
394 560 423 589 in
439 559 604 598 Brabantia,
624 559 702 590 claris
715 558 824 589 indiciis
838 558 1015 598 experimur,

260 596 289 628 C
298 608 317 628 o
327 606 348 627 Ν
358 608 374 627 c
382 606 399 627 E
409 608 421 628 s
430 608 442 629 s
452 608 463 629 1
473 607 499 628 M
508 607 530 628 U
541 607 553 628 s
574 599 677 629 eisdem
693 597 903 628 Mercatoribus
922 596 956 626 &
972 593 1157 634 Burgensibus
1168 592 1297 623 Liberta—

223 644 270 705 tesi
279 636 455 705 slubscriptaffi
473 636 504 667 H
515 646 587 667 ABE
598 646 620 668 N
631 647 651 668 D
660 647 680 668 A
689 645 701 667 s
718 636 853 676 quamdiu
867 634 973 665 nostrae
987 633 1123 672 placuerit
1138 631 1295 669 voluntati,

221 685 250 705 vr
272 684 352 705 ercet

266 718 281 730 ²*
302 699 395 752 Qiod
410 714 475 752 ipsi,
494 714 528 744 &
541 722 641 744 eorum
655 712 790 744 Haeredes
805 735 815 752 ,
836 713 870 744 &
884 710 1080 748 successores,
1097 708 1183 739 Villae
1195 707 1297 745 praedi-

226 751 281 782 &ae
296 775 305 791 ,
331 752 382 783 sub
397 752 473 782 salvo
492 753 525 783 ὃς
543 752 642 783 securo
658 750 814 782 Conduetu
826 774 835 789 ‚
859 752 893 782 &
907 751 957 781 sub
977 748 1162 780 protectione
1179 747 1213 778 &
1234 745 1297 776 De-

225 790 351 822 fensione
367 790 468 821 nostris
483 815 493 830 ‚
520 791 609 822 Lanas
621 815 630 829 ,
656 791 690 821 ὃς
706 791 768 822 alias
788 788 980 820 Mercandisas
999 787 1187 826 quascumque
1201 807 1210 823 ‚
1235 785 1297 815 ubi-

224 838 351 868 cumque
362 830 434 859 infra
446 829 475 859 R
514 840 584 860 num
600 828 728 859 nostrum
743 838 854 866 emere,
873 828 907 858 &
921 836 963 856 eas
976 835 1051 856 extra
1067 825 1142 855 idem
1158 823 1296 862 Regnum

224 868 332 901 (solutis
350 869 425 908 prius
440 867 486 898 Cu
514 870 584 899 umis
602 869 636 899 ὅ(
651 867 709 898 aliis
723 866 980 898 Consuetudinibus
993 864 1059 895 inde
1069 863 1181 900 debitis)
1194 861 1297 900 absque

226 906 267 937 im
289 908 435 938 edimento
450 907 552 937 ducere
564 906 684 948 poiliiit3

262 917 304 976 iia
319 955 412 976 tamen
426 946 505 985 quod
521 948 547 976 se
563 969 572 984 ,
597 955 664 975 cum
680 943 764 975 Lanis
777 943 810 974 &
830 941 1015 973 hilercandisis
1033 941 1100 979 illis,
1117 939 1160 984 ad.
1173 939 1295 976 Terras,

224 985 311 1015 nobis
320 985 487 1022 Guerrinas,
506 995 564 1015 non
579 984 719 1014 divertant
732 1004 742 1020 ,
768 991 822 1012 nec
837 992 908 1013 cum
929 980 1056 1012 Inimicis
1071 978 1174 1010 nostris
1192 987 1296 1009 comu-

223 1025 320 1054 nicent
333 1024 369 1054 de
385 1023 494 1054 eisdem.

266 1061 303 1092 Et
318 1064 401 1092 etiam
421 1061 501 1100 quod
516 1060 625 1099 Panni,
641 1059 710 1090 faffi
726 1061 754 1090 in
775 1058 850 1090 dieta
865 1057 942 1088 Villa
961 1057 996 1088 de
1013 1056 1151 1097 Lovayne
1164 1080 1174 1094 ‚
1195 1055 1229 1087 &
1247 1064 1297 1098 per

226 1100 404 1131 Mercatores
418 1100 463 1130 vel
482 1099 632 1139 Burgenses
645 1098 731 1129 Villae
752 1098 839 1136 illius,
858 1097 904 1127 vel
925 1096 1082 1127 Servientes
1099 1104 1199 1126 eorum
1213 1119 1222 1132 ‚
1246 1098 1297 1124 luo

225 1141 344 1170 nomine
358 1163 366 1177 ,
390 1139 459 1168 infra
484 1138 621 1179 Regnum
641 1137 769 1168 nostrum
790 1136 904 1167 adducti
918 1160 928 1173 ,
953 1135 1024 1165 infra
1042 1135 1168 1173 quinque
1187 1133 1262 1171 dies,
1280 1143 1296 1163 a

227 1186 356 1216 tempore
370 1187 427 1216 quo
443 1177 532 1207 Panni
544 1178 583 1208 ibi
598 1176 763 1214 Dispackati
775 1198 784 1213 ,
805 1175 850 1205 seu
865 1174 981 1212 Aperti‚
1001 1173 1120 1211 fuerint,
1139 1181 1188 1213 per
1202 1171 1298 1202 Ulna-

230 1225 304 1247 tores
315 1216 426 1247 nostros
445 1217 473 1245 in
489 1216 559 1247 locis
571 1239 582 1253 ,
604 1216 653 1246 ubi
668 1214 780 1245 Pannos
793 1214 853 1244 illos
871 1213 973 1244 adduci
991 1212 1145 1250 contigerit
1159 1234 1170 1250 ,
1195 1209 1297 1249 absque

225 1255 349 1286 ulteriori
362 1255 494 1285 dilatione
510 1255 639 1285 ulnentur
655 1254 686 1285 &
704 1253 856 1290 signentur.

264 1293 320 1332 Et,
336 1294 354 1325 si
369 1295 520 1330 contingat
534 1303 585 1323 rios
606 1292 855 1322 Concassromzs
878 1289 986 1320 nostras
1005 1288 1148 1329 praedictas
1163 1297 1197 1318 ex
1211 1286 1298 1318 causis

225 1333 362 1371 aliquibus
375 1342 508 1363 revocare
530 1333 584 1369 (ne
601 1331 658 1361 talis
677 1330 840 1360 Revocatio
858 1328 914 1358 dici
929 1327 1012 1366 poffit
1031 1327 1112 1358 dictis
1127 1325 1297 1357 Mercatori-

226 1373 279 1402 bus
293 1371 327 1401 ὃ(
344 1370 543 1410 Burgensibus,
563 1371 607 1400 seu
622 1378 722 1399 eorum
735 1367 903 1399 Haeredibus
917 1365 1200 1404 autSuccessoribus,
1218 1363 1295 1402 Cap-

229 1410 316 1446 tiosa)
338 1410 506 1440 VoLumus
527 1410 559 1439 8(
577 1407 802 1438 CONCEDrMUs
829 1405 911 1444 quod
933 1405 1019 1435 dictae
1046 1403 1294 1435 concessiones

227 1448 333 1480 nostrae
348 1471 357 1487 ‚
381 1459 430 1488 per
446 1457 533 1478 unum
556 1448 670 1476 Annum
693 1448 880 1483 continuum,
899 1453 914 1474 a
927 1453 1056 1484 tempore
1071 1467 1080 1482 ,
1106 1453 1165 1482 quo
1186 1441 1295 1472 dictam

228 1487 458 1518 Revocationem
472 1487 532 1526 ipsis
548 1484 757 1515 Mercatoribus
776 1485 809 1515 ec
830 1483 1013 1522 Burgensibus
1026 1506 1036 1520 ,
1060 1490 1108 1513 aut
1123 1481 1296 1512 Haeredibus

227 1525 273 1556 vel
288 1525 498 1556 Successoribus
510 1524 561 1555 suis
576 1524 718 1562 praedicitis
729 1547 740 1563 ,
759 1523 883 1554 intimari
896 1522 1064 1560 fecerimus,
1082 1521 1112 1551 in
1125 1520 1175 1551 suo
1188 1519 1293 1550 Robo-

225 1574 256 1595 re
287 1564 449 1594 erseverent.

225 1624 227 1626 -
274 1613 293 1632 n
308 1602 405 1642 cujus,
423 1602 485 1634 &c.

259 1679 328 1710 Dat.
342 1678 416 1717 apud
430 1678 610 1719 Andewerp,
628 1678 745 1710 decimo
758 1677 864 1709 octavo
878 1676 925 1708 die
941 1675 1080 1717 Augusti,
1099 1675 1187 1706 Anno
1199 1673 1294 1714 Regni

219 1718 310 1749 nostri
323 1718 520 1749 Duodecimo.

880 1795 934 1822 Per
949 1791 1031 1832 ipficm
1046 1793 1151 1829 Regem.

394 1923 442 1955 De
464 1917 667 1953 Libertatibus
679 1930 734 1965 pro
755 1915 938 1951 Hominibus
953 1916 990 1950 de
1010 1914 1105 1961 Diest.

219 2007 281 2068 R
289 2006 313 2037 E
324 2005 353 2037 Χ
363 2007 507 2054 ὀζηηίὺμς
515 2029 524 2045 ,
540 2005 574 2038 ad
586 2015 657 2046 quos
665 2028 675 2044 ,
694 2005 754 2036 &c.

320 2047 419 2076 bciatis
427 2045 511 2089 *quod
519 2068 528 2082 ,

260 2084 306 2114 Ad
322 2083 497 2122 instantiam,
515 2082 651 2121 Nobilis,
669 2083 703 2114 δε
717 2081 847 2113 Potentis
859 2080 924 2111 Viri
939 2104 948 2118 ,
969 2078 1108 2122 Johannis
1122 2077 1214 2110 Ducis
1225 2077 1292 2109 Bra-

222 2123 340 2161 bantiae,
361 2122 571 2162 Consanguinei
584 2121 670 2152 nostri
691 2120 841 2160 carissimi,
859 2121 893 2152 &
915 2120 955 2150 ob
974 2119 1187 2158 Artemonem,
1204 2127 1290 2158 quam

222 2162 397 2193 Mercatores
411 2162 445 2192 &
460 2161 514 2192 Bur
535 2161 608 2192 enses
623 2159 706 2192 Villae
722 2159 834 2200 Dysten
849 2182 860 2199 ‚
885 2160 915 2190 in
934 2156 1098 2196 Brabantia,
1115 2166 1180 2197 erga
1194 2166 1247 2188 nos
1257 2156 1292 2187 &

216 2201 327 2232 nostros
341 2200 443 2230 habere
457 2210 513 2231 con
526 2201 663 2238 picimus,
1136 2218 1141 2221 -

254 2239 485 2270 Concassrixius
499 2239 580 2269 dic't'n
596 2237 805 2269 Mercatoribus
820 2237 853 2268 ὅ(
868 2235 924 2267 Bur
945 2235 1054 2266 ensibus
1070 2233 1291 2265 LIBERTATt-:s

215 2279 394 2348 gib-scriptas,
416 2276 602 2309 HABENDAS
623 2277 758 2318 quamdiu
780 2275 884 2307 nostrae
905 2275 1040 2314 pacuerit
1061 2273 1224 2312 voluntati,
1247 2273 1291 2304 vi-

237 2328 253 2348 e
265 2326 318 2348 icet

257 2340 347 2396 Quo'd
368 2354 435 2394 ipsi,
457 2354 490 2386 &
511 2365 612 2385 eorum
631 2353 787 2392 Haeredes,
807 2353 841 2385 &
860 2349 1041 2394 Successores
1054 2374 1064 2390 ,
1090 2349 1176 2381 Villae
1191 2349 1293 2387 praedi-

219 2394 292 2434 ἅτε,
313 2395 362 2425 sub
376 2394 450 2424 salvo
463 2395 495 2424 ὃ(
508 2394 607 2424 securo
622 2393 781 2423 Conduc'tu
791 2415 800 2431 ‚
816 2394 848 2424 ὃ(
864 2392 913 2421 iub
930 2390 1115 2421 protectione
1134 2390 1166 2420 ἃ
1181 2389 1292 2419 Defen-

219 2433 296 2464 sione
312 2432 429 2472 nostris,
446 2433 560 2471 veniant
575 2432 647 2462 infra
655 2432 791 2471 Regnum
806 2429 953 2467 nostrum,
971 2439 1039 2459 curn
1052 2427 1152 2458 Rebus
1163 2429 1196 2459 ὃ(
1207 2428 1290 2458 Mer-

219 2471 338 2502 candisis
351 2472 405 2501 suis
418 2493 427 2508 ‚
453 2470 560 2501 ibidem
580 2479 727 2500 morentur
742 2492 751 2507 ,
778 2468 968 2499 Mercandisas
986 2468 1044 2497 suas
1059 2475 1238 2505 excerceant,
1256 2468 1290 2498 &

218 2511 322 2541 exinde
337 2519 404 2540 cum
419 2509 517 2539 Rebus
531 2509 564 2540 &
582 2508 766 2539 Mercandisis
784 2507 837 2538 suis
851 2530 861 2545 ,
883 2517 941 2545 quo
954 2529 964 2544 ,
990 2507 1022 2537 &
1040 2505 1173 2546 quando,
1191 2506 1291 2537 volue-

218 2550 292 2588 rint,
311 2549 460 2586 recedant3

254 2587 296 2618 Ita
311 2597 404 2618 tamen
419 2585 496 2626 quod
511 2585 546 2616 ad
558 2585 677 2623 Terras,
696 2584 778 2616 nobis
794 2584 934 2623 guerrinas
947 2607 957 2622 ‚
982 2583 1139 2614 nullatenus
1155 2581 1181 2613 sc
1195 2581 1290 2613 diver-

219 2633 305 2665 tant,
329 2636 384 2657 nec
399 2625 465 2656 inde
486 2634 555 2655 cum
574 2624 701 2654 Inimicis
721 2622 821 2654 nostris
840 2624 1025 2653 comunicent
1047 2631 1164 2660 quoquo
1182 2621 1291 2660 modo,

218 2665 382 2696 dummodo
403 2662 628 2695 Consuetudines
647 2663 680 2693 &
703 2661 856 2692 Custumas
872 2685 882 2700 ,
906 2661 941 2691 de
960 2659 1121 2698 hujusmodi
1140 2659 1239 2690 Rebus
1256 2660 1290 2690 &

219 2702 404 2735 Mercandisis
416 2702 522 2733 debitas
535 2701 569 2733 ὃ(
583 2701 688 2732 usitatas
700 2701 728 2731 in
743 2700 850 2740 Regno
863 2699 977 2738 nostro,
995 2699 1102 2729 solvant
1121 2699 1155 2729 &
1171 2699 1292 2736 faciant,

218 2751 250 2773 ut
265 2742 416 2773 debebunt.

259 2780 490 2812 Concssssmus
509 2780 593 2810 etiarn
614 2778 716 2809 eisdem
738 2777 949 2808 Mercatoribus
967 2776 1002 2808 &
1022 2775 1206 2814 Burgensibus
1221 2797 1231 2812 ,
1257 2774 1291 2806 &

223 2829 323 2850 eorum
339 2818 527 2856 Haeiedibus,
545 2818 577 2849 &
593 2816 806 2848 Success'oribus
820 2816 977 2856 praedicitis,
1014 2813 1072 2845 uod
1085 2814 1135 2852 ipsi
1149 2837 1159 2852 ,
1181 2822 1227 2844 aut
1241 2823 1292 2844 eo-

222 2867 288 2889 rum
304 2858 400 2896 Bona,
419 2857 463 2887 seu
479 2855 683 2896 Mercandisas,
702 2864 835 2894 praetextu
854 2855 969 2892 alicujus
1022 2863 1109 2884 uerrae
1122 2876 1132 2891 ,
1158 2852 1293 2883 haetenus

221 2906 406 2937 quocumque
421 2904 548 2935 tempore
562 2904 649 2925 motae
663 2919 673 2934 ,
695 2896 740 2924 seu
756 2903 868 2924 exnunc
885 2892 1037 2924 movendae
1053 2915 1063 2931 ,
1085 2893 1160 2922 inter
1174 2901 1242 2930 nos,
1258 2892 1292 2923 ὅ(

221 2936 310 2966 alium
325 2943 534 2974 quemcumque
548 2932 663 2972 Regem
675 2956 685 2971 ,
706 2942 753 2963 aut
770 2932 936 2962 Dominum
954 2932 1073 2968 Terrae,
1090 2929 1293 2968 cu'uscumque

223 2973 379 3012 Nationis‚
398 2982 451 3004 nec
465 2981 516 3011 pro
530 2972 624 3002 alienis
641 2970 920 3011 Transgreffionibus
934 2993 944 3008 ,
966 2969 1094 3008 Debitis,
1163 2970 1294 3000 nventio-

221 3013 304 3043 nibus
317 3035 327 3051 ,
352 3012 398 3044 seu
420 3009 620 3041 Contraffibus
635 3032 645 3048 ,
670 3010 740 3040 infra
761 3009 898 3040 Reonum
915 3008 1044 3039 nostrum
1060 3008 1215 3038 nullatenus
1232 3017 1293 3038 are-

221 3050 344 3089 stemur,
362 3050 411 3082 nisi
427 3050 567 3080 dumtaxat
584 3058 637 3087 pro
653 3034 946 3086 Transgiefl'ionibus‚
963 3047 1089 3085 Debitis‚
1108 3046 1292 3077 Conventio-

223 3091 324 3128 nibus,
342 3090 375 3121 &
389 3087 594 3119 contractibus
612 3087 662 3117 suis
678 3088 796 3126 propriis
809 3110 818 3125 ,
844 3087 876 3118 ὃς
892 3087 1043 3155 Reginus,
1061 3085 1214 3116 secundum
1230 3085 1288 3116 Le-

222 3137 288 3168 gem
303 3128 506 3158 Mercatoriam
516 3149 526 3165 ‚
544 3127 589 3157 vel
603 3134 758 3156 comunem
774 3125 881 3164 Legem
928 3126 995 3161 egni
1008 3125 1135 3161 Anglioe:

262 3166 437 3197 Dumtamen
454 3164 577 3196 Domini
593 3164 675 3194 Villae
689 3163 850 3204 praedictae,
870 3163 1024 3202 Haeredes,
1041 3173 1087 3194 aur
1108 3162 1288 3194 Successores

220 3205 277 3243 sui,
297 3214 396 3235 contra
410 3214 462 3235 nos
477 3204 513 3234 de
528 3203 640 3234 Guerrzi
655 3213 715 3234 non
728 3203 850 3242 fuerint,
868 3212 922 3232 nec
945 3202 1117 3232 adhaerentes
1134 3202 1289 3243 aliquibus,

221 3253 319 3275 contra
334 3253 385 3273 nos
399 3242 434 3272 de
450 3241 564 3272 Guerra
581 3241 774 3272 existentibus:

257 3281 289 3312 In
303 3292 360 3321 quo
374 3281 435 3311 casu
451 3280 619 3310 VoLUMth
635 3281 668 3310 &
684 3278 904 3310 Corsici-:mixtus
919 3278 998 3316 quod
1017 3279 1124 3319 praefati
1140 3278 1290 3310 Mercato-

220 3330 261 3351 res
274 3321 307 3351 &
322 3319 486 3359 Burgenses,
505 3319 537 3349 &
553 3318 704 3358 Haeredes,
723 3319 755 3349 &
772 3317 950 3349 Successores
963 3317 1020 3356 sui,
1035 3318 1105 3347 infra
1124 3318 1226 3356 quadra
1247 3319 1289 3348 in-

221 3367 248 3390 ta
260 3359 336 3398 dies,
354 3370 370 3389 a
384 3367 529 3398 tempore,
547 3367 606 3394 quo
619 3357 778 3395 hujusmodi
794 3357 905 3387 Guerra
921 3365 998 3386 mota
1019 3357 1052 3386 ὅτ
1072 3356 1211 3395 publicata
1241 3367 1289 3386 ue-

220 3399 273 3436 rit,
291 3406 388 3427 exeant
403 3396 539 3435 Regnum
555 3396 586 3425 &
603 3395 772 3426 potestatem
788 3395 912 3425 nostram
926 3417 935 3432 ,
961 3405 1030 3425 cum
1046 3394 1131 3425 Bonis
1143 3396 1176 3424 ὃς
1189 3395 1289 3425 Rebus

220 3436 286 3473 suis,
303 3435 404 3473 absque
419 3434 624 3472 impedimento
635 3434 680 3464 seu
695 3434 893 3464 disturbatione
907 3432 1013 3472 nostri,
1027 3433 1072 3464 seu
1086 3431 1287 3464 Ministrorum

219 3474 381 3504 nostrorum
396 3483 650 3511 quorumcumque.

260 3512 321 3542 Insu
343 3523 371 3543 er
384 3512 413 3542 C
421 3522 441 3542 o
451 3520 472 3542 Ν
481 3521 497 3541 c
505 3520 522 3541 E
533 3521 544 3541 s
556 3521 567 3541 s
576 3521 586 3541 1
597 3519 621 3540 M
632 3519 655 3540 υ
664 3520 676 3541 s
698 3510 800 3541 eisdem
814 3510 1024 3540 Mercatoribus
1036 3510 1069 3541 &
1084 3509 1288 3548 Burgenfibus,

220 3549 310 3580 Haere
330 3551 389 3580 ibus
403 3572 412 3588 ‚
438 3551 471 3581 ὃς
494 3549 704 3580 Succefforibus
726 3548 895 3580 eorumdem
911 3572 921 3587 ‚
945 3548 1023 3588 quod
1041 3549 1149 3587 panni,
1172 3548 1239 3578 faeti
1257 3549 1287 3577 in

224 3589 297 3619 Villa
311 3588 444 3625 praediCta
455 3612 465 3627 ,
491 3589 523 3619 δε
540 3599 587 3626 per
610 3598 657 3618 eos
668 3611 679 3626 ,
706 3589 751 3618 vel
769 3588 925 3618 Sei-vientes
940 3597 1040 3617 eorum
1055 3609 1065 3625 ‚
1087 3587 1138 3617 suo
1156 3587 1293 3624 nomine,

225 3627 294 3656 infra
310 3627 444 3666 Regnum
466 3626 593 3656 nostrum
613 3627 728 3657 addutfti
743 3650 752 3665 ,
775 3627 844 3656 infra
865 3627 989 3664 quinque
1007 3626 1064 3655 dies
1113 3635 1128 3654 a
1141 3633 1288 3663 tempore,

225 3674 283 3707 quo
299 3665 477 3703 Dispackati‚
496 3666 540 3694 seu
556 3667 640 3704 aperti
653 3666 773 3704 fuerint,
792 3675 840 3703 per
854 3664 1009 3694 Ulnatores
1029 3647 1157 3701 nostros,
1175 3664 1203 3692 in
1219 3664 1288 3693 locis

227 3703 276 3732 ubi
284 3713 396 3771 8pcaririos
408 3704 468 3733 illos
481 3702 582 3734 adduci
598 3705 746 3743 contigerit
759 3726 769 3742 ,
791 3704 892 3740 abique
907 3703 1029 3733 ulteriori
1043 3703 1175 3732 dilatione
1190 3701 1290 3732 ulnen-

226 3748 270 3771 tur
331 3746 477 3771 li⁹nentur.

265 3778 310 3807 Ad
323 3765 384 3821 ,ᾖξε
393 3803 402 3818 ,
420 3778 649 3810 CoNcassmus
666 3779 875 3810 Mercatoribus
889 3779 922 3810 ὃ(
936 3778 1119 3818 Burgensibus
1132 3778 1288 3817 praedietis,

227 3816 306 3852 quod
321 3820 394 3859 Why.
404 3827 436 3847 ac
450 3827 551 3847 eorum
565 3818 715 3856 Haei-edes,
736 3820 769 3849 &
782 3817 977 3856 Successores,
999 3821 1086 3847 Lanas
1101 3841 1110 3856 ‚
1132 3818 1152 3836 ³*
1172 3818 1205 3848 &
1224 3818 1287 3847 alias

228 3853 414 3884 Mercandiias
428 3856 630 3896 quascumque,
646 3858 818 3894 ubicumque
830 3857 899 3886 infra
913 3855 1050 3895 Regnum
1064 3855 1196 3886 nostrum
1211 3865 1289 3885 eme-

227 3901 273 3929 re,
293 3892 326 3920 δε
340 3901 382 3935 eas
396 3902 467 3935 extra
483 3894 557 3922 idem
574 3894 708 3934 Regnum
724 3895 828 3930 (solutis
863 3896 914 3924 rius
927 3893 1072 3924 Custumis
1084 3895 1117 3925 &
1133 3894 1190 3923 aliis
1203 3892 1287 3923 Con-

225 3929 412 3960 suetuduiibus
426 3931 490 3971 inde
503 3932 617 3969 debitis)
640 3933 740 3970 absque
758 3934 835 3969 impe
856 3933 964 3962 imento
985 3933 1088 3963 ducere
1103 3931 1228 3971 poslint3
1249 3933 1287 3963 ita

226 3976 320 4000 tamen
335 3967 412 4006 quod
427 3972 469 4006 le,
486 3978 552 3999 cum
569 3969 654 4002 Lanis
665 3972 698 4002 &
719 3970 904 4002 Mercandisis
917 3971 968 4000 illis
981 3993 991 4010 ,
1015 3971 1050 4002 ad
1064 3971 1185 4009 Terras,
1203 3970 1286 4001 nobis

732 103 1528 153 CONVENTIONES,
1576 102 1966 150 LITERAE‚

1338 190 1495 259 gffirrinae'
1510 199 1571 221 non
1584 189 1742 230 divertant,
1760 199 1816 220 nec
1830 198 1901 221 cum
1914 187 2041 220 Inimicis
2059 186 2162 218 nostris
2174 189 2363 221 comunicent
2376 189 2412 221 de

1335 240 1361 260 ei
1391 239 1448 260 em.

1373 267 1602 298 Conczssniius
1619 266 1705 297 etiam
1721 266 1799 304 quod
1814 267 1927 304 propria
1942 264 2020 295 Bona
2032 287 2041 301 ‚
2066 265 2100 296 &
2115 263 2302 296 Mercandisae
2314 262 2409 298 dieto-

1337 316 1402 337 rum
1417 305 1614 337 Mercatorum
1627 305 1661 336 &
1676 304 1876 344 Burgensium,
1893 304 1980 334 dietae
1995 302 2080 333 Villae
2092 302 2195 334 Disten
2203 325 2213 342 ,
2231 303 2389 336 Haeredum
2398 329 2409 345 ‚

1337 345 1384 375 seu
1403 344 1604 376 Successorum
1625 344 1739 374 suorum
1763 343 1968 383 praedictorum
1983 364 1994 380 ,
2019 349 2156 379 praetextu
2175 342 2291 381 alicujus
2311 343 2408 376 delicti

1338 384 1383 414 vel
1398 383 1535 414 forisfac'iti
1546 382 1744 420 Valettorum,
1762 383 1806 412 seu
1825 381 2004 411 Sei-vientum
2015 380 2149 420 suorum,
2168 381 2266 412 eadem
2283 380 2362 413 Bona
2374 383 2409 414 &

1339 420 1531 452 Mercandisas
1545 422 1574 451 in
1591 420 1733 451 Custodia
1750 420 1797 451 sua
1817 420 1981 450 habentium
1996 441 2006 457 ,
2029 418 2184 449 nuliatenus
2203 419 2412 460 confiscentur,

1338 469 1392 491 nec
1428 470 1460 490 ro
1473 460 1619 491 forisfadtis
1635 459 1808 496 habeantur3
1825 458 1989 489 dummodo
2001 456 2087 488 iidem
2101 457 2279 488 Mercator&
2293 460 2327 490 ὃ(
2337 458 2408 490 Bur-

1337 507 1391 537 gen
1403 508 1431 528 es
1444 499 1571 538 legitime
1586 499 1707 539 probare
1726 506 1860 537 poterunt
1879 496 1980 527 eadem
1999 495 2077 526 Bona
2098 496 2132 527 &
2153 495 2345 528 Mercandisas
2361 498 2409 529 sua

1337 538 1468 575 propria,
1487 538 1520 568 &
1533 547 1592 568 non
1607 536 1795 567 Vallettorum
1812 537 1843 566 δε
1857 535 2037 567 Servientum
2051 535 2163 565 suorum
2177 535 2306 566 extitisse.

1376 575 1431 614 Et,
1446 577 1465 604 li
1480 576 1566 605 iidem
1581 575 1696 606 Vallerti
1709 575 1742 605 &
1765 575 1920 605 Servientes
1934 597 1944 612 ‚
1968 573 2039 604 infra
2056 571 2195 613 Regnum
2214 574 2345 606 nostrum
2359 574 2411 607 de-

1339 613 1486 652 cesserint,
1506 614 1563 644 five
1575 613 1793 644 Testamentum
1807 614 1941 651 fecerint,
1961 612 2017 643 five
2030 621 2108 650 non,
2126 611 2206 643 Bona
2224 613 2258 644 &
2274 613 2411 645 Mercan-

1337 652 1404 682 disae
1417 652 1542 689 ipsorum
1556 650 1755 682 Mercatorum
1769 653 1801 683 ἃ
1812 651 2008 691 Burgenlium‚
2026 649 2201 689 Haeredum,
2219 651 2412 683 &Successo-

1338 700 1403 721 rurn
1417 691 1530 722 suorum
1544 690 1745 729 praedictorum
1759 712 1769 728 ‚
1794 700 1860 729 quae
1879 692 1909 721 in
1924 690 2067 720 diCtorum
2087 688 2276 722 Vallettorum
2296 693 2330 723 &
2343 691 2410 721 Ser-

1338 729 1467 759 vientum
1485 728 1614 759 custodia
1627 737 1695 758 tunc
1711 728 1812 758 fuerint
1826 752 1836 765 ,
1861 729 2014 760 nullatenus
2027 727 2212 758 attachientur
2225 728 2271 760 seu
2285 729 2408 760 aresten-

1338 775 1399 805 tur3
1417 769 1457 798 set
1472 768 1529 797 fine
1539 766 1704 798 difficultate
1718 767 1780 806 ipsis
1795 766 2005 799 Mercatoribus
2019 767 2052 798 &
2073 765 2258 806 Burgenfibus
2271 791 2282 806 ‚
2307 769 2340 799 δε
2356 778 2408 799 eo-

1338 815 1401 836 rum
1414 805 1602 844 Haeredibus,
1617 806 1651 837 &
1667 805 1890 844 Successbribus,
1908 807 1942 838 ὃ(
1957 805 2177 844 Executoribus‚
2215 804 2319 837 lenarie
2336 807 2409 838 libc-

1338 852 1452 883 rentur,
1467 853 1602 883 quatenus
1617 844 1738 882 probare
1756 852 1890 884 poterunt
1903 845 2001 875 eadem
2022 844 2101 875 Bona
2121 845 2154 875 &
2210 845 2362 877 ercandtsas
2374 845 2410 877 ad

1338 883 1410 923 ipsos
1423 883 1460 913 de
1469 885 1533 921 jure
1548 884 1687 922 pertinere
1699 881 1809 912 debere.

1376 921 1417 952 Ita
1431 930 1525 952 tamen
1539 922 1616 961 quod
1635 921 1764 959 praediffi
1779 920 1954 951 Mercatores
1967 921 2001 952 δε
2015 920 2164 962 Burgenses
2176 945 2186 962 ‚
2209 921 2310 953 Dietae
2323 921 2408 954 Villae

1338 958 1465 999 Dysten,
1482 961 1590 998 aliquos
1611 959 1789 990 Mercatores
1807 968 1968 997 extraneos,
1985 960 2034 1000 qui
2052 970 2111 991 non
2132 961 2235 991 fuerint
2252 961 2291 991 de
2307 961 2408 993 eadem

1339 998 1413 1030 Villa
1427 998 1539 1040 Dysten
1555 1023 1565 1039 ,
1588 1008 1649 1029 non
1663 998 1804 1029 advocent
1821 999 1855 1028 ad
1872 998 2020 1036 praedicas
2038 997 2174 1030 libertates
2187 1023 2198 1039 ‚
2223 999 2269 1030 vel
2285 1000 2408 1040 aliquam

1338 1038 1518 1077 earumdem,
1535 1047 1652 1078 quoquo
1666 1037 1773 1075 modo,
1790 1036 2040 1074 calumpniandum
2054 1037 2099 1067 vel
2112 1037 2284 1069 habendum.

1377 1076 1432 1116 Et,
1452 1077 1471 1107 fi
1485 1079 1632 1117 contingat
1645 1086 1697 1106 nos
1729 1075 1855 1106 medietas
1869 1074 2065 1106 conceffi0nes
2085 1075 2191 1108 nostras
2210 1087 2245 1107 ex
2260 1077 2346 1108 causis
2357 1078 2407 1108 ali-

1339 1117 1439 1153 quibus
1452 1126 1586 1147 revocare
1611 1115 1668 1153 (ne
1684 1123 1710 1145 ta
1721 1115 1741 1144 is
1758 1114 1904 1145 revocatio
1917 1113 1975 1144 dici
1993 1112 2077 1154 possit
2095 1113 2177 1144 dietis
2199 1115 2410 1148 Mercatoribus

1338 1154 1383 1185 vel
1396 1154 1600 1193 Burgenlibus‚
1619 1154 1664 1184 seu
1677 1162 1777 1184 eorum
1790 1152 1975 1191 Haeredibus‚
1995 1160 2041 1182 aut
2055 1152 2283 1194 Successoribus,
2297 1164 2331 1185 ca
2352 1157 2408 1186 tio-

1336 1192 1380 1230 sa)
1400 1194 1568 1225 Votuiius
1586 1193 1619 1224 δε
1634 1191 1857 1224 CONCEDIMUS
1876 1190 1954 1230 quod
1969 1190 2056 1222 dictae
2068 1189 2273 1223 Concessiones
2285 1196 2337 1224 noi
2353 1204 2410 1234 rae,

1335 1241 1386 1269 per
1399 1242 1489 1263 unum
1506 1233 1626 1263 Annum
1640 1232 1831 1269 continuum,
1850 1240 1866 1260 a
1881 1239 2027 1269 tempore,
2045 1239 2104 1268 quo
2122 1229 2228 1260 dietam
2247 1234 2408 1263 revocatio·

1337 1280 1405 1301 nem
1421 1271 1482 1307 ipsis
1501 1270 1713 1301 Mercatoribus
1732 1269 1765 1300 ὅ(
1787 1269 1988 1308 Burgensibus,
2006 1277 2054 1299 aut
2069 1267 2257 1308 Haeredibus,
2274 1271 2320 1301 vel
2333 1271 2407 1302 Suc-

1335 1310 1490 1340 cessoribus
1505 1310 1557 1340 suis
1570 1308 1728 1348 praedictis,
1744 1309 1865 1340 intimari
1882 1308 2034 1339 fecerimus
2046 1330 2055 1347 ,
2079 1308 2110 1337 in
2123 1307 2173 1338 suo
2193 1309 2298 1340 robore
2317 1309 2406 1348 perse-

1335 1356 1442 1379 vetent.

1373 1386 1407 1417 In
1418 1387 1512 1426 cujus,
1525 1386 1586 1417 &c.

1371 1462 1441 1496 Dar.
1456 1463 1530 1502 apud
1548 1463 1704 1502 Antwerp,
1719 1462 1859 1494 vicesimo
1871 1461 1980 1494 octavo
1991 1462 2038 1493 die
2052 1461 2189 1502 Augusti,
2208 1461 2298 1494 Anno
2309 1461 2405 1505 Regni

1332 1503 1423 1534 nostri
1439 1502 1636 1534 Duodecimn.

1974 1541 2029 1570 Per
2042 1539 2125 1580 ipsum
2137 1541 2244 1577 Regem.

1373 1617 1546 1649 Consimiles
1554 1618 1672 1649 Litteras
1685 1618 1791 1650 habent
1804 1616 1982 1649 Mercatores
1993 1617 2027 1650 &
2035 1616 2189 1656 Burgenses
2199 1615 2284 1648 Villae
2292 1615 2406 1650 Bruxel-

1333 1657 1388 1688 len.
1401 1657 1452 1688 sub
1464 1657 1566 1688 eadem
1577 1658 1648 1688 data.

1971 1695 2026 1724 Per
2042 1694 2126 1735 ipston
2138 1696 2245 1733 Regem.

1373 1775 1464 1812 Item,
1483 1772 1643 1804 consimiles
1658 1772 1776 1803 Litteras
1796 1772 1905 1816 habent
1925 1770 2102 1817 Mercatore?
2122 1773 2155 1804 &
2178 1771 2331 1818 Bur-gens&
2341 1771 2405 1803 Vil-

1334 1812 1369 1843 1ae
1388 1812 1523 1843 Thenen.
1544 1811 1595 1843 sub
1610 1812 1666 1842 dat.
1688 1810 1761 1851 apud
1780 1810 1981 1842 Machilmiam
1993 1833 2004 1850 ‚
2029 1810 2145 1842 decimo
2164 1822 2246 1843 nono
2264 1812 2313 1844 dre
2335 1811 2407 1852 Sep-

1333 1851 1458 1883 tembris.

1972 1888 2027 1918 Per
2040 1887 2123 1928 ipsum
2137 1889 2242 1926 Regem.

1371 1964 1461 2005 Item,
1479 1965 1639 1997 consimiles
1659 1964 1778 1996 Litteras
1796 1964 1901 2007 liabent
1924 1963 2100 1995 Mercatores
2119 1965 2153 1997 &
2174 1965 2324 2006 Burgenses
2343 1965 2406 1996 Vil-

1335 2004 1372 2035 1ae
1385 2004 1582 2045 Machiliniae,
1599 2005 1650 2036 sub
1663 2003 1718 2035 dat.
1733 2004 1872 2036 vicesimo
1889 2012 1991 2044 quarto
2005 2003 2053 2034 die
2073 2003 2245 2044 Septembris
2259 2003 2334 2044 apud
2345 2004 2408 2035 An-

1333 2044 1516 2083 dewerpiam.

1977 2081 2032 2110 Per
2043 2079 2126 2120 ipfiam
2138 2081 2244 2119 Regem.

1371 2158 1464 2199 Item,
1483 2158 1642 2191 consimiles
1657 2158 1778 2190 Litteras
1797 2158 1903 2190 habent
1925 2156 2103 2189 Mercatores
2122 2157 2156 2188 &
2177 2156 2232 2188 Bur
2253 2157 2327 2189 enses
2346 2157 2411 2190 Wl-

1334 2198 1369 2230 lae
1382 2198 1521 2231 Leuwen.
1536 2200 1586 2230 sub
1599 2199 1656 2230 dat.
1669 2200 1806 2231 vicesimo
1817 2198 1896 2229 sexto
1908 2196 1954 2228 die
1961 2196 2100 2228 Oetobrts
2111 2197 2185 2238 apud
2237 2197 2409 2229 achiliniam.

1970 2275 2024 2305 Per
2040 2273 2124 2315 ipfitm
2141 2275 2247 2313 Regem.

1493 2423 1543 2455 De
1560 2419 1754 2464 intendendo,
1773 2421 1866 2468 fhper
1883 2423 1977 2454 Lanis
1995 2416 2246 2466 transportandis.

1331 2504 1485 2569 REX,
1504 2504 1624 2538 Dilecto
1639 2506 1756 2538 Clerico
1776 2506 1844 2546 suo,
1862 2505 2006 2546 Magistro
2019 2504 2153 2536 Robetto
2171 2501 2210 2533 dc
2227 2500 2405 2541 Chikewell,

1406 2545 1469 2575 Salu
1482 2555 1539 2575 em.

1369 2582 1450 2614 Cum
1459 2555 1540 2623 ,tpro
1553 2581 1715 2614 defensione
1727 2581 1879 2614 necessaria
1893 2581 1984 2612 nostri
1998 2581 2033 2611 &
2045 2578 2209 2611 nostrorum
2217 2604 2227 2617 ,
2246 2588 2346 2611 contra
2358 2580 2404 2611 in—

1331 2631 1435 2653 tentata
1460 2623 1544 2653 nobis
1563 2623 1677 2652 notorie
1696 2621 1872 2652 Guerrarum
1895 2619 2055 2650 discrimina
2068 2641 2079 2657 ‚
2099 2618 2217 2650 diversas
2238 2618 2402 2658 Alligantias
2420 2631 2443 2655 E

1331 2670 1399 2692 cum
1411 2660 1509 2692 Princi
1530 2661 1591 2691 ibus
1603 2660 1778 2690 Alemanniae
1792 2659 1825 2690 &
1841 2658 1929 2697 Aliis,
1945 2658 1981 2688 de
1995 2655 2127 2688 Consilio
2140 2658 2174 2688 &
2190 2657 2308 2688 Affensu
2323 2655 2404 2689 Prae-

1331 2700 1455 2729 latorum
1468 2722 1477 2737 ‚
1554 2699 1656 2728 mitum
1669 2721 1679 2737 ,
1704 2697 1848 2728 Baronum
1862 2720 1871 2736 ,
1897 2698 1930 2728 δε
1948 2696 2140 2727 Comunitatis
2151 2718 2162 2735 ,
2185 2694 2282 2736 Regni
2297 2695 2404 2737 nostri,

1332 2737 1393 2768 fieri
1407 2738 1559 2768 fecerimus
1573 2735 1762 2777 sumptuosas,

1369 2774 1408 2805 Et
1425 2775 1629 2815 postmodum,

1370 2814 1418 2845 Ad
1434 2814 1583 2845 instantem
1598 2822 1727 2855 rogatum
1748 2812 1918 2845 eorumdem
1937 2811 2144 2850 Praelatorum,
2161 2811 2334 2850 Comitum,
2351 2810 2407 2843 Ba-

1332 2863 1439 2922 {onum
1454 2854 1520 2922 'bisc
1532 2853 1751 2922 .C⁰m¹g¹st²f.i⁵2
1776 2854 1839 2921 quih
1843 2852 1927 2882 nobis
1929 2875 1953 2920 r,
1972 2852 2003 2882 in
2023 2850 2408 2921 S'ubve'niifiiiieamSExpensa-

1348 2902 1397 2922 um
1431 2902 1471 2923 no
1501 2903 1514 2922 s
1530 2902 1628 2923 mcum
1652 2902 1760 2923 entium
1776 2901 1805 2922 m
1841 2901 1875 2921 ac
1954 2900 1971 2920 e
2017 2901 2048 2921 vr
2071 2899 2124 2920 inti
2269 2899 2407 2921 accorum

1334 2915 1423 2961 Lana³e
1438 2932 1468 2961 in
1482 2930 1671 2962 Parliamento
1691 2929 1789 2962 nostro
1801 2953 1812 2969 ,
1835 2900 2223 2971 apuganstmtginasterium
2239 2928 2344 2960 ultimo
2356 2928 2408 2960 ha-

1332 2969 1410 3008 bito,
1426 2970 1644 3009 concesserunt,

1371 3008 1455 3039 Mare
1467 3009 1675 3040 transiverimus
1682 3031 1693 3048 ,

1367 3047 1423 3085 Et,
1442 3047 1621 3087 Applicantes
1635 3047 1709 3086 apud
1723 3046 1827 3079 Villam
1840 3045 1877 3077 de
1885 3043 2091 3084 Andewerpifi,
2105 3041 2251 3075 credentes
2264 3050 2336 3075 tunc
2349 3044 2403 3075 i'bi-

1330 3086 1398 3117 dem
1412 3086 1500 3117 dietas
1521 3086 1611 3118 Lanas
1629 3085 1783 3125 invenisse,
1799 3086 1990 3116 invenerimus
2005 3083 2044 3113 ibi
2063 3083 2207 3126 dumtaxat
2230 3081 2304 3114 Duo
2319 3082 2403 3114 Milia

1330 3125 1364 3156 &
1382 3125 1564 3164 Qiingentos
1577 3125 1699 3163 Saccos,
1717 3125 1751 3156 &
1764 3131 1879 3164 propter
1892 3123 1950 3153 hoc
1962 3121 2066 3153 turbati
2078 3121 2203 3152 nimium
2217 3121 2250 3153 &
2261 3122 2403 3161 perplexi,

1331 3164 1396 3202 quia
1409 3174 1469 3194 non
1482 3165 1629 3195 habuimus
1646 3163 1723 3194 unde
1737 3163 1820 3193 dictis
1835 3159 2048 3191 Oonfoederatis
2061 3158 2164 3190 nostris
2177 3167 2333 3191 conventas
2345 3159 2401 3191 Pe-

1330 3204 1426 3233 eunias
1440 3203 1459 3221 ³*
1471 3202 1595 3241 solvere,
1613 3203 1658 3233 seu
1672 3200 1858 3232 Nostratibus
1872 3198 1962 3230 Vadia
1974 3198 2126 3229 necessaria
2138 3198 2295 3230 ministrare

1368 3240 1609 3280 Affignaverimus
1644 3239 1778 3270 Dile&os
1791 3239 1824 3269 ὅ(
1839 3237 1949 3268 Fideles
1961 3236 2073 3268 nostros
2111 3235 2287 3275 Magistrum
2311 3236 2401 3269 ohan-

1330 3289 1398 3309 nem
1414 3279 1457 3310 W
1459 3289 1578 3317 aweyn,
1591 3264 1786 3309 Willielmum
1801 3277 1837 3307 de
1853 3274 2022 3316 Kyngeston
2037 3298 2046 3314 ‚
2069 3260 2103 3307 ἐς
2116 3275 2267 3307 Thomam
2301 3286 2318 3307 e
2329 3275 2402 3308 Bad-

1329 3318 1403 3357 deby
1416 3340 1426 3356 ‚
1448 3318 1626 3355 conjund'cim
1646 3317 1680 3347 &
1695 3315 1806 3346 divisim
1822 3337 1833 3357 ,
1857 3316 1915 3345 tam
1935 3315 1968 3346 ad
1991 3313 2230 3353 supervidendum
2244 3315 2278 3346 &
2292 3314 2401 3346 accele-

1330 3357 1450 3386 randum
1471 3355 1647 3393 Capitonem
1668 3355 1702 3386 ὃς
1725 3353 1922 3385 Provilionem
1943 3353 2088 3384 Lanarum
2112 3353 2309 3394 praediffibarum
2328 3354 2400 3385 insta

1330 3394 1469 3433 Regnum
1469 3394 1612 3463 oIdOstmiin
1633 3393 1803 3462 przeddidtum
1816 3416 1827 3432 ‚
1848 3393 1939 3460 1qtuatn
1954 3392 1989 3423 ad
2010 3391 2169 3461 Refiofl-uum
2183 3391 2327 3461 Largarum
2339 3391 2400 3423 illa-

1330 3442 1420 3501 Ξὲῗέὠ
1429 3443 1510 3510 ἔξω
1521 3441 1790 3510 ssssffssffflbzm‘zffiff
1806 3439 2194 3510 Zssiffi'xtciffi‘ss‘a‘iiesseciffffl
2210 3440 2248 3500 ἒς
2258 3439 2399 3512 ἓὲῧῗὲἓζ

1330 3509 1401 3539 dum
1414 3532 1424 3548 ,
1450 3510 1483 3553 βε
1505 3510 1540 3540 ad
1557 3509 1686 3548 quaedam
1701 3510 1751 3540 alia
1764 3532 1775 3548 ,
1798 3509 1828 3539 in
1844 3508 1959 3539 Litteris
1974 3507 2076 3540 nostris
2096 3507 2260 3539 Parentibus
2273 3506 2314 3537 eis
2330 3505 2399 3538 inde

1330 3548 1471 3617 ςοῗὲεᾶιε
1481 3556 1632 3587 contenta,
1648 3547 1822 3580 facienda&
1835 3547 1990 3586 explenda,

1404 3596 1437 3616 os

1367 3609 1553 3655 Arteridentes
1568 3625 1679 3663 quantis
1699 3626 1793 3655 sumus
1812 3623 1946 3655 Periculis
1965 3622 2083 3662 expositi
2094 3645 2105 3662 ,
2128 3621 2181 3655 nisi
2195 3620 2286 3653 dietas
2305 3619 2400 3652 Lanas

1330 3663 1457 3705 celeriter
1472 3663 1642 3702 habeamus,
1660 3664 1694 3694 &
1707 3663 1846 3702 sperantes
1857 3686 1868 3702 ,
1891 3663 1943 3694 illis
1960 3662 2064 3693 habitis
2076 3684 2086 3700 ,
2108 3659 2247 3699 feliciter,
2263 3658 2341 3698 quod
2359 3661 2399 3691 as-

1330 3702 1515 3747 sumpsimus,
1531 3702 1747 3746 consummare,
1765 3703 1929 3772 &sipropoer
1942 3701 2055 3732 hoc-de
2062 3699 2185 3744 ipsarum
2199 3699 2339 3743 Lanarum
2356 3698 2400 3729 fe-

1330 3739 1401 3770 stina
1413 3739 1595 3772 Colled’tione
1610 3741 1644 3772 &
1657 3741 1788 3772 Transmi
1814 3751 1880 3772 ione
1892 3741 2003 3771 summe
2018 3738 2117 3769 soliciti
2125 3760 2137 3778 ,
2149 3746 2184 3768 ac
2197 3735 2234 3768 de
2246 3735 2337 3768 vestra
2349 3736 2399 3768 Fi-

1330 3777 1441 3809 delitate
1452 3780 1486 3810 &
1502 3777 1658 3810 Laboriosi
1671 3779 1858 3811 solicitudine
1868 3780 1968 3810 intime
1980 3775 2170 3815 considentes,

1370 3817 1579 3854 Affignavimus
1601 3827 1654 3848 vos
1673 3818 1708 3848 ad
1728 3817 1945 3849 accelerandum
1966 3815 2180 3861 Collestionem
2200 3812 2235 3844 &
2251 3811 2397 3846 Provisio-

1331 3865 1399 3885 nem
1420 3855 1562 3887 Lanarum
1581 3857 1782 3896 praedictarum
1796 3879 1806 3895 ,
1830 3857 1865 3888 &
1884 3856 1918 3887 ad
1942 3852 2148 3887 Solicimndum
2171 3851 2230 3882 tam
2251 3853 2399 3893 praestitos,

1327 3892 1491 3962 {ohannem
1540 3894 1735 3926 willielmum
1749 3919 1759 3935 ,
1781 3896 1817 3927 &
1838 3895 1987 3926 Thomam
2000 3916 2012 3933 ‚
2054 3891 2120 3921 uam
2144 3889 2212 3921 alios
2234 3891 2400 3924 earumdem

1360 3941 1475 3978 anatum
1510 3951 1512 3955 ν
1538 3933 1692 3974 lle'Ctores,
1713 3942 1745 3965 ut
1758 3957 1768 3974 ‚
1789 3935 1867 3973 Juxoe
1885 3933 2008 3964 forrmm
2107 3928 2272 3974 miffionum
2290 3929 2400 3961 nostra-

1331 3979 1395 4001 rum
1409 3993 1419 4009 2
1437 3978 1487 4004 ‘eis
1498 3970 1644 4005 fictarum
1657 3994 1670 4013 ,
1692 3973 1776 4006 ciree-
1787 3971 2033 4005 accelaeammr
2044 3965 2218 4001 Provifionis
2238 3969 2273 4002 &
2291 3968 2399 4013 [Trans-

2424 186 2502 219 Ann.
2515 183 2558 225 D}

2443 228 2528 267 1338.

2423 266 2490 295 Edv.
2512 267 2556 304 3.³

2421 2508 2554 2545 Ann.D,

2447 2551 2535 2589 1338.

2419 2592 2474 2617 An.
2491 2599 2535 2618 η.

2419 2670 2479 2695 Par.
2488 2665 2561 2705 apud

2419 2709 2558 2735 Amnum.

2418 2748 2450 2772 Ε.
2469 2753 2495 2780 3·

2421 2792 2458 2812 m.
2474 2781 2503 2811 8.

2416 3196 2434 3216 ⁰
2447 3198 2486 3225 V·
2506 3194 2552 3229 81,

2261 4005 2405 4040 mffionu
2429 4009 2432 4013 '
