2562 4279
747 218 854 260 ET
939 218 1206 258 ACTA
1290 218 1774 262 PUBLICA.

37 311 113 342 Ann.
129 307 170 338 D.
188 308 308 339 tinuistis
329 307 481 345 Obsequiis
499 331 508 344 ,
525 316 557 336 ac
581 307 666 336 etiam
687 305 722 334 de
744 304 888 342 diligentis
907 303 1036 345 solicita,
1053 313 1158 341 nuper,
1178 305 1254 334 circa

63 356 147 388 1337.
193 347 403 387 expeditionem
427 346 625 384 Negotiorum
648 343 829 381 nestrorum,
849 345 877 373 in
898 341 1024 380 Ispannia
1048 352 1097 379 per
1112 352 1163 371 vos
1178 342 1256 371 adhi-

41 392 107 417 Edv.
129 396 142 423 3
195 386 271 424 bita,
290 386 373 416 vobis
394 385 495 414 scimus
535 393 603 413 rates
625 384 731 420 bonas,
754 390 879 420 gerentes
899 383 928 410 in
949 382 1022 410 votis
1044 389 1187 418 expertam
1206 390 1256 411 ve-

196 424 279 455 stram
296 423 507 454 Gratirudinem
516 393 767 452 S'Remuneratione
782 418 909 458 congrus)⁴
925 419 1083 456 praemiare:

233 462 364 500 Etideo,
385 463 519 501 perimus,
537 460 706 490 continueris
719 457 855 488 affeetum
878 457 1010 494 solitum,
1030 467 1078 493 per
1099 456 1254 495 effeetum,

195 503 270 533 circa
285 500 490 531 Defensionem
503 501 615 537 jurium
638 497 770 528 Ducatsis
786 496 874 526 nostri
896 496 1075 532 Aquitaniae,
1094 494 1255 526 Consilium

198 542 231 571 &
257 540 403 571 Auxilium
425 549 490 576 quae
511 538 636 576 poteritis
658 535 867 573 impendentes,
886 535 919 564 &
940 533 1111 564 Terroribus
1133 544 1193 565 non
1210 543 1257 564 ce-

198 579 296 609 dentes
311 601 320 616 ,
347 579 411 616 quia
429 578 567 614 speramus
588 577 617 605 in
640 575 775 606 Domino
794 572 874 610 quod
897 572 958 610 Ipse
978 572 1117 610 dissipabit
1136 574 1258 612 ipsorum

200 616 341 653 Consilia,
361 618 408 654 qui
425 615 550 645 nostram
568 613 768 654 Innocentiam
784 611 974 654 prosecuntur.
999 650 1013 655 ..

239 655 307 686 Dat.
322 654 395 693 apud
410 653 581 691 Staunford,
599 653 734 683 viceiimo
745 650 865 687 septimo
880 650 926 680 die
936 649 1022 688 Junii.

519 777 578 813 Ad
591 779 800 810 fortinerinm
819 778 944 823 Lcsctm.

49 881 126 914 Ann.
138 879 179 911 D.

50 928 161 989 2123}st

50 1004 82 1026 E.
103 1008 128 1034 3.

51 1037 114 1066 lbid.

205 868 324 925 REX
335 891 344 906 ,
361 865 480 897 Dilecto
494 863 560 900 sibi,
579 862 738 903 Fortinario
757 862 888 901 Lescun,
906 862 1039 894 Salutem.

303 907 353 937 De
365 912 449 945 gratae
469 901 640 932 Diletstionis
659 900 779 940 affet‘tu,
799 911 884 939 quem
906 901 940 931 ad
960 913 1012 933 nos
1031 903 1065 933 &
1078 902 1168 932 nostri
1182 900 1265 932 Con-

205 944 393 976 servationem
414 941 531 971 honoris
547 965 556 978 ,
575 939 644 971 sicut
664 949 696 970 ex
718 939 863 977 fidedigno
883 939 1067 972 Testimonio
1089 941 1266 979 recepimus,

205 986 301 1022 geritis
315 992 364 1020 per
379 979 518 1011 effe&um
528 1003 537 1018 ,
555 987 644 1017 grates
655 979 741 1010 vobis
757 979 900 1009 referimus
915 980 1056 1016 speciales:

243 1022 349 1052 Intime
362 1029 414 1051 vos
426 1027 556 1057 rogantes
593 1017 754 1056 uatinus,in
769 1017 910 1056 concepta
924 1017 1092 1048 Dilectione
1105 1017 1193 1048 solide
1201 1027 1267 1055 per-

206 1060 346 1096 sistentes,
363 1057 397 1088 ad
414 1057 473 1095 Ea,
491 1067 556 1095 quae
603 1056 775 1087 efensionem
786 1056 898 1095 jurium
915 1056 1079 1087 nostrorum
1098 1058 1127 1086 in
1150 1056 1268 1087 Ducatu

205 1098 384 1137 Aquitaniae,
402 1096 435 1126 &
458 1095 547 1126 nostri
567 1105 741 1126 concernere
762 1103 896 1133 poterunt
919 1095 1124 1126 Commodum
1145 1096 1179 1126 ὃς
1200 1094 1269 1125 Ho-

205 1147 324 1175 norem,
344 1135 449 1166 Manus
463 1135 553 1165 velitis
566 1134 717 1164 extendere
731 1135 947 1170 magnanimiter
961 1134 1137 1172 Adjutrices3

243 1175 299 1213 Er,
318 1175 388 1205 sicut
411 1173 495 1203 decet
515 1172 628 1218 Reges,
646 1182 699 1202 nos
719 1173 863 1203 invenietis
882 1174 911 1201 in
932 1172 1132 1210 retribuendo,
1151 1182 1198 1210 per
1212 1172 1270 1202 Dei

205 1215 323 1251 gratiam
362 1223 430 1243 cum
444 1211 588 1241 affluentia
604 1210 762 1248 Liberales,
781 1212 816 1240 ita
830 1210 910 1248 quod
927 1211 1034 1241 nedum
1048 1213 1078 1241 in
1092 1221 1162 1249 VOS,
1180 1211 1225 1241 sed
1241 1213 1269 1241 in

205 1252 314 1285 vestros
329 1237 479 1289 Posteros,
498 1249 591 1279 nostra
607 1248 808 1279 Munificentia
824 1248 999 1279 redundabit.

243 1291 332 1328 Super
353 1290 410 1320 aliis
431 1291 500 1319 vero
524 1287 682 1318 Senescallo
712 1287 811 1317 nostro
832 1287 981 1318 Vasconiae
1003 1287 1158 1326 scripsimus
1180 1289 1269 1326 magis

207 1330 308 1369 plene,
328 1328 474 1397 quisvobis
488 1326 529 1357 Ea
545 1326 646 1356 referre
661 1327 766 1364 poterit
780 1325 846 1357 viva
861 1336 944 1358 voce.

245 1368 313 1398 Dat.
329 1376 359 1398 ut
389 1376 464 1404 upra.

209 1489 267 1524 Ad
286 1487 499 1522 Condominmn
525 1487 560 1519 de
587 1488 666 1520 Alta
685 1491 721 1521 V
719 1488 773 1520 illa
786 1515 796 1530 ,
822 1487 858 1520 de
867 1491 995 1533 privata
1013 1490 1100 1534 Regis
1117 1488 1251 1520 Familia
1262 1513 1272 1529 ,

564 1535 608 1568 ad
624 1534 721 1569 Robas
732 1563 742 1579 ‚
769 1546 928 1570 retentum.

213 1622 331 1681 REX
342 1646 351 1662 ,
371 1622 478 1653 Nobili
492 1621 581 1660 Viro,
599 1620 759 1660 Rodulpho
775 1621 966 1652 Condomino
982 1620 1017 1651 de
1034 1621 1097 1652 Alta
1113 1620 1206 1658 Villa,
1225 1620 1275 1650 Sa-

56 1641 134 1674 Arm'
148 1642 189 1673 D*
290 1662 390 1693 lutem.

80 1691 164 1721 1337·

55 1725 109 1749 An.
134 1730 175 1758 13.

58 1764 80 1788 Ε
115 1769 138 1795 3.

59 1798 164 1827 Ibidem.

252 1699 302 1731 De
315 1709 404 1740 gratae
418 1699 590 1729 Diletstionis
603 1699 818 1736 affec'tu,quem
832 1698 866 1728 ad
882 1698 950 1728 Nos
966 1698 999 1729 &
1014 1697 1103 1728 nostri
1118 1697 1277 1729 Conserva-

211 1740 322 1770 tionem
337 1738 467 1769 Honoris
480 1737 629 1767 didicimus
646 1736 706 1767 Vos
720 1738 837 1774 habere,
855 1738 888 1767 ὃς
903 1737 1053 1773 praesertim
1068 1737 1104 1767 de
1121 1736 1277 1776 Diligenti&

211 1776 318 1808 soliciti
331 1801 341 1816 ,
367 1778 442 1807 circa
463 1776 656 1806 Retinenriam
672 1799 682 1812 ,
707 1775 864 1805 Nobilium
890 1776 923 1805 &
944 1774 1099 1805 Forentum
1120 1775 1277 1814 Virorum,

211 1815 432 1852 Dominorum,
449 1814 582 1853 Hugonis
594 1813 630 1843 de
645 1812 781 1850 Geneva,
805 1814 838 1844 &
851 1813 973 1843 Ainadei
993 1813 1029 1843 de
1047 1813 1160 1853 Peyters
1179 1815 1279 1843 nobis-

212 1864 281 1885 cum
296 1853 472 1890 faciendam,
490 1862 540 1890 per
555 1862 607 1884 vos
619 1851 801 1882 effestualiter
815 1851 958 1891 adhibita,
978 1861 1070 1890 grates
1085 1854 1166 1884 vobis
1182 1854 1278 1883 referi—

214 1903 277 1925 mus
292 1892 437 1930 speciales:

250 1931 356 1961 Intime
370 1940 422 1962 vos
437 1936 566 1966 rogantes
582 1930 710 1967 quatinus
720 1952 730 1967 ,
745 1930 773 1959 in
787 1928 928 1967 concepta
941 1929 1106 1959 Dileffione
1119 1929 1206 1960 solide
1217 1940 1279 1968 per—

213 1968 335 2003 sistentes
349 1993 358 2007 ,
385 1968 514 2006 praefatos
536 1968 663 1999 Nobiles
687 1968 736 2005 (de
755 1977 877 2005 quorum
898 1966 989 1998 Mora
1007 1968 1157 1998 nobiscum
1176 1970 1278 1999 intime

213 2006 423 2043 contentamur)
447 2007 536 2037 velitis
557 2008 588 2037 in
609 2006 753 2036 Amorem
775 2006 903 2036 nostrum
924 2006 1079 2037 ferventius
1101 2007 1254 2037 accendere
1272 2016 1279 2036 :

212 2057 246 2077 ac
261 2046 341 2077 Alios
357 2045 492 2075 Potentes
505 2046 539 2075 &
551 2045 686 2075 Strenuos
701 2045 821 2075 Amicos
845 2043 954 2075 vestros
975 2045 1008 2075 ad
1033 2046 1204 2075 morandum
1226 2055 1278 2076 no-

213 2084 324 2114 biscum
348 2083 474 2120 allicere,
493 2083 562 2113 sicur
584 2082 674 2113 vestra
693 2083 844 2113 Prudentia
863 2084 950 2122 magis
974 2084 1072 2122 novit,
1089 2085 1123 2114 ὅτ
1143 2083 1211 2113 Nos
1228 2094 1279 2114 ve-

215 2121 301 2153 stram
315 2120 528 2152 Gratitudinem
544 2121 588 2152 tali
610 2121 829 2159 Retributione,
849 2121 936 2152 Duce
958 2121 1111 2161 Domino,
1130 2123 1280 2161 proseque—

216 2171 297 2199 mur,
316 2160 396 2198 qubd
409 2160 546 2190 debebitis
564 2161 666 2190 merito
684 2161 851 2190 contentari.

254 2198 315 2229 Vos
331 2207 424 2228 autem
443 2207 554 2228 exnunc
569 2198 605 2228 de
620 2198 728 2238 privat-a
742 2198 839 2229 nostrii
854 2198 877 2228 F
879 2198 970 2229 amilifi
979 2222 989 2238 ,
1007 2198 1042 2229 ad
1056 2199 1171 2238 Robas,
1188 2199 1282 2231 &alia

215 2238 360 2276 consueta,
384 2237 535 2274 specialiter
550 2238 712 2267 retinemus.

254 2273 323 2305 Dat.
337 2275 409 2313 apud
425 2275 596 2314 Stauiiford,
615 2275 752 2307 vicelimo
765 2275 886 2314 septimo
899 2275 944 2306 die
953 2276 1038 2315 Junii.

219 2405 269 2437 De
297 2402 454 2436 trnc‘bcindo
480 2405 516 2442 ὠ
542 2406 738 2437 [mentionem
759 2407 846 2451 Regis
863 2404 1028 2452 exponendo
1039 2406 1131 2452 fhper
1146 2409 1284 2454 Negotiis

698 2457 810 2487 Scottae.

226 2533 346 2592 REX
365 2534 527 2575 Omnibus,
545 2535 579 2567 ad
593 2547 684 2576 quos,
699 2539 760 2570 &a
776 2537 912 2571 Salutem·

323 2574 420 2605 Sciatis
434 2574 513 2612 quod
529 2575 615 2614 Nos,

237 2649 241 2657 ι
262 2612 311 2644 De
324 2613 455 2644 fidelitate
469 2613 504 2644 ὃς
517 2615 773 2652 circumspefflone
786 2614 923 2655 providi,
943 2615 1126 2648 Dileetorum
1147 2619 1181 2649 δε
1204 2617 1288 2650 Fide-

223 2651 294 2683 lium
311 2651 475 2682 nostrorum
511 2651 683 2683 Venerabilis
700 2653 803 2692 Patris,
823 2654 939 2685 Ricardi
954 2655 1159 2686 Dunolmensis
1168 2656 1287 2695 Episco-

223 2691 254 2748 1³2
260 2690 422 2761 ’Eratis
432 2674 608 2760 TW&
613 2692 942 2762 serenes?
947 2693 1288 2765 essaeus?

404 2752 414 2768 ‚
1276 2754 1290 2759 -

226 2768 260 2797 tis
276 2767 452 2805 Warrwici,
469 2766 590 2798 Henrici
604 2768 640 2799 de
653 2754 757 2809 Perc'y,
777 2769 920 2808 Radulphi
933 2770 971 2801 de
984 2770 1019 2801 N
1022 2772 1103 2810 evin,
1118 2743 1159 2803 geo
1166 2757 1290 2804 'Galfridi

223 2805 252 2836 le
267 2805 375 2844 Scrop,
393 2805 504 2842 plenam
521 2802 656 2837 fiduciam
675 2815 854 2847 optinenteS,

266 2842 476 2883 Affignavimus
489 2844 521 2874 &
539 2843 746 2882 Deputavimus
760 2847 836 2886 Ipsos
845 2870 856 2884 ,
872 2848 1030 2887 Qinque,
1076 2850 1289 2889 uaruor,Tres,

228 2882 261 2913 &
283 2882 369 2912 Duos
394 2892 512 2920 eorum,
530 2882 563 2912 ad
585 2883 792 2915 ostendendum
813 2885 881 2923 illis,
900 2896 971 2923 quos
983 2888 1056 2924 apud
1103 2889 1207 2919 borum
1244 2889 1291 2920 die

224 2921 324 2965 Jovis,
343 2922 476 2964 proximo
495 2920 561 2958 post
582 2921 698 2953 Festum
719 2923 921 2954 Transsationis
942 2925 1040 2956 Santsti
1058 2925 1187 2957 Thomae
1208 2911 1291 2958 Mar-

229 2968 304 2998 tiris‚
320 2961 454 3003 proximo
468 2959 611 2998 futurum,
628 2963 828 2993 convocari&
842 2963 942 2993 venire
955 2965 1168 3004 mandavimus,
1187 2966 1291 3005 Aliqua

227 3007 294 3035 quae
315 2999 344 3028 in
366 2996 478 3028 instanti
493 2997 639 3040 ‚Concilio
659 2999 759 3030 nostro
780 3000 854 3038 apud
876 3000 1029 3032 Staunford
1043 3025 1053 3040 ,
1072 3013 1122 3041 per
1146 3005 1216 3035 Nos
1230 3027 1239 3043 ,
1257 3015 1290 3036 ac

227 3036 380 3074 Magmtes
417 3037 451 3068 &2
465 3037 533 3067 alios
546 3036 583 3067 de
594 3037 732 3069 Concilio
745 3039 863 3075 nostro,
881 3039 987 3069 ibidem
999 3041 1164 3081 existentes,
1177 3045 1291 3074 tractata

226 3075 358 3120 fuerunt,
376 3059 410 3106 ἐξ
423 3084 488 3119 quae
503 3075 590 3114 Nos,
607 3077 641 3107 &
656 3077 783 3117 Statum,
800 3088 833 3109 ac
855 3076 1064 3110 Defensionem
1084 3080 1180 3120 Regni
1204 3082 1291 3113 nostri

226 3113 378 3154 specialiter
394 3122 582 3153 contingunt,

267 3150 306 3182 Et
318 3151 510 3183 Intentionem
524 3153 650 3184 nostram
664 3154 733 3186 inde
749 3153 852 3185 eisdem
867 3153 977 3193 plenius
991 3157 1192 3194 exponendum
1201 3183 1210 3197 ‚

268 3188 306 3221 Et
321 3189 355 3220 ad
370 3190 547 3221 metandum
561 3192 595 3232 ὃς
610 3193 841 3223 conveniendum
855 3203 923 3223 cum
933 3193 1134 3234 Magnatibus‚
1153 3197 1292 3228 Homini-

231 3228 284 3272 bus
299 3229 334 3259 ad
350 3228 455 3266 Arma,
475 3231 591 3270 &aliis,
608 3232 637 3261 in
652 3231 834 3269 Obsequium
850 3232 996 3271 nostrum,
1012 3234 1102 3265 versus
1117 3244 1206 3272 partes
1218 3236 1291 3268 Sco-

231 3275 298 3313 t1{e‚
316 3267 348 3298 ὃ(
368 3267 511 3298 Marchias
529 3269 634 3300 Scoriae
647 3271 834 3309 profecturis,
851 3270 887 3301 de
900 3271 989 3303 Mora
1003 3271 1049 3303 sua
1063 3273 1169 3304 ibidem
1185 3275 1291 3307 facien-

231 3305 285 3342 da,
303 3305 337 3335 &
352 3304 401 3335 sub
438 3305 472 3336 ua
487 3307 582 3337 forms
620 3310 653 3339 ὃ(
668 3310 704 3340 de
719 3309 814 3340 Vadiis
828 3312 856 3340 in
874 3310 929 3341 hfic
943 3319 1020 3350 parte
1033 3311 1238 3344 constituendis

255 3343 400 3388 Necnon
434 3354 449 3374 e
463 3345 558 3376 secura
572 3330 713 3378 Custodia
729 3341 864 3378 Villar⁸um
879 3350 911 3380 ὃ(
928 3350 1077 3380 Locorum
1092 3338 1256 3384 nostroruni
1264 3355 1293 3384 in

232 3381 315 3412 dietis
330 3383 468 3420 partibus,
486 3384 520 3414 ὃ(
534 3383 571 3414 de
584 3384 795 3416 Munitionibus
808 3388 946 3424 ponendis
958 3390 987 3418 in
1002 3388 1127 3429 eisdem,
1145 3396 1146 3399 ’

270 3419 309 3451 Et
329 3419 364 3450 ad
387 3422 484 3451 omnia
505 3422 555 3452 alia
576 3423 609 3453 &
631 3423 736 3460 lingula
758 3425 937 3464 faciendum,
956 3438 1019 3465 quae
1034 3429 1062 3457 in
1080 3430 1241 3470 praemissis,
1259 3431 1293 3462 &

234 3469 289 3497 pro
304 3458 428 3490 Honore
442 3459 560 3504 nostro,
578 3462 612 3492 &
627 3459 818 3500 Commodo,
833 3473 867 3493 ac
885 3465 963 3495 bona
977 3466 1136 3498 direcstione
1146 3469 1181 3498 N
1184 3471 1294 3500 coctio-

187 3535 190 3538 ,
234 3507 300 3528 rum
313 3497 497 3542 nostrorum,
513 3509 544 3528 in
557 3501 679 3537 partibus
693 3501 761 3541 illis,
780 3502 814 3532 ὃ(
827 3501 1002 3539 Repulsione
1020 3504 1160 3537 Hostium
1181 3494 1294 3540 nbstro-

229 3544 300 3570 ,rum
314 3535 437 3574 ibidem,
454 3536 556 3567 fuerint
570 3540 737 3578 oportuna,

272 3573 310 3605 Et
329 3573 385 3613 Ea,
402 3585 466 3619 quae
489 3575 527 3606 sic
549 3575 683 3607 Trattata
695 3602 705 3616 ,
724 3577 878 3618 Conventa
893 3602 903 3617 ,
923 3579 957 3611 &
980 3580 1064 3612 Fac'ta
1082 3582 1185 3614 fuerint
1197 3609 1208 3624 ,
1226 3595 1295 3624 qua-

237 3622 364 3651 cumque
378 3612 509 3644 firmitate
523 3613 684 3645 vallandurn
695 3639 704 3654 ,

230 3684 233 3685 ⁷
275 3650 476 3684 Promittentes
498 3651 567 3683 Nos
591 3652 696 3684 Rarum
716 3653 750 3684 δε
769 3654 894 3686 Gratum
915 3655 1059 3689 habituros
1080 3661 1217 3698 quicquid
1247 3671 1296 3699 per

237 3689 331 3721 ἀίἂοε
346 3713 356 3730 ,
374 3689 548 3734 Episcopum
559 3713 571 3734 ,
588 3691 803 3723 Thesaurarium
818 3717 828 3732 ,
846 3692 995 3725 Comitem
1010 3719 1020 3735 ,
1038 3697 1218 3737 Henricum,
1234 3700 1296 3732 Ra-

238 3728 398 3767 dulphum,
415 3730 448 3760 &
474 3729 652 3768 Galiridum,
673 3730 811 3770 Qinque
825 3756 834 3770 ,
855 3731 988 3771 Quatuor
1002 3757 1011 3773 ,
1030 3735 1103 3766 Tres
1117 3760 1127 3775 ,
1143 3738 1189 3768 vel
1211 3738 1296 3770 Duos

238 3775 359 3806 eorum,
375 3767 559 3806 Trae‘ratum,
578 3767 781 3809 Conventum,
797 3770 830 3801 ὃς
853 3769 990 3812 Fadium,
1004 3773 1089 3805 fuerit
1107 3777 1140 3806 in
1149 3777 1296 3814 praemiffis

239 3805 274 3837 &
287 3806 416 3844 quolibet
429 3807 649 3845 praemiss'orurn.

315 3842 349 3874 In
361 3855 377 3875 c
400 3846 456 3884 us,
475 3846 535 3877 &c.

276 3880 368 3915 'reste
380 3854 468 3924 {ege
482 3884 557 3925 apud
570 3883 741 3924 staunford',
755 3885 893 3919 vicesimo
902 3887 1009 3919 οᾶεὶνο
1021 3888 1067 3920 die
1078 3889 1165 3928 Junii.

67 2554 146 2588 Anri.
161 2552 204 2586 D.

90 2602 177 2634 1337-

69 2639 123 2663 An.
139 2643 183 2660 11.

70 2678 100 2701 Ε.
124 2681 150 2709 3.

70 2716 137 2740 Scot.
162 2719 204 2738 ιι.

69 2755 101 2778 Ε.
117 2759 142 2786 3.
165 2759 202 2778 m.

79 2798 122 2823 ¹4·

75 2825 95 2845 *²
116 2828 168 2854 IV.

75 2872 140 2902 773·

924 3966 978 3995 Per
993 3963 1076 4004 ipsum
1087 3968 1192 4006 Regem.

2276 238 2292 264 ¹
2302 236 2324 278 7
2333 236 2356 275 5

2020 349 2053 351 *ff
2373 334 2449 366 Ann.
2462 336 2505 367 D.

1467 390 1515 420 De
1534 390 1706 437 Alligcmtia
1725 403 1794 423 cum
1812 393 1924 426 Comite
1941 394 2081 428 Palatino
2099 398 2183 430 Reni.
2373 383 2488 450 522373

1297 471 1518 533 UNiversis,
1529 474 1676 512 praesentes
1693 475 1810 506 Litteras
1823 477 1918 508 visuris
1936 478 1981 509 vel
2001 479 2148 519 audituris,
2166 480 2253 519 Nos,
2270 479 2354 512 Heri-
2372 492 2424 516 Aa.
2448 497 2489 518 ιι,

1385 521 1475 549 ricus,
1493 522 1551 545 «γε.
1571 512 1704 543 volumus
1716 515 1773 544 effe
1787 524 1888 546 notum
1903 516 1981 555 quod
2375 531 2402 554 E.
2427 536 2452 553 τ.

1336 548 1436 588 Cum,
1454 550 1569 594 Nobilis
1590 550 1743 596 Princeps,
1762 552 1926 591 Roupertus
1941 579 1950 593 ,
1969 540 2079 586 C⁹omes
2101 556 2240 588 Palatinus
2261 557 2356 596 Reni,
2377 547 2506 592 initiinter

1299 588 1332 618 &
1356 587 1424 617 Dux
1445 587 1757 632 Bavatiae,hpromi1erir
1777 591 1803 620 se
1824 593 1944 631 legaliter
1967 594 2131 625 serviturum
2152 597 2199 636 ipii
2222 596 2355 627 Domino
2377 600 2507 639 negem&

1300 625 1494 669 nostro-Regi
1517 626 1645 665 Angliae,
1663 628 1882 672 cum-Centum
1905 632 1937 662 &
1988 634 2163 673 uinquaginta
2180 635 2357 665 Hominibus
2377 641 2485 677 aizersos

1302 664 1444 708 Galeatis,
1461 665 1640 708 eundemque
1656 665 1820 697 Dominum
1836 669 1965 700 nostrum
2020 681 2119 710 egeni,
2139 683 2192 711 pro
2212 683 2359 711 recupera·
2379 684 2504 706 Mamur.

1301 712 1381 733 tione
1392 727 1403 747 ,
1421 713 1636 746 manutentione
1650 727 1659 742 ,
1678 705 1711 735 &
1729 705 1891 737 defensione
1904 730 1914 745 ,
1929 707 2040 746 Jurium
2053 734 2063 748 ,
2081 710 2307 749 Haereditatum,
2325 713 2358 743 ὅτ.
2377 702 2499 745 (Ξενῗηαη.

1303 741 1513 785 Dominiorum
1528 742 1660 780 suorum,
1679 742 1796 774 fideliter
1808 745 1966 783 adjuturum
1982 757 2080 779 contra
2094 750 2285 788 quascumque
2292 750 2359 781 Per-
2383 766 2390 783 i
2399 766 2422 793 3.
2437 761 2468 784 Ε.
2485 765 2510 791 ς,

1303 780 1381 810 sonas
1399 779 1592 817 (Sei-eniffimo
1607 780 1741 812 Domino
1757 782 1860 813 Patruo
1881 784 1930 814 suo
1954 783 2086 817 Domino
2110 788 2273 819 Lodowico
2305 799 2359 820 nec
2380 805 2415 823 m.
2437 804 2462 832 3.

1304 829 1365 848 non
1380 818 1467 862 Sacro
1481 818 1606 862 Imperio
1621 819 1780 858 dumtaxat,
1799 823 1931 859 exceptis)
1947 832 2032 860 prout
2045 826 2074 854 in
2093 827 2215 864 ejusdem
2238 813 2361 859 Do’mini

1305 857 1399 888 Ducis
1414 858 1543 896 Litteris,
1561 857 1628 888 inde
1643 858 1800 897 confestis,
1818 860 1927 897 plenius
1943 864 2120 902 continetur,

1343 895 1429 935 Nos,
1447 895 1648 927 Procuratores
1663 898 1696 928 &
1712 896 1826 927 Nuncii
1842 898 1964 938 praefati,
1982 901 2015 931 &
2039 903 2154 939 quilibet
2175 903 2308 935 nostrum
2331 906 2362 936 in

1305 933 1443 972 solidum,
1462 934 1542 965 diGro
1558 934 1692 965 Domino
1708 934 1786 966 Duci
1800 937 1997 977 promisimus,
2014 941 2047 970 &
2064 943 2271 981 promittimus,
2284 942 2362 977 bon'fi

1307 972 1378 1012 fide,
1395 974 1514 1004 nomine
1527 974 1596 1004 dieti
1616 973 1738 1004 Domini
1756 975 1845 1005 nostri
1862 975 1964 1016 Regis,
1983 978 2015 1008 ὃς
2038 988 2090 1016 pro
2112 989 2164 1017 eo,
2182 981 2260 1018 qu'od
2284 981 2363 1012 idem

1307 1011 1453 1056 Dominus
1464 1012 1561 1042 noster
1574 1012 1638 1042 Rex
1654 1012 1746 1052 dabit,
1763 1014 1796 1044 ὃς
1811 1013 1881 1045 solvi
1907 1016 1989 1046 saciet
2009 1017 2039 1046 in
2063 1016 2229 1056 Durdraco,
2247 1020 2366 1057 praefato

1307 1049 1441 1081 Domino
1470 1050 1549 1081 Duci
1574 1050 1726 1089 Rouperto
1746 1061 1799 1089 pro
1821 1051 1871 1090 Se,
1890 1062 1937 1084 aur
1957 1062 2069 1085 certum
2094 1056 2258 1086 mandatum
2280 1059 2315 1088 ab
2330 1069 2367 1088 eo

1309 1088 1455 1128 Habenti,
1472 1088 1651 1128 Qiindecim
1665 1088 1750 1132 Milia
1767 1090 1952 1122 Florenorum
1966 1092 2002 1122 de
2017 1092 2174 1133 Florentia,
2193 1094 2263 1125 Boni
2280 1096 2367 1135 Auri,

1309 1128 1343 1158 ὃς
1365 1127 1437 1165 Justi
1458 1127 1593 1158 Ponderis
1606 1152 1615 1165 ,
1633 1127 1678 1158 vel
1702 1126 1919 1166 AEquivalenter
1942 1131 1971 1160 in
1990 1130 2134 1171 Sterlingis
2156 1133 2291 1164 usualibus
2306 1158 2316 1173 ‚
2340 1137 2370 1165 in

1310 1166 1397 1197 Festo
1409 1166 1505 1197 Sanffl
1522 1165 1689 1204 Michaelis,
1705 1168 1837 1204 proximo
1854 1178 1870 1198 a
1885 1168 1949 1199 dara
1962 1170 2138 1206 praesentium
2154 1171 2298 1211 affuturo,

1355 1203 1393 1235 Et
1420 1215 1474 1243 pro
1501 1214 1674 1243 unoquoque
1704 1204 1888 1235 Galeatorum
1918 1207 2030 1238 suorum
2059 1210 2260 1246 praedi&ortim
2278 1234 2288 1249 ,
2340 1222 2368 1242 er

1311 1243 1383 1274 duos
1399 1243 1514 1274 Menses
1528 1245 1651 1282 primos,
1691 1244 1771 1274 uibus
1786 1245 1816 1273 in
1829 1245 1954 1275 Servitio
1975 1246 2045 1277 dieti
2066 1247 2188 1278 Domini
2207 1249 2295 1279 nostri
2341 1260 2371 1280 e—

1311 1283 1352 1322 gis
1366 1283 1448 1313 fuerit
1457 1306 1466 1322 ,
1486 1282 1664 1321 Qindecim
1703 1282 1816 1312 lorenos
1830 1282 1866 1313 de
1882 1283 2023 1315 Florentia
2037 1293 2089 1324 pro
2103 1287 2229 1324 quolibet
2251 1287 2372 1326 Mense,

1352 1321 1489 1360 Quorum
1504 1323 1630 1352 duorum
1644 1320 1790 1351 Mensium
1806 1321 1966 1361 Stipendia,
1985 1323 2031 1353 seu
2055 1323 2161 1363 Vadia,
2180 1325 2272 1356 eidem
2292 1326 2374 1358 Duci

1315 1369 1374 1398 prae
1388 1361 1543 1398 dabuntur,
1561 1361 1594 1391 ὃ(
1609 1368 1673 1390 ante
1688 1359 1758 1390 solvi
1774 1360 1898 1399 debent,

1351 1398 1499 1437 Suumque
1514 1399 1660 1429 habebunt
1673 1397 1791 1428 Initium
1808 1408 1823 1429 a
1837 1407 2051 1438 tempore,quo
2065 1399 2120 1438 ipse
2135 1399 2281 1433 Dominus
2290 1403 2379 1440 Dux,

1315 1437 1372 1466 una
1386 1447 1456 1468 cum
1471 1437 1521 1467 suis
1537 1437 1676 1474 praedietis
1690 1436 1832 1475 Galeatis,
1850 1447 1903 1477 pro
1917 1437 2041 1470 Servirio
2058 1438 2128 1469 dieti
2142 1438 2268 1470 Domini
2288 1440 2379 1471 nostri

1317 1475 1427 1514 Regis,
1447 1487 1461 1506 a
1478 1476 1599 1513 partibus
1614 1476 1663 1505 suis
1678 1475 1703 1505 se
1719 1477 1864 1507 movebit:

1353 1514 1412 1544 Pro
1434 1515 1541 1544 caeteris
1564 1522 1656 1544 autem
1680 1513 1844 1553 Mensibus,
1863 1515 1963 1554 quibus
1984 1516 2038 1545 una
2062 1525 2130 1547 cum
2147 1516 2198 1547 suis
2212 1517 2241 1546 in
2256 1516 2379 1548 Servitio

1316 1553 1398 1589 ipsius
1412 1552 1536 1582 Domini
1550 1553 1639 1582 nostri
1656 1551 1746 1589 Regis
1758 1552 1856 1591 fuerit,
1875 1553 1950 1583 idem
1967 1552 2114 1584 Dominus
2127 1554 2224 1586 noster
2232 1555 2298 1585 Rex
2307 1566 2378 1594 prae-

1317 1591 1387 1621 fatus
1403 1599 1510 1621 tantum
1526 1590 1804 1628 proportionabiliter
1816 1591 1907 1631 dabit,
1925 1601 2062 1629 quantum
2076 1591 2212 1624 Domino
2238 1593 2380 1626 Lodowi-

1318 1640 1356 1661 co
1372 1629 1488 1666 praefato
1503 1639 1556 1666 pro
1568 1630 1620 1659 suis
1634 1629 1729 1667 dabit,
1747 1631 1780 1660 δε
1795 1630 1877 1661 faciet
1891 1630 2004 1660 exsolvi.

1356 1667 1408 1698 Est
1423 1669 1506 1698 etiam
1525 1667 1679 1706 Adjeerum
1695 1668 1819 1706 quod,1i
1836 1669 1913 1699 idem
1930 1668 2076 1700 Dominus
2091 1670 2162 1701 Dux
2176 1680 2223 1703 aut
2239 1671 2278 1702 sui
2292 1671 2384 1710 aliqua

1321 1706 1412 1744 (quod
1434 1707 1514 1743 abiit)
1538 1707 1659 1744 dampna
1679 1708 1706 1736 in
1730 1706 1817 1744 Equis
1831 1707 1865 1737 ad
1882 1708 1986 1746 Arma,
2005 1709 2034 1737 in
2049 1709 2107 1746 ipso
2122 1709 2242 1741 Servitio
2259 1709 2386 1741 Domini

1319 1745 1408 1775 nostri
1431 1745 1537 1783 Regis,
1554 1746 1736 1783 incurrerint,
1754 1745 1953 1777 Mareschallus
1976 1745 2045 1776 dieti
2066 1746 2189 1778 Domini
2210 1748 2298 1779 nostri
2323 1749 2385 1780 Re-

1317 1785 1375 1823 gis,
1393 1785 1426 1815 &
1443 1783 1642 1817 Mareschallus
1656 1784 1738 1821 iplius
1756 1783 1880 1815 Domini
1896 1784 2005 1822 Ducis,
2024 1786 2073 1824 qui
2095 1795 2149 1824 pro
2172 1797 2301 1825 tempore
2322 1788 2385 1819 fue-

1320 1824 1395 1860 rint,
1411 1822 1510 1852 eadem
1528 1822 1578 1852 sub
1597 1821 1766 1860 Juramento
1788 1833 1889 1854 eorum
1912 1825 2146 1862 appreciabuntur
2167 1826 2201 1856 ὅ(
2224 1827 2357 1858 taxabunt
2373 1838 2384 1864 ;

1321 1862 1458 1900 Qiorum
1475 1861 1690 1903 Appreciationi
1704 1861 1778 1891 idem
1794 1862 1941 1892 Dominus
1954 1862 2050 1893 noster
2064 1863 2128 1893 Rex
2140 1862 2241 1902 stabit,
2260 1865 2293 1896 ὃς
2316 1864 2385 1895 inde

1319 1901 1367 1937 ipsi
1385 1899 1519 1930 Domino
1538 1899 1556 1919 ²*
1578 1899 1675 1937 Duci,
1692 1900 1760 1930 infra
1774 1899 1849 1930 Tres
1865 1900 1995 1939 Menses,
2014 1901 2077 1939 post
2093 1901 2286 1934 Taxationem
2309 1914 2383 1934 con-
2398 1920 2413 1937 a
2436 1921 2476 1948 IV

1320 1940 1398 1969 tinne
1414 1938 1575 1981 sequentes,
1586 1938 1771 1981 ’Solutionem
1786 1939 1941 1969 Plenariani
1957 1939 2040 1970 faciet
2055 1940 2157 1979 absque
2172 1940 2260 1981 dolo,
2420 1968 2432 1980 q
2481 1940 2489 1947 “

1360 1977 1469 2015 de,
1488 1980 1508 2007 ll
1523 1977 1593 2008 dieti
1611 1976 1789 2007 Mareschalli
1803 1978 1980 2008 concordare
1995 1987 2054 2008 non
2070 1980 2384 2020 poterint,Qicquid,
2402 1968 2465 1995 7¹4'

1319 2015 1437 2046 Illustris
1449 2015 1612 2053 Dominus,
1630 2015 1804 2046 Willielmus
1820 2016 1956 2047 Marchio
1966 2015 2129 2055 Juliacenlis
2138 2040 2148 2056 ,
2167 2019 2200 2049 δε
2217 2019 2305 2057 Nos,
2321 2019 2386 2050 Co—

1320 2064 1383 2084 mes
1398 2054 1607 2095 Salesbyriensis
1622 2054 1767 2093 praefatus,
1786 2055 1866 2093 super
1878 2055 1962 2086 dietis
1976 2054 2118 2093 Dampnis
2141 2057 2387 2096 ordinaverimus,

1320 2093 1397 2124 idern
1414 2092 1561 2124 Dominus
1576 2092 1672 2122 noster
1687 2092 1752 2123 Rex
1767 2092 1875 2124 Rarum
1890 2093 2005 2125 habebit
2022 2103 2107 2133 atque
2118 2094 2253 2126 Gratum.

1361 2131 1416 2169 Et,
1435 2132 1454 2162 si
1469 2131 1560 2170 (quod
1574 2131 1653 2168 absit)
1671 2131 1780 2169 Aliquis
1793 2132 1916 2169 ipsorum
1932 2132 2151 2172 Dominorum,
2171 2133 2388 2166 Marchionis&

1322 2170 1465 2209 Comitis,
1483 2170 1685 2208 praedic‘torum
1700 2170 1847 2201 decesserit
1856 2193 1865 2209 ,
1882 2171 1949 2202 alius
1965 2173 1994 2201 in
2010 2171 2108 2202 locum
2121 2172 2247 2203 defuntfti
2269 2174 2391 2204 affume-

1321 2217 1384 2248 tur,
1403 2210 1452 2247 qui
1464 2208 1669 2247 Consimilem,
1689 2219 1738 2247 per
1753 2210 1866 2248 omnia,
1885 2208 2043 2241 taxandi&
2066 2210 2217 2242 ordinandi
2239 2212 2340 2243 habeat
2361 2213 2390 2243 in

1322 2247 1469 2287 praemissis
1484 2246 1668 2279 Potestatem.

1339 2304 1342 2306 >
1361 2287 1417 2326 Et,
1435 2296 1466 2318 ut
1481 2287 1690 2318 benivolentius
1704 2286 1738 2317 ὃ(
1753 2286 1886 2317 sincerius
1903 2286 1980 2317 idem
1996 2285 2142 2319 Dominus
2159 2288 2230 2319 Dux
2243 2289 2279 2320 ad
2294 2289 2391 2320 Servi-

1324 2327 1398 2356 tium
1411 2326 1494 2364 ipsius
1507 2325 1633 2356 Domini
1646 2324 1736 2361 nostri
1751 2325 1843 2363 Regis
1857 2326 2024 2364 inclinetur,
2035 2326 2112 2357 idem
2130 2327 2278 2359 Dominus
2293 2327 2391 2359 noster

1324 2364 1415 2403 ipsum
1441 2364 1554 2395 Ducem
1575 2365 1604 2394 in
1624 2364 1706 2394 suum
1727 2364 1854 2395 Fidelem
1877 2366 2013 2403 recipiet,
2032 2365 2065 2395 &
2088 2365 2171 2396 faciet
2192 2367 2270 2405 juxta
2289 2366 2391 2397 Dona-

1325 2405 1434 2434 tionem
1453 2404 1486 2434 &
1505 2402 1726 2433 Ordinationem
1748 2402 1874 2433 Domini
1899 2402 2077 2435 Marchionis
2090 2403 2270 2443 Juliacensis,
2287 2414 2321 2435 ac
2337 2408 2392 2435 no-

1325 2441 1434 2480 strsim,
1453 2441 1585 2479 Episcopi
1600 2442 1633 2472 ὃς
1646 2440 1773 2472 Comitis
1787 2441 2013 2480 Saiesbyriensis,
2032 2443 2224 2480 praefatorum.

1364 2480 1396 2510 In
1414 2490 1535 2519 quorum
1549 2481 1683 2510 omnium
1697 2479 1892 2510 testimonium
1905 2480 1999 2519 Sigilla
2022 2481 2119 2513 nostra
2139 2482 2320 2520 praesentibus
2340 2481 2393 2512 du-

1330 2521 1422 2550 ximus
1435 2518 1603 2557 apponenda
1618 2517 1692 2557 apud
1699 2518 1722 2548 F
1724 2517 2054 2556 rankefordiam,ultima
2065 2519 2111 2550 die
2118 2519 2325 2559 MenfisJunii,
2334 2520 2393 2550 An-

1328 2569 1367 2589 no
1382 2558 1504 2588 Domini
1520 2557 1696 2596 Millesimo,
1715 2553 1822 2596 CCC,
1839 2558 2003 2589 Tricefimo
2019 2559 2150 2598 septimo.

1330 2704 1379 2735 De
1408 2705 1516 2734 16000
1542 2701 1675 2735 florenis
1698 2699 1775 2734 disbo
1795 2700 1935 2734 Palatino
1952 2700 2037 2734 ultra
2059 2698 2214 2746 Stipendia
2229 2698 2391 2745 sblvendis.

1335 2787 1549 2857 UNiverigsc,
1569 2787 1715 2825 praesentes
1732 2787 1838 2817 Literas
1852 2786 1963 2824 visuris,
1981 2786 2026 2817 vel
2042 2786 2190 2824 audituris,
2210 2785 2279 2816 Nos
2287 2785 2395 2817 Henri-
2413 2779 2539 2855 Anu-71)-

1423 2836 1472 2856 cus
1543 2837 1569 2856 c.
2435 2828 2487 2859 133
2513 2841 2520 2847 ·

1369 2864 1403 2893 N
1406 2849 1490 2895 oruni
1504 2864 1622 2895 facimus
1636 2864 1833 2902 praesentibus,
1851 2863 2089 2900 recognoscentes
2101 2862 2183 2901 quod
2198 2862 2283 2901 Nos,
2410 2863 2462 2886 An.
2483 2868 2491 2884 ¹
2502 2868 2524 2884 ¹·

1370 2902 1483 2933 Virtute
1499 2902 1662 2940 Potestatis,
1681 2904 1717 2933 ab
1734 2902 1792 2940 ipso
1807 2901 1942 2932 Domino
1956 2901 2056 2932 nostro
2073 2901 2159 2939 Rege
2173 2902 2256 2932 nobis
2271 2900 2394 2939 traditae,
2411 2902 2438 2924 Ε·
2459 2906 2484 2933 3-

1331 2942 1373 2972 ob
1388 2951 1520 2972 mutuum
1536 2941 1675 2971 Amorem
1691 2942 1723 2972 &
1748 2941 1962 2979 Sinceritatem,
1979 2942 2052 2971 inter
2076 2939 2243 2970 Dominum
2263 2939 2394 2970 nostrum
2411 2936 2530 2962 Aleman.

1333 2980 1450 3017 Regem
1470 2979 1581 3018 Angliae
1604 2979 1775 3017 praeditstum
1789 3003 1799 3018 ,
1816 2980 1850 3011 ὃς
1869 2979 2035 3010 Dominum
2056 2979 2221 3009 Robertum
2243 2977 2393 3009 Comitem
2415 2983 2456 3000 ¹¹·
2468 2978 2497 3000 E.
2515 2982 2539 3009 3,

1333 3019 1491 3049 Palatinum
1506 3018 1599 3056 Reni,
1617 3019 1650 3049 δε
1664 3018 1782 3048 Ducem
1795 3017 1916 3049 Bavariae
1930 3018 2084 3055 illustrem,
2102 3016 2281 3048 nutriendum
2298 3017 2332 3046 δε
2352 3017 2392 3046 fa-
2409 3022 2445 3040 m·
2459 3021 2487 3047 9-

1333 3057 1483 3095 ciendum,
1502 3066 1617 3087 necnon
1632 3056 1918 3095 Gratitudines,quas
1934 3056 2010 3087 idem
2024 3056 2172 3086 Dominus
2185 3055 2254 3084 Dux
2269 3054 2393 3092 ipIiDo-

1333 3097 1415 3126 mino
1429 3095 1529 3126 nostro
1545 3095 1621 3132 Regi
1634 3096 1778 3133 acceptius
1793 3095 1924 3126 exhibere
1939 3096 2042 3133 poterit
2057 3096 2086 3124 in
2101 3093 2245 3132 futurum,

1370 3134 1472 3164 Eidem
1491 3133 1625 3164 Domino
1648 3133 1746 3172 DucI,
1764 3143 1811 3164 aur
1830 3135 1866 3164 ab
1888 3144 1924 3164 eo
1943 3135 2020 3171 super
2033 3133 2090 3163 hoc
2103 3140 2213 3162 certum
2228 3131 2393 3162 mandatum

1332 3172 1478 3211 Habenti,
1495 3173 1563 3202 ultra
1577 3174 1609 3202 δε
1625 3181 1726 3209 praeter
1738 3172 1896 3210 Stipendia,
1915 3171 1960 3202 seu
1977 3170 2081 3209 Vadia,
2103 3180 2167 3208 quae
2181 3171 2289 3200 ratione
2301 3170 2395 3213 Servi7

1332 3213 1458 3249 tiorum,
1475 3221 1543 3241 cum
1556 3211 1684 3241 Centum
1700 3212 1734 3242 &
1751 3211 1963 3250 Qinquaginra
1984 3209 2162 3240 Hominibus
2184 3207 2324 3246 Galeatis,
2343 3210 2393 3246 ipli

1332 3250 1469 3280 Domino
1480 3249 1579 3280 nostro
1594 3248 1670 3288 Regi
1684 3249 1880 3280 faciendorum
1889 3271 1898 3287 ,
1916 3248 1951 3278 ab
1963 3248 2067 3290 eodem
2083 3246 2218 3277 Domino
2232 3247 2331 3277 nostro
2351 3258 2394 3276 re-

1332 3290 1417 3326 cipiet
1434 3288 1481 3325 (de
1497 3289 1596 3326 quibus
1612 3290 1641 3318 in
1656 3288 1772 3325 Lireris,
1790 3288 1868 3325 super
1880 3298 1915 3317 eo
1931 3287 2087 3324 conieffis,
2108 3286 2215 3323 plenius
2230 3286 2328 3322 claret)
2339 3295 2393 3315 no-

1333 3328 1433 3358 minei
1455 3327 1505 3358 sius
1520 3327 1643 3357 Domini
1658 3327 1748 3357 nostri
1762 3326 1866 3365 Regis,
1885 3327 1918 3357 ὃς
1941 3335 1994 3363 pro
2018 3336 2054 3355 eo
2089 3323 2182 3362 Dare,
2202 3325 2235 3354 &
2257 3324 2392 3366 Solvere,

1332 3367 1427 3405 promi
1439 3376 1528 3405 imuS,
1548 3367 1581 3397 &
1597 3367 1806 3404 promittimus,
1822 3364 1898 3394 bonai
1914 3363 1985 3402 fide,
2004 3365 2032 3393 in
2047 3349 2216 3393 Durderaco
2226 3362 2394 3406 ,Sexdecim

1334 3405 1416 3436 Milia
1431 3405 1622 3434 Florenorum
1634 3404 1669 3435 de
1684 3404 1840 3441 Florentia,
1858 3403 1931 3433 Boni
1947 3402 2030 3440 Auri,
2052 3402 2086 3432 &
2098 3401 2171 3440 Justi
2185 3400 2393 3444 Pyonderis,vel

1333 3444 1458 3474 valorem
1474 3444 1503 3472 in
1516 3443 1658 3482 Sterlingis
1673 3441 1808 3473 usualibus
1819 3466 1828 3479 ,
1847 3440 1874 3471 in
1889 3439 1973 3471 Festo
1989 3441 2063 3470 beati
2074 3439 2242 3476 Michoehs,
2257 3441 2394 3476 proximo

1333 3483 1349 3513 a
1362 3482 1426 3513 data
1438 3481 1615 3520 praesentium
1630 3480 1773 3520 affuturo,
1790 3480 1955 3520 integraliter
1969 3479 2071 3516 absque
2083 3478 2162 3508 dolo.
2193 3516 2198 3521 ·
2252 3515 2256 3521 .
2283 3515 2289 3521 '

1369 3519 1407 3552 In
1415 3521 1492 3559 qu'us
1508 3521 1548 3550 rei
1563 3518 1759 3550 testimonium
1775 3519 1858 3557 Nos,
1877 3517 2078 3548 Procuratores
2092 3516 2215 3554 praefati,
2229 3515 2326 3553 Sigilla
2339 3525 2395 3546 no-

1331 3558 1388 3590 stra
1401 3558 1578 3597 praesentibus
1591 3558 1721 3588 duximus
1735 3557 1910 3597 apponenda.
2175 3593 2189 3598 υ

1373 3598 1440 3628 Dat.
1454 3608 1469 3627 a
1490 3597 1527 3628 ud
1543 3596 1791 3627 Frankenfordiam
1802 3620 1811 3634 ‚
1828 3595 1926 3626 ultimi
1939 3593 1985 3623 die
2001 3591 2208 3631 MensisJumi,
2228 3591 2315 3623 Anno
2325 3592 2393 3624 Do·
2427 3610 2429 3612 ·

1335 3635 1407 3668 mini
1424 3635 1472 3667 Mi
1483 3635 1598 3674 lefimo,
1618 3634 1860 3672 Trescentesimo,
1880 3632 2045 3664 Tricesimo
2059 3632 2190 3670 septimo.

1572 3774 1665 3817 Super
1682 3773 1850 3804 Retentione
1864 3768 1900 3803 de
1924 3769 2044 3812 Consilio
2061 3771 2161 3815 Regis.

1335 3857 1465 3920 NOS
1477 3856 1637 3894 HenricuS,
1655 3854 1716 3890 ὀνο.

1335 3936 1371 3967 N
1451 3896 1568 3926 Notum
1591 3894 1710 3925 facimus
1732 3893 1910 3932 praesentium
1929 3891 2138 3931 Inspectoribus
2152 3892 2287 3924 universis
2300 3892 2396 3932 quod,
2414 3928 2457 3951 Aa
2486 3933 2513 3951 U

1372 3946 1420 3973 os,
1501 3948 1504 3951 v
1536 3947 1538 3950 ’
2461 3946 2466 3951 .
2520 3946 2527 3952 .

1374 3974 1521 4004 Habentes
1535 3972 1569 4002 ad
1584 3971 1641 4003 hoc
1658 3970 1828 4002 Mandatum
1841 3972 1857 4001 a
1870 3970 2005 4001 Domino
2019 3969 2118 4000 nostro
2130 3969 2213 4010 Rege
2229 3969 2357 4009 Angliae,
2386 4006 2391 4011 .
2412 3969 2441 3991 Ε·
2463 3974 2489 3999 3·
2535 3998 2538 4000 ,

1374 4012 1574 4042 Τηὶᾶενίιῃυε
1597 4020 1629 4041 ac
1652 4011 1841 4041 convenimus
1854 4034 1863 4048 ,
1882 4010 1999 4040 nomine
2020 4010 2052 4040 &
2074 4010 2138 4040 vice
2159 4009 2283 4039 Domini
2305 4006 2392 4037 nostri
2410 4003 2527 4029 Alemasi.

1336 4051 1424 4090 Regis
1438 4049 1584 4088 praediffl,
1604 4058 1688 4088 cum,
1707 4046 1839 4080 Discreto
1852 4049 1915 4079 viro
1951 4047 2087 4079 Domino
2112 4047 2234 4086 Marqua
2257 4047 2293 4075 de
2314 4044 2393 4088 Ran-
2417 4045 2501 4068 ¹1-E-
2518 4049 2543 4077 Ξ·

1336 4089 1430 4128 degg,
1451 4087 1606 4132 Praeposito
1619 4086 1754 4119 Ecclefiae
1767 4087 1844 4132 Babl.
1860 4073 1995 4120 Βοάοῐε
2013 4086 2225 4124 Decretorum,
2246 4082 2339 4115 modls
2361 4082 2394 4113 ὅ(
2416 4089 2452 4106 m·
2468 4088 2494 4113 7·

1336 4127 1436 4159 formis
1452 4127 1568 4159 inferius
1581 4128 1716 4166 anemis,
1731 4127 1849 4164 scilicet,
2302 4159 2395 4198 de

2417 3848 2491 3879 Ann.
2502 3848 2541 3878 D.

2442 3896 2525 3925 1337-
