2562 4279
43 231 120 263 Arm.
137 228 178 262 D.

37 280 150 337 Εέἑῗΐῑ

52 840 179 874 AnnD.

70 888 155 919 1324.

49 924 100 947 Aa.
119 929 159 954 17.

46 962 76 984 E.
95 968 120 984 2.

51 1002 89 1024 Ex
104 1000 163 1025 Au-

48 1044 113 1073 togr.

50 1753 180 1790 *1V.29.

757 141 869 185 ET
951 141 1217 186 ACTA

200 228 445 269 Magnificentiam
468 228 588 270 Regiam
615 236 684 262 cum
706 232 856 270 gratiarum
875 228 1033 260 actionibus
1053 226 1208 266 plurimum
1227 225 1256 255 in

198 267 333 298 Domino
346 269 594 306 commendamus3
1166 303 1171 308 .

232 306 311 336 lllam
337 317 369 337 ro
388 315 479 344 anteS,
504 309 537 338 ὅ(
550 308 688 337 hortantes
707 306 846 344 attentius,
866 305 993 343 quatinus
1007 312 1071 344 erga
1086 301 1254 344 praedfflum

193 343 355 383 Nobilem,
394 346 489 375 onoris
505 347 537 376 ὃς
555 344 670 375 comodi
692 344 778 383 Regii
799 344 938 374 fervidum
964 342 1143 385 Zelatorem,
1161 339 1253 377 hujus-

194 382 274 412 modi
294 383 402 413 favores
424 383 457 413 &
478 382 604 421 beneficia
627 385 780 412 continuare
802 381 870 412 velit
892 380 984 419 Regia
1003 379 1178 423 Benignitas,
1201 387 1258 407 no-

194 420 317 451 strorum
332 422 524 457 precaminum
537 423 713 457 interventu,
730 419 808 458 quod
829 429 863 449 ex
882 419 940 448 hoc
963 417 1170 448 Sublimitatem
1193 415 1252 446 Re-

193 460 267 497 giam
281 459 406 498 prosequi
420 462 573 496 gratiarum
587 458 744 488 ustionibus
757 458 858 488 merito
871 456 1031 499 debeamus.

232 497 299 528 Dat.
314 498 449 529 Avinion.
469 496 654 536 Id.Januarii,
672 494 858 527 Pontificatfis
872 493 960 524 nostri
973 503 1050 524 anno
1076 492 1192 524 οᾶανο.

804 569 859 601 Sub
865 568 928 611 filis
942 569 1077 600 canabeis.

196 701 245 732 De
265 699 412 745 Colloquii)
429 702 504 731 inter
520 700 632 743 Papam
649 698 685 733 ὠ
705 697 848 728 Comitem
873 693 909 727 de
936 694 1084 737 Murref,
1112 697 1149 731 ὠ·
1164 693 1253 739 fitper

218 747 324 780 Titulo
343 749 429 793 Regis
444 751 475 778 in
489 747 620 785 Literis,
643 741 688 774 ad
706 740 868 776 Robertum
883 741 919 775 de
947 745 1025 776 Erus
1052 739 1233 788 firibendis.

225 830 359 861 Ohannes
372 829 541 870 Episcopus,
556 828 646 858 servus
660 828 805 858 servorum
817 827 893 866 Dei,
910 827 1063 859 Cariffimo
1085 828 1114 858 in
1135 826 1254 858 Christo

242 869 316 900 Filio
330 868 487 906 Edwardo,
504 866 578 906 Regi
593 866 703 905 Angliae
714 865 815 897 Illustri
830 890 840 906 ,
867 867 980 897 salutem
1000 868 1034 898 &
1057 865 1254 906 Apostolicam

198 906 439 938 Benedistionem.
534 906 540 912 '

237 945 289 975 Ne
303 944 446 976 Celsitudo
466 943 555 982 Regia
580 941 616 972 de
634 942 700 981 hiis,
719 945 790 983 'quse
809 943 927 974 Nobilis
947 942 999 974 Vir
1146 941 1254 973 Comes

199 982 354 1022 Moraviae,
371 991 458 1018 nuper
471 981 506 1012 ad
522 981 623 1012 Sedem
635 983 748 1012 veniens
763 981 978 1020 Apostolicam,
994 981 1136 1021 proposuit
1158 982 1192 1012 &
1205 991 1252 1018 pe-

199 1023 244 1054 tiit
255 1030 352 1053 coram
366 1020 465 1058 nobis,
482 1020 574 1058 aliter,
592 1020 678 1058 quam
692 1021 789 1050 veritas
802 1020 828 1050 se
840 1021 950 1059 habeat,
967 1020 1135 1050 informetur
1145 1030 1155 1056 3
1167 1020 1251 1050 ecce!

197 1059 276 1101 quod
288 1059 347 1098 illa,
366 1067 480 1088 necnon
492 1059 524 1089 &
539 1068 669 1101 ea,.quae
682 1069 733 1089 nos
748 1059 798 1089 fibi
812 1059 1013 1097 respondimus,
1028 1059 1080 1090 tibi
1089 1058 1187 1089 seriose
1200 1057 1252 1088 du-

197 1100 305 1136 ximus,
321 1105 351 1127 ut
365 1096 501 1135 sequitur,
516 1097 704 1127 describenda.

231 1135 329 1166 Primo
345 1144 464 1173 namque
476 1136 554 1174 petiit
569 1134 660 1165 dietus
675 1135 785 1166 Comes
799 1135 892 1174 quod,

232 1173 314 1204 Cum
326 1173 382 1211 ipse
394 1182 495 1204 votum
509 1174 544 1204 de
559 1173 762 1204 transfretando
775 1175 804 1204 in
818 1173 918 1204 Terrae
928 1173 1030 1204 san&ae
1044 1172 1204 1204 Subsidium
1220 1183 1250 1203 e-

198 1212 394 1282 irliiiiffet,lnec
408 1212 475 1243 illud
490 1212 663 1251 commode,
680 1212 735 1243 sine
748 1211 825 1243 Sedis
847 1211 990 1251 praedidtae
1008 1211 1121 1242 licenti&
1140 1234 1149 1250 ,
1168 1221 1252 1242 cotn-

228 1261 273 1282 ere
288 1261 322 1282 va
334 1258 389 1281 eret

197 1260 217 1291 p
234 1289 294 1319 Sibi
313 1273 471 1320 Liceiitiam
486 1288 668 1329 hujusmodi,
685 1299 801 1321 necnon
814 1289 847 1321 &
871 1288 1094 1328 Indulgentiam,
1118 1298 1182 1328 quae
1203 1298 1252 1328 per

196 1327 281 1365 ipsam
297 1327 399 1359 Sedem
408 1328 466 1358 dari
481 1329 627 1360 consuevit
643 1330 672 1359 in
683 1329 768 1359 dietae
783 1328 883 1358 Terrae
898 1328 1062 1358 Subiidium
1078 1327 1254 1358 transfretan-

196 1366 269 1396 tibus
284 1368 293 1400 (
307 1376 359 1404 pro
372 1367 473 1406 quibus
485 1367 669 1405 principaliter
682 1366 806 1397 nostram
819 1366 919 1398 adierat
934 1389 943 1405 ‚
967 1375 997 1397 ut
1019 1365 1130 1396 afferuit
1151 1389 1160 1403 ,
1182 1375 1254 1405 prae-

195 1404 328 1441 sentiam)
340 1405 495 1435 concedere
507 1405 697 1444 dignaremur:

235 1443 281 1473 Ad
293 1443 367 1482 quod
381 1443 430 1473 sibi
442 1443 571 1474 duximus
584 1444 811 1482 respondendum
826 1442 904 1482 quod
919 1466 929 1482 ,
951 1443 1022 1474 cum
1040 1452 1074 1473 ex
1095 1442 1253 1481 hujusmodi

196 1482 352 1521 particulari
366 1481 591 1520 Peregrinatione
610 1483 756 1521 negotium
777 1482 861 1513 dietae
884 1482 984 1523 Terrae
1005 1491 1063 1512 non
1086 1481 1254 1519 speraremus

195 1520 376 1557 probabiliter
395 1520 535 1559 adjuvari,
561 1531 614 1552 nec
636 1521 670 1551 ad
695 1520 812 1558 praesens
831 1521 906 1551 saluti
925 1523 980 1550 iuae
995 1519 1251 1558 peregrinationem

197 1558 365 1594 praedictam
380 1559 551 1589 censeremus
565 1558 721 1597 proficere,
736 1560 807 1590 cum
820 1560 878 1589 tam
894 1558 950 1598 ipse
977 1559 1061 1595 quam
1076 1558 1118 1588 alii
1133 1559 1253 1595 partium

195 1596 301 1627 Scotiae
313 1596 499 1636 Regnicolae,
511 1597 564 1627 suis
585 1598 724 1628 demeritis
745 1581 1042 1634 exigentibus,l3oenis
1057 1596 1090 1626 ὅ(
1103 1596 1255 1626 Sententiis

196 1634 361 1666 nostrorum
376 1635 561 1666 Processuum
577 1637 690 1674 irretiti,
707 1646 723 1666 a
737 1634 954 1666 Communione
969 1634 1093 1664 fidelium
1105 1657 1115 1672 ,
1134 1635 1166 1665 &
1189 1644 1250 1664 me—

202 1674 256 1703 rito
273 1674 415 1704 bonorum
436 1673 566 1711 Operum
582 1674 609 1704 se
631 1673 811 1704 reddidissent
829 1673 976 1712 indignos,
993 1682 1054 1702 non
1068 1681 1125 1703 erat
1137 1682 1186 1713 per
1201 1683 1252 1703 nos

195 1709 329 1742 Petitioni
345 1712 400 1742 suae
415 1711 576 1749 hujusmodi
591 1712 787 1742 annuendum:

232 1749 328 1789 *Sed‚
347 1751 418 1781 cum
431 1749 509 1789 super
525 1749 696 1788 concordia,
713 1751 784 1780 inter
798 1757 875 1787 te,ac
889 1748 989 1779 Scotos
1003 1748 1115 1780 eosdem
1132 1772 1142 1787 ,
1160 1749 1252 1780 Aeto-

193 1797 223 1818 re
236 1787 385 1826 Domino,
403 1787 597 1826 reformanda,
624 1788 731 1818 nedum
753 1788 860 1825 utrique
881 1788 953 1824 parti
977 1786 1166 1818 dissidentium
1181 1811 1190 1826 ‚
1207 1787 1252 1818 sed

194 1827 248 1856 toti
263 1826 464 1857 Christianitati
477 1826 603 1865 perutili,
614 1826 654 1857 .&
669 1826 769 1856 Terrae
782 1826 924 1866 praedidtae
938 1827 1055 1865 negotio
1073 1836 1133 1856 non
1157 1827 1253 1857 modi-

191 1875 260 1895 cum
275 1863 429 1902 oportunzi,
447 1865 526 1901 iplius
540 1863 664 1894 Comitis
677 1864 850 1905 praesentiam
857 1865 1044 1894 accomodam
1061 1865 1252 1902 multipliciter

191 1903 375 1941 speraremus,
393 1903 413 1933 si
430 1901 572 1939 praedietae
585 1903 737 1933 traetandae
751 1902 915 1933 concordiae
929 1925 939 1941 ,
966 1912 1019 1940 pro
1045 1912 1120 1940 parte
1143 1903 1245 1934 Scoto-

192 1951 256 1971 rum
271 1941 413 1981 ipsorum,
432 1941 539 1971 labores
552 1941 706 1972 efficaciter
726 1941 809 1971 vellet
830 1940 987 1977 assumere,
1006 1950 1074 1979 nos,
1101 1941 1249 1981 postquam

194 1980 256 2010 illos
269 1980 302 2011 ad
318 1979 455 2010 effetfffflm
469 1979 599 2010 debitum
639 1979 804 2018 erduxiffet,
822 1979 866 2010 vel
881 1989 929 2016 per
941 1979 1029 2017 ipsum
1044 2003 1054 2016 ,
1074 1979 1150 2010 boni⁴
1175 1980 1248 2019 fide,

193 2019 268 2048 circa
282 2018 388 2049 diritam
402 2017 599 2054 perficiendam
646 2019 830 2056 oncordiam,
849 2018 913 2048 dara
935 2028 955 2047 o
977 2017 1021 2047 era
1043 2017 1171 2057 efficaci,
1188 2028 1249 2049 non

196 2055 276 2086 staret
297 2067 354 2094 quo
368 2057 459 2086 minus
478 2055 537 2086 finis
556 2057 665 2086 votivus
685 2057 806 2093 ejusdem
829 2055 948 2086 Concor
970 2056 1004 2086 iae
1022 2055 1176 2094 sequeretur
1192 2058 1250 2094 (re-

196 2094 353 2124 conciliato
367 2103 402 2124 eo
417 2094 544 2131 primitus
555 2094 666 2125 Sandtae
681 2094 823 2125 Romanae
838 2094 969 2125 Ecclefiae
983 2117 993 2132 ,
1012 2094 1045 2124 &
1067 2094 1191 2132 praestita
1209 2095 1248 2126 sa-

194 2132 354 2198 tisfagtione
368 2131 533 2170 condigna)
553 2132 683 2163 Petitioni
703 2132 757 2163 suae
779 2132 919 2171 praediffle
942 2132 1122 2163 exauditionis
1141 2133 1248 2164 aditum

215 2180 251 2200 1·ae
274 2180 391 2201 eremus.

194 2180 213 2208 P
230 2208 341 2239 Eodem
354 2211 425 2240 vero
441 2208 560 2240 Comite
573 2209 757 2248 postmodum
769 2210 966 2250 subjungente,
989 2209 1068 2250 quod
1087 2210 1156 2240 certi
1171 2233 1180 2248 ,
1204 2210 1248 2240 so-

195 2247 290 2277 lennes
314 2248 443 2286 Nuncii,
466 2257 519 2287 pro
543 2248 785 2279 Reconciliatione
803 2249 954 2280 Scotorum
973 2248 1096 2287 ipsorum
1116 2249 1250 2279 Ecclesiae

192 2286 386 2325 procuranda,
405 2294 482 2316 erant
495 2287 524 2316 i'n
535 2288 666 2326 proximo
690 2287 724 2317 ad
745 2286 867 2317 nostram
888 2287 1062 2326 praesentiam
1080 2286 1248 2318 destinandi:

193 2334 226 2354 ac
240 2324 377 2354 humiliter
390 2325 559 2362 supplicante
577 2324 658 2364 quod
679 2327 718 2355 eis
730 2347 739 2363 ,
765 2327 794 2355 in
815 2326 953 2356 veniendo
972 2325 1005 2355 ad
1027 2325 1132 2356 Sedem
1150 2325 1250 2365 praedi-

194 2362 270 2392 etam
280 2384 288 2398 ,
307 2363 453 2399 providere
466 2363 502 2393 de
515 2363 611 2394 securo
626 2362 782 2394 Conduetu
795 2364 941 2403 benignius
954 2364 1145 2403 dignaremur:

232 2399 300 2444 Nos
314 2401 407 2431 eidem
441 2401 595 2432 rovidimus
607 2402 684 2440 super
698 2402 755 2432 hoc
769 2402 990 2440 respondendum
999 2425 1010 2441 ,
1019 2402 1098 2442 quod
1112 2403 1141 2433 in
1155 2401 1253 2433 Terris

198 2437 365 2478 Principum
378 2440 412 2469 &
451 2450 569 2470 aronum
582 2439 711 2471 securum
719 2441 756 2470 eis
770 2440 959 2472 Conduetum
969 2463 978 2479 ,
1004 2449 1123 2471 uantum
1131 2441 1163 2471 ad
1179 2451 1250 2480 prae-

193 2477 270 2515 sens,
287 2477 445 2508 concedere
459 2479 641 2517 nolebamus,
658 2486 852 2509 verumtamen
866 2479 970 2510 nostras
1013 2480 1104 2510 itteras
1125 2479 1250 2519 Aposto-

190 2515 278 2553 licas,
296 2516 475 2556 requifitorias
490 2517 523 2547 &
540 2519 704 2548 monitorias
719 2517 796 2555 super
809 2517 885 2556 hoc,
902 2517 937 2549 ad
949 2517 1063 2548 eosdem
1086 2517 1250 2557 Principes,

194 2554 228 2584 δε
243 2553 379 2592 Barones,
396 2564 429 2585 ac
444 2555 526 2593 alios,
546 2555 617 2586 'uxta
632 2556 754 2586 formam
777 2556 885 2586 solitam
901 2578 910 2594 ,
935 2557 1020 2593 parati
1042 2556 1161 2586 essemus
1179 2566 1251 2586 con-

194 2592 296 2623 cedere
335 2603 388 2630 pro
408 2593 504 2624 securo
556 2593 683 2625 oiidudtu
704 2594 786 2624 dietis
807 2593 965 2634 praestando
981 2593 1125 2632 Nunciis,
1143 2595 1181 2631 fi,
1199 2604 1251 2634 pro

194 2629 269 2661 diets
285 2615 530 2662 Reconciliatione
542 2631 575 2662 ad
589 2632 691 2663 Sedem
705 2633 846 2664 venientes
859 2632 1038 2671 praedidtam,
1056 2633 1199 2664 transitum
1212 2633 1252 2664 fa-

193 2678 289 2699 cerent
303 2679 352 2709 per
367 2678 450 2700 terras
464 2671 497 2701 δε
510 2670 651 2702 ἀίίὶτίᾶυε
666 2671 797 2708 ipsorum.

236 2706 388 2745 Praeterea,
405 2708 612 2748 subsequenter,
641 2719 692 2747 pro
712 2718 804 2749 parte,
828 2708 946 2740 Nobilis
966 2709 1048 2748 Viri,
1072 2709 1196 2741 Roberti
1217 2710 1252 2741 de

197 2744 281 2784 Erus,
300 2745 441 2776 Avunculi
453 2747 509 2785 sui,
526 2748 607 2778 nobis
621 2747 724 2779 obtulit
738 2748 813 2778 idem
831 2747 957 2788 Comes,
975 2748 1071 2787 quod,
1095 2759 1166 2779 cum
1188 2759 1248 2779 cre-

197 2782 324 2822 deretur,
340 2784 510 2814 carissimum
526 2785 554 2815 in
569 2785 684 2816 Christo
698 2786 800 2817 Filium
815 2786 946 2817 nostrum
961 2786 1098 2817 Carolum
1108 2810 1118 2825 ‚
1136 2786 1183 2817 Re
1202 2797 1249 2818 ein

199 2820 324 2851 Franci-ae
344 2823 378 2853 &
400 2823 545 2855 Navarraer
558 2822 696 2854 Illustrem
710 2848 720 2862 ,
742 2824 945 2864 assumpturum
964 2826 1115 2862 negotium
1141 2835 1175 2863 pa
1199 2827 1252 2866 agii

201 2859 408 2904 Transmarini,
427 2861 517 2891 didius
528 2859 669 2892 Robertus
682 2871 787 2900 paratus
807 2871 865 2893 erat
887 2873 955 2894 cum
976 2863 1061 2901 Rege
1081 2864 1252 2895 transfretare

197 2898 351 2935 praedic'to,
368 2897 512 2929 dictumve
524 2899 682 2937 Paffagium
701 2900 840 2932 affumere
862 2901 900 2937 (fi
923 2901 1015 2932 dietus
1038 2901 1104 2932 Rex
1124 2901 1252 2933 Franciae

197 2936 234 2966 ab
247 2935 431 2979 assumptione
444 2936 513 2967 dieti
525 2939 629 2976 negotii
642 2938 756 2970 duceret
766 2939 980 2976 abstinendum)
996 2940 1030 2971 δε
1046 2940 1111 2971 illud
1124 2941 1251 2981 prosequi

197 2974 391 3013 personaliter,
409 2975 453 3005 vel
468 2985 516 3013 per
532 2974 678 3006 Comitem
694 2977 883 3007 antedicCtum:

238 3012 295 3042 Cui
309 3013 345 3043 fic
358 3013 501 3043 noscimur
511 3014 694 3051 respondisse,
712 3015 788 3054 quod
806 3015 950 3054 quousque
962 3015 1067 3047 Pacem
1084 3024 1179 3047 tecum
1202 3017 1253 3049 ha-

199 3051 315 3089 berent,
333 3051 366 3082 &
378 3051 471 3082 forent
487 3053 659 3083 reconciliati
673 3052 821 3092 Ecclesiae,
839 3063 899 3083 non
914 3062 971 3084 erat
987 3054 1106 3092 decem,
1131 3065 1184 3086 nec
1204 3065 1251 3086 ex-

205 3089 317 3127 pediens
336 3090 414 3127 quod
439 3100 492 3121 nos
513 3090 584 3130 ipsos
605 3091 830 3128 admitteremus,
854 3101 920 3122 curn
934 3092 1018 3130 Rege
1036 3092 1189 3132 praedieto,
1207 3094 1253 3125 vel

202 3128 295 3165 aliter,
313 3127 347 3158 ad
359 3129 581 3167 prosecutionem
597 3131 701 3169 negotii
715 3129 870 3170 supradidti.

238 3165 348 3195 Verum
364 3165 471 3197 Comes
486 3167 651 3206 praedidtus,
669 3168 785 3199 asserens
799 3168 825 3198 se
838 3168 1032 3199 Concordiam
1052 3169 1086 3200 ὃς
1106 3169 1252 3200 Reconci-

200 3204 341 3234 liationem
355 3203 509 3242 hujusmodi
522 3205 730 3238 desiderabiliter
744 3207 892 3245 affectare,
910 3207 992 3240 nobis
1013 3208 1116 3238 obtulit
1137 3208 1163 3239 se
1183 3208 1251 3240 fide-

201 3243 260 3273 liter
273 3243 305 3273 &
318 3241 427 3273 solerter
441 3244 625 3274 laboraturum
640 3254 690 3284 pro
704 3245 755 3275 illis
764 3269 773 3284 ‚
788 3245 808 3275 fi
822 3255 875 3276 nos
887 3245 921 3275 ad
935 3255 1028 3276 earum
1042 3246 1190 3277 tractatum
1204 3247 1253 3278 da-

203 3292 234 3311 re
246 3281 360 3323 velimus
373 3290 486 3320 operam
502 3281 665 3320 efficacem,
688 3285 762 3314 circa
782 3294 867 3328 quem
887 3283 968 3314 vaide
987 3284 1070 3323 utile,
1092 3286 1253 3324 quinimmo

204 3319 386 3360 necessarium
401 3320 562 3358 reputabat,
578 3321 658 3359 qubd
670 3322 698 3351 in
713 3322 806 3352 littei-is
819 3323 1026 3361 exhortatoriis,
1044 3333 1092 3360 per
1107 3333 1159 3354 nos
1174 3323 1255 3355 dicito

201 3357 334 3388 Roberto
350 3360 427 3395 iupcr
440 3358 496 3388 hoc
510 3358 678 3397 dirigendis,
695 3360 745 3389 sub
759 3360 861 3390 Titulo
876 3360 971 3399 Regio
995 3361 1190 3393 scriberemus:
1212 3372 1255 3394 te—

201 3406 270 3426 nens
285 3395 400 3425 indubie
415 3396 493 3433 quod
509 3396 545 3428 fic
559 3397 649 3427 dietus
664 3397 806 3428 Robertus
821 3398 995 3429 Concordiae
1007 3400 1040 3430 &
1062 3399 1255 3432 Reformatio-

202 3436 232 3464 ni
249 3434 387 3474 praedidtis
402 3435 533 3472 prompte
548 3436 733 3472 consentiret,
753 3435 816 3466 alias
834 3445 926 3466 autern
945 3438 1124 3475 probabiliter
1140 3441 1255 3471 vereba-

203 3481 248 3503 tur
260 3471 356 3512 quod,
374 3471 408 3509 fi,
424 3472 503 3502 dicto
525 3471 664 3510 suppresso
678 3473 799 3512 Titulo,
817 3474 997 3505 scriberemus
1021 3498 1031 3514 ,
1049 3477 1107 3514 ipse
1126 3488 1187 3508 non
1207 3479 1254 3510 ad-

205 3511 297 3541 mittat
312 3511 426 3541 Litteras
439 3520 491 3540 nec
513 3509 680 3552 Tractatum
692 3533 702 3548 ,
720 3511 765 3541 sed
786 3512 865 3550 quod
886 3514 927 3542 im
948 3512 1066 3544 ediretur
1085 3516 1256 3552 praedistum

203 3549 313 3588 penitus
341 3550 504 3588 negotium,
522 3551 591 3579 licut
622 3549 711 3580 extitit
729 3571 740 3587 ,
766 3551 913 3582 occasione
952 3551 1105 3592 ujusmodi,
1123 3554 1255 3586 haCtenus

203 3588 382 3626 impeditum.

239 3626 308 3656 Nos
331 3635 441 3664 autem,
1233 3649 1243 3656 .

239 3664 303 3702 Qii
316 3663 420 3694 Pacem
439 3665 472 3695 &
495 3663 769 3706 Reconciliationem
790 3665 935 3704 praedietas
957 3666 1164 3707 multipliciter,
1185 3668 1255 3701 ficut

201 3702 401 3741 praemifimus,
417 3703 568 3740 profuturas
580 3704 690 3732 intensis
704 3702 883 3734 deiideramus
895 3704 1043 3736 affectibus
1055 3728 1065 3744 ,
1083 3706 1254 3738 attendentes

198 3741 280 3778 quOd
289 3740 351 3778 Juri
364 3742 397 3772 ὃς
410 3741 514 3771 honori
527 3749 577 3771 tuo
590 3740 675 3772 nichil
689 3740 874 3780 decresceret,
890 3752 944 3773 nec
961 3743 1022 3781 Juri
1039 3744 1165 3783 praedieti
1189 3745 1254 3776 Ro-

201 3778 272 3808 berti
283 3780 468 3817 accresceret,
486 3780 556 3810 sicut
570 3779 632 3809 alliis
646 3780 695 3809 tibi
710 3779 838 3818 scripsisse
852 3781 1046 3819 meminimus,
1063 3781 1177 3813 Titulus
1190 3793 1251 3815 me-

204 3825 327 3847 moratus
341 3817 512 3858 scriptionis,
549 3817 661 3855 uodque
675 3818 774 3847 litterae
787 3818 906 3857 nostrae,
922 3819 999 3858 super
1014 3820 1154 3857 praedietis
1169 3821 1253 3853 desti-

200 3855 319 3892 nmdae,
337 3855 374 3886 fic
389 3855 421 3886 ad
435 3856 527 3894 ipsum
574 3857 707 3886 obertum
721 3855 828 3893 poffent
841 3857 927 3887 libere
941 3859 1097 3896 pervenire,
1113 3869 1176 3898 quae
1189 3861 1252 3891 alias

200 3893 386 3934 nequiverunt
397 3917 406 3930 ,
426 3895 494 3925 sicut
509 3894 600 3934 Regia
614 3904 673 3924 non
687 3895 797 3932 ignorat
811 3894 955 3931 prudentia
965 3918 975 3934 ,
998 3897 1103 3926 ratione
1124 3898 1251 3929 omiffio-

201 3939 242 3959 nis
257 3931 381 3966 praedicti
397 3932 506 3970 Tituli,
523 3933 695 3971 praesenrari,
714 3941 825 3969 propter
839 3932 916 3970 quod
929 3933 1057 3964 traetatus
1068 3933 1154 3966 dietae
1168 3935 1250 3967 Con-

198 3967 304 3998 cordiae
313 3968 451 4011 'haetenus
464 3972 553 4001 extitit
564 3970 734 4009 dispendiose
749 3971 870 4001 nimium
885 3971 1049 4010 impedituS,

232 4003 578 4077 Pr<2³y1de3t1ianli>Rquiam
590 4008 787 4049 exhortamur,
804 4010 929 4049 quatinus
940 4033 951 4049 ‚
968 4009 1112 4048 praemiffis
1125 4011 1156 4043 in
1172 4012 1247 4050 scru-

1303 140 1775 190 PussticA,
2284 151 2338 202 89

1291 224 1360 255 tinio
1375 225 1478 257 debitae
1502 232 1726 264 considerationis
1745 233 1870 266 adduffis
1891 235 1898 238 “
1919 230 1986 265 velit
2004 229 2093 274 Regia
2112 229 2338 274 circumspectio
2356 231 2432 265 Ann.
2448 233 2491 266 DJ

1291 266 1484 309 aequanimiter
1501 268 1616 312 tolerare
1630 294 1639 308 ,
1653 272 1741 313 *quod
1763 282 1814 303 nos
1834 255 1985 303 scribamus
2003 273 2095 304 eidem
2118 273 2250 304 Roberto
2263 295 2274 312 ,
2291 272 2341 304 sub

1291 299 1395 331 Titulo
1408 302 1507 342 Regiae
1520 305 1680 345 Dignitatis

1329 339 1421 377 Qiod
1436 350 1528 372 autem
1541 353 1709 376 memoratus
1722 346 1830 377 Comes
1841 350 1944 386 quaevis
1958 349 2025 388 alia,
2044 349 2108 387 tibi,
2117 348 2162 379 vel
2175 348 2281 393 Regno
2289 353 2341 380 tuo

1290 378 1499 421 praejudicialia,
1518 383 1689 420 proposuerit
1703 394 1802 414 coram
1815 387 1896 417 nobis
1909 388 2046 425 (quamvis
2060 387 2149 417 forsan
2164 387 2262 431 Regiae
2270 386 2342 418 Pro*

1290 414 1420 446 videntiae
1433 421 1620 464 contrarium,
1638 422 1707 452 sicut
1724 425 1904 467 accepimus,
1925 426 1957 456 sit
1975 424 2159 464 suggestum)
2175 426 2344 457 fulcimento

1289 462 1397 491 carere,
1415 465 1474 485 non
1487 457 1526 486 est
1540 458 1675 498 dubium,
1694 461 1821 491 veritatis.

1326 491 1395 536 Nos
1406 494 1483 523 enim
1497 494 1541 525 illa
1553 506 1611 526 non
1625 498 1820 529 audivissemus
1835 500 2251 539 quomodolibet,negotiorum
2265 501 2337 533 Pro-

1290 530 1447 573 motoribus
1460 541 1518 575 non
1533 536 1653 578 vocatis,
1671 535 1716 566 sed
1730 546 1782 566 nec
1795 547 1827 567 ea
1841 539 1940 576 etiam,
1957 540 2072 570 dilectus
2096 540 2179 570 Filius
2193 563 2202 578 ,
2220 540 2338 571 Nobilis

1290 566 1361 610 Vir,
1380 568 1517 600 Henricus
1529 570 1675 604 Dominus
1687 574 1723 603 de
1738 575 1867 613 Soliaco,
1889 575 2068 608 Buticularius
2090 578 2230 617 Franciae,
2247 579 2339 609 hono-

1290 614 1326 635 ris
1347 607 1381 637 ὅ(
1401 608 1552 652 commodi
1574 610 1658 653 Regii
1678 611 1793 643 Zelator
1815 613 1934 643 fervidus
1948 637 1957 652 ,
1989 618 2038 655 qni
2059 618 2175 655 praesens
2195 618 2284 648 extitit
2309 619 2340 647 in

1289 645 1423 674 omnibus
1435 646 1612 686 supradictis,
1627 650 1776 687 aliqualiter
1799 651 1956 682 admisisset.

1328 681 1396 713 Dat.
1416 683 1552 715 Aviniou.
1570 685 1611 717 Id.
1625 686 1758 726 Januatii,
1776 688 1960 720 Pontificatfis
1972 690 2062 721 nostri
2075 701 2149 722 anno
2163 694 2275 725 odiavo.

1919 766 1971 796 Sub
1978 765 2040 806 filis
2055 767 2183 798 canabeis.

2379 282 2463 313 1324.

2356 313 2424 340 Edv.
2442 319 2469 340 2.

1299 883 1467 932 *Proccffits
1493 898 1596 920 contra
1620 889 1793 936 Epifiopum
1813 886 2035 935 Wntonienftm
2054 917 2063 932 ‚
2081 891 2171 936 fhper
2195 894 2346 940 Negotiis,
2362 902 2492 942 *1v1303

1410 933 1471 977 fibi
1491 937 1652 981 injunifflis,
1682 941 1714 970 in
1741 941 1836 971 Curia
1859 941 1994 970 Romana
2021 938 2213 984 expediendis.

1290 1018 1386 1078 DO
1394 1027 1420 1049 M
1431 1029 1442 1050 1
1452 1029 1473 1050 N
1484 1029 1506 1050 υ
1517 1030 1529 1051 s
1543 1020 1574 1050 R
1582 1030 1600 1051 E
1609 1030 1626 1051 x
1640 1020 1782 1052 mandavit
1792 1020 1953 1060 Justiciariis
1964 1023 2016 1054 suis
2028 1022 2075 1054 hic
2091 1022 2178 1055 Breve
2192 1024 2281 1064 suurn,
2293 1027 2342 1058 sub
2358 1026 2434 1057 Ann.
2448 1026 2490 1062 D„

1373 1057 1488 1089 Privato
1500 1059 1601 1096 Sigillo
1615 1059 1681 1097 suo,
1699 1060 1727 1089 in
1746 1060 1808 1090 haec
1823 1061 1924 1099 verba,

2382 1074 2466 1105 1324.

2359 1107 2410 1131 An.
2430 1111 2472 1140 1‘7.

1289 1133 1414 1194 EDw
1424 1144 1521 1173 ARD,
1537 1145 1586 1173 par
1600 1135 1624 1166 la
1637 1144 1719 1175 grace
1731 1135 1766 1166 dc
1778 1135 1875 1180 Diffi,
1893 1136 1953 1167 Roi
1975 1137 2165 1177 d'Engleterre
2178 1163 2188 1177 ,
2206 1139 2252 1171 Sei
2272 1141 2340 1172 neur
2358 1145 2387 1168 Ε.
2411 1152 2438 1171 2.

1355 1173 1492 1204 d’Ireland
1502 1197 1511 1211 ,
1529 1175 1562 1205 δε
1579 1173 1662 1204 Ducs
1675 1174 1892 1214 d'Aquitaigne,
1908 1184 1924 1204 a
1940 1185 1993 1206 nos
2007 1177 2094 1207 cheirs
2104 1179 2137 1208 δε
2149 1179 2231 1208 foialx
2243 1202 2252 1217 ,
2292 1190 2341 1211 en-
2358 1180 2445 1210 Placit.

1288 1214 1309 1242 ri
1324 1213 1360 1243 de
1377 1211 1518 1243 Staunton
1533 1236 1542 1251 ,
1559 1212 1597 1243 ses
1618 1211 1854 1251 Compaignouns
1865 1235 1874 1252 ,
1888 1212 2007 1252 Justices
2030 1216 2065 1245 de
2085 1215 2180 1246 nostre
2202 1217 2313 1249 Baunks
2330 1242 2341 1257 ,
2358 1224 2490 1254 coramRea,

1288 1251 1391 1282 Salutz.

1325 1289 1413 1319 Nous
1430 1297 1500 1320 vous
1512 1299 1648 1320 enveoms
1662 1290 1688 1320 le
1702 1289 1874 1329 transescript
1889 1289 1955 1320 d’un
1971 1290 2052 1329 Bref,

1290 1328 1413 1359 mandez
1426 1338 1441 1358 a
1450 1327 1545 1366 Johan
1560 1329 1595 1359 de
1607 1327 1744 1359 Stratford
1753 1352 1763 1365 ,
1780 1329 1859 1359 soutz
1874 1328 1968 1359 nostre
1983 1338 2063 1369 grant

1325 1367 1354 1398 Si
1369 1377 1440 1397 vous
1452 1367 1599 1397 mandoms
1613 1376 1664 1405 qe,
1683 1377 1732 1404 par
1744 1376 1839 1397 vertue
1852 1367 1888 1398 de
1901 1367 2007 1397 mesme
2018 1368 2046 1398 le
2059 1367 2138 1407 Bref,
2162 1368 2253 1400 facetz
2267 1371 2346 1402 char-

1289 1414 1336 1445 ger
1352 1406 1376 1435 le
1389 1405 1430 1435 dit
1442 1404 1534 1442 johan
1544 1428 1553 1442 ,
1570 1405 1606 1436 de
1623 1415 1693 1435 nous
1707 1406 1845 1443 repondre
1858 1429 1867 1443 ,
1889 1405 2012 1436 devaunt
2029 1416 2101 1437 vous
2113 1429 2122 1444 ,
2141 1406 2185 1437 del
2201 1408 2296 1449 esploit
2314 1410 2350 1441 de'

1289 1443 1384 1474 nostre
1401 1443 1586 1482 Meflagerie,
1606 1443 1631 1474 le
1647 1444 1709 1482 quel
1724 1454 1796 1474 nous
1810 1444 1849 1474 lui
1862 1443 2072 1482 chargeasdmes
2086 1444 2211 1475 aitrefoiz
2230 1457 2246 1477 a
2267 1448 2350 1486 faire,

1289 1493 1304 1513 a
1317 1481 1409 1512 nostre
1423 1482 1500 1511 Seint
1523 1481 1619 1518 Piere,
1639 1482 1664 1511 le
1676 1481 1767 1520 Pape,
1785 1483 1819 1513 &
1833 1490 1920 1513 autres
1941 1491 1999 1513 noz
2023 1483 2106 1513 Amis
2120 1507 2130 1521 ,
2146 1493 2182 1514 en
2201 1483 2296 1516 Court
2313 1485 2350 1516 de

1289 1521 1411 1588 βοτηε,
1424 1520 1457 1551 &
1477 1519 1514 1550 de
1528 1520 1591 1559 quel
1606 1520 1626 1550 il
1639 1520 1666 1550 se
1677 1520 1791 1560 chargea
1803 1530 1850 1559 par
1864 1520 2044 1560 Endenture,
2068 1530 2145 1553 entre
2166 1532 2237 1554 nous
2253 1524 2287 1555 &
2309 1523 2349 1555 lui

1301 1567 1364 1589 aite:

1329 1597 1371 1627 La
1385 1596 1465 1635 quele
1477 1606 1547 1626 nous
1559 1597 1672 1627 voloms
1687 1607 1721 1636 qe
1734 1607 1804 1627 vous
1823 1597 1861 1628 lui
1886 1598 2060 1628 demaundez
2072 1621 2082 1637 ,
2100 1598 2134 1629 ὅ(
2158 1601 2299 1632 receivetz
2313 1600 2351 1632 de

1290 1635 1347 1672 lui,
1365 1635 1551 1674 enchargeant
1565 1635 1622 1673 lui,
1635 1635 1677 1665 sur
1690 1645 1761 1673 ceo,
1778 1636 1813 1665 de
1834 1636 1914 1673 point
1934 1645 1970 1666 en
1992 1638 2074 1674 point
2090 1660 2099 1674 ,
2129 1637 2293 1671 reddement
2311 1640 2349 1672 &-

1289 1674 1461 1711 esprement,
1479 1683 1565 1703 come
1580 1683 1649 1703 vous
1663 1674 1756 1704 savetz
1770 1674 1829 1713 plus
1843 1674 2013 1714 pleinment:

1324 1711 1362 1741 Et
1373 1712 1417 1742 del
1429 1711 1525 1750 esploit
1539 1711 1574 1742 de
1593 1720 1663 1742 tutes
1674 1712 1752 1743 altres
1767 1712 2021 1751 besoignes,dount
2034 1723 2105 1743 nous
2120 1714 2159 1744 lui
2174 1715 2347 1756 chargeams‚'

1294 1759 1310 1780 a
1322 1760 1376 1781 ceo
1389 1750 1435 1790 q’il
1451 1759 1468 1789 y
1482 1750 1524 1779 est
1537 1750 1703 1790 longement
1715 1750 1880 1789 demoretz,
1899 1762 1914 1781 a
1927 1759 2006 1790 grant
2019 1751 2164 1791 coustages
2176 1753 2212 1783 de
2226 1764 2314 1794 nous;

1325 1788 1372 1819 En
1385 1788 1578 1819 comaundant
1592 1797 1672 1819 outre
1687 1799 1721 1819 au
1733 1788 1895 1828 ditJohan,
1912 1789 1953 1820 sur
1969 1789 1995 1819 le
2009 1790 2096 1828 peril,
2113 1800 2148 1829 qe
2164 1800 2276 1832 appetit,
2299 1793 2347 1832 q'il

1289 1837 1360 1858 nous
1374 1827 1435 1857 face
1449 1827 1549 1857 liverer
1569 1835 1640 1858 rores
1655 1828 1692 1857 les
1707 1826 1809 1865 Bulles,
1827 1838 1865 1858 ou
1878 1828 1957 1858 altres
1973 1827 2098 1866 Lettres,
2111 1829 2197 1859 closes
2211 1841 2250 1861 ou
2265 1841 2349 1862 over-

1286 1874 1342 1904 tes,
1362 1865 1455 1904 queles
1469 1876 1538 1895 nous
1549 1865 1611 1896 sont
1626 1865 1775 1896 maundees
1808 1876 1836 1896 ar
1849 1867 1874 1896 le
1892 1867 1932 1897 dit
1943 1865 2052 1905 Johan,
2073 1867 2106 1897 &
2120 1876 2134 1896 a
2149 1878 2220 1899 nous
2233 1868 2351 1900 diredtes

1286 1914 1333 1942 par
1348 1904 1443 1934 nostre
1455 1904 1495 1934 dit
1511 1904 1590 1934 Seint
1618 1903 1701 1934 Piere
1715 1927 1724 1942 ,
1742 1904 1766 1934 le
1815 1914 1866 1945 ape
1878 1929 1887 1942 ,
1912 1906 1951 1934 od
1970 1905 2048 1934 altres
2092 1915 2265 1946 uecunques,
2284 1916 2349 1939 tou-

1286 1943 1417 1973 chauntes
1429 1943 1453 1973 la
1467 1944 1601 1987 repounse
1613 1953 1650 1973 en
1664 1942 1780 1982 l'esploit
1793 1942 1827 1973 de
1841 1942 1938 1973 nostre
1954 1943 1996 1974 dit
2015 1952 2063 1973 me
2086 1945 2176 1983 agerie
2189 1967 2200 1983 ,
2220 1946 2253 1977 δε
2273 1946 2351 1978 d'au-

1287 1990 1341 2012 tres
1359 1991 1410 2011 nos
1425 1981 1581 2020 bosoignes.

1325 2019 1350 2049 E
1363 2019 1444 2050 facez
1458 2021 1549 2049 overir
1565 2020 1603 2049 les
1616 2018 1716 2057 Bulles,
1732 2019 1765 2050 ὃς
1785 2019 1822 2049 les
1838 2019 1963 2058 Lettres;
1981 2020 2031 2058 &‚
2051 2020 2070 2050 si
2087 2031 2157 2051 vous
2168 2029 2267 2052 trouez
2282 2022 2348 2053 Bul-

1286 2058 1328 2096 le,
1347 2068 1386 2088 ou
1398 2058 1497 2126 gtfie,
1515 2058 1649 2088 touchant
1666 2057 1690 2087 sa
1704 2057 1855 2097 bosoigne,
1873 2059 1906 2089 &
1922 2059 2016 2088 nemie
2030 2058 2055 2089 la
2068 2058 2179 2098 nostre,
2201 2060 2227 2090 la
2248 2060 2286 2090 lui
2304 2061 2346 2092 fa-

1286 2105 1353 2126 cetz
1367 2106 1397 2126 re
1434 2106 1441 2125 i
1462 2106 1499 2125 er.

1324 2134 1404 2164 Don.
1423 2134 1503 2164 soutz
1516 2133 1610 2164 nostre
1621 2132 1705 2164 Prive
1719 2133 1796 2172 Seal,
1811 2144 1826 2164 a
1840 2133 2028 2167 Ravenesdale
2037 2157 2048 2173 ,
2066 2134 2092 2166 le
2107 2144 2146 2174 24
2159 2136 2222 2174 jour
2235 2135 2347 2168 deNo-

1286 2174 1421 2211 vember,
1439 2172 1493 2203 l'an
1505 2172 1540 2202 de
1553 2172 1650 2203 nostre
1665 2171 1768 2212 Regne
1787 2182 1831 2212 ¹7-

1323 2250 1411 2282 Nous
1424 2260 1496 2281 vous
1512 2249 1680 2280 maundoms
1692 2249 1719 2280 le
1741 2249 1912 2289 transescript
1936 2250 1972 2281 de
1990 2251 2015 2282 la
2035 2249 2114 2280 lettre
2126 2273 2136 2289 ,
2153 2259 2190 2289 qe
2207 2260 2280 2282 nous
2296 2253 2349 2283 en-⁴

1286 2290 1379 2321 vioms
1399 2299 1434 2319 au
1455 2289 1496 2319 dit
1518 2288 1633 2319 Maistre
1643 2287 1756 2326 Johan‚
1777 2289 1874 2319 enclos
1887 2288 2018 2320 dedeintz
2041 2288 2145 2327 cestee,
2169 2289 2206 2319 de
2219 2291 2256 2328 ‚qi
2276 2300 2350 2322 nous

1287 2328 1413 2365 voloms,
1432 2337 1467 2365 qe
1480 2338 1550 2359 vous
1565 2327 1631 2358 seitz
1646 2327 1744 2358 avisez.

1325 2404 1367 2435 Ii)
1376 2413 1393 2435 E
1403 2412 1430 2434 M
1444 2405 1528 2434 eriam
1544 2403 1690 2435 Dominus
1702 2402 1768 2434 Rex
1784 2403 1874 2441 mifit,
1893 2402 2012 2443 praefatis
2020 2402 2200 2442 Justiciariis,
2214 2404 2262 2436 hic
2275 2410 2349 2437 tram}

1288 2443 1422 2481 scriptum
1436 2443 1620 2482 praedietum,
1637 2443 1668 2472 in
1680 2442 1744 2473 haec
1757 2442 1858 2480 verba3

1288 2519 1415 2578 REX
1436 2518 1487 2551 Ma
1508 2520 1574 2550 istro
1586 2518 1712 2559 Johanni
1725 2518 1761 2549 de
1779 2518 1928 2549 Stratford.

1378 2558 1461 2589 Cum
1497 2559 1602 2596 udum,
1620 2567 1673 2594 pro
1688 2557 1817 2595 diversis,
1843 2556 1934 2587 arduis
1956 2556 1991 2587 &
2010 2557 2221 2597 urgentiffimis,
2245 2557 2353 2599 Nego³

1288 2597 1348 2634 tiis,
1363 2607 1434 2635 nos,
1450 2598 1484 2628 ὃς
1499 2597 1600 2628 statum
1612 2596 1740 2626 Coronae
1754 2596 1858 2626 nostrae
1893 2596 1927 2626 ὃς
1949 2594 2049 2631 Regni
2071 2595 2160 2626 nostri
2175 2619 2186 2634 ,
2206 2597 2353 2637 specialiter

1291 2636 1538 2674 contingentibus,
1554 2634 1749 2672 expediendis,
1767 2642 1796 2665 te
1807 2633 1842 2665 ad
1858 2618 1975 2664 Curiam
1989 2633 2154 2664 Romanam
2170 2636 2199 2664 in
2222 2634 2352 2666 nostrum

1290 2672 1443 2704 Nuncium
1458 2673 1632 2704 misissemus:
1656 2674 1689 2704 δε
1702 2681 1732 2703 tu
1746 2671 1803 2703 Iter
1818 2671 1901 2710 illud,
1919 2672 1953 2703 &
1966 2670 2200 2704 Prosecutionem
2221 2675 2352 2712 negotio-

1289 2722 1353 2742 rum
1368 2712 1568 2750 praedi&orum
1582 2712 1611 2742 in
1626 2720 1654 2742 te
1666 2710 1863 2749 assumpsisses:
1884 2712 1917 2742 δε
1929 2711 2003 2740 circa
2018 2710 2154 2747 praemissa
2169 2734 2179 2750 ,
2208 2712 2238 2741 in
2261 2710 2352 2743 Curii

1290 2750 1440 2789 praedicta,
1456 2760 1471 2780 a
1486 2760 1590 2790 magno
1603 2749 1910 2789 tempore,sumptibus
1929 2747 2030 2778 nostris
2049 2758 2159 2779 moram
2183 2747 2296 2788 feceris,
2314 2750 2350 2782 δε

1289 2799 1342 2819 nos

1328 2812 1432 2868 Nuper
1445 2828 1540 2859 audito
1553 2827 1588 2858 de
1604 2827 1724 2858 adventu
1748 2833 1799 2856 tuo
1818 2825 1888 2855 infra
1907 2824 2045 2863 Regnum
2065 2824 2195 2856 nostrum
2217 2826 2254 2856 de
2274 2825 2352 2858 dieta

1290 2865 1398 2904 Curia,
1416 2867 1543 2897 volentes
1556 2866 1636 2906 super
1655 2863 1832 2903 expeditione
1854 2866 2039 2901 negotiorum
2061 2863 2228 2895 nostrorum
2248 2865 2352 2903 praedi-

1289 2904 1401 2934 &orum
1415 2905 1569 2942 certiorari,

1327 2942 1457 2973 Diieetos
1473 2943 1506 2973 &
1523 2942 1615 2972 fideles
1630 2941 1743 2972 nostros
1756 2963 1767 2979 ,
1789 2940 1841 2971 Hu
1861 2950 1951 2971 onem
1969 2940 1996 2971 le
2017 2939 2170 2978 Despenser
2183 2940 2351 2981 juniorem,

1290 2979 1485 3011 Camerarium
1498 2979 1643 3018 nostrum,
1660 2978 1830 3010 Galfredum
1843 2950 1871 3009 ᾗ,
1884 2979 1994 3018 Scrop,
2007 2978 2199 3017 Justiciariutn
2224 2980 2351 3010 nostrum

1288 3018 1324 3049 de
1338 3019 1452 3058 Banco,
1466 3020 1498 3050 &
1512 3018 1684 3057 Magistrum
1700 3017 1863 3048 Robertum
1879 3018 1915 3048 de
1932 3017 2082 3057 Ayleston,
2107 3016 2265 3048 Custodem
2289 3017 2351 3048 Pri-

1288 3058 1344 3087 vati
1356 3057 1444 3097 Sigilli
1459 3057 1565 3095 nostri,
1583 3057 1749 3087 Secretarios
1762 3055 1892 3091 nostroe(
1902 3056 2002 3094 quibus
2013 3055 2156 3086 secretiora
2168 3057 2278 3094 negotia
2294 3066 2347 3086 no-

1288 3095 1342 3126 stra
1358 3097 1564 3126 committimus
1577 3095 1610 3126 &
1624 3095 1884 3129 communicamus)
1902 3095 1969 3132 tibi,
1987 3094 2060 3135 apud
2074 3093 2266 3132 Nottingham
2287 3095 2346 3124 exi-

1289 3132 1389 3172 stenti,
1408 3134 1591 3171 misissemus,
1608 3133 1768 3164 mandantes
1779 3133 1813 3164 &
1826 3134 1997 3173 injungentes
2012 3155 2021 3170 ‚
2039 3142 2086 3171 per
2116 3132 2225 3162 eosdem
2239 3154 2248 3169 ,
2267 3132 2348 3171 quod

1290 3181 1342 3202 nos
1360 3172 1437 3210 super
1454 3173 1521 3210 hiis,
1538 3182 1602 3211 quae
1616 3173 1644 3202 in
1657 3171 1737 3201 dietis
1753 3173 1871 3211 negotiis
1883 3171 1982 3201 nostris
1995 3169 2100 3208 fecisti,
2118 3171 2151 3200 &
2166 3170 2280 3206 qualiter
2297 3179 2346 3208 per

1288 3218 1317 3254 te
1330 3210 1427 3242 astum
1442 3211 1516 3242 sitin
1530 3211 1649 3249 eisdem,
1668 3209 1799 3241 distincite
1813 3211 1846 3241 &
1867 3212 1961 3250 aperte
1983 3219 2031 3249 per
2056 3208 2115 3237 illos
2135 3207 2263 3238 redderes
2283 3218 2346 3239 cer-

1287 3257 1386 3280 tiores:

1327 3287 1378 3318 Tu
1392 3288 1489 3326 nobis,
1527 3298 1554 3318 er
1567 3287 1659 3318 dictos
1674 3286 1766 3317 fideles
1780 3287 1906 3323 nostros,
1931 3286 1976 3315 seu
1991 3284 2093 3314 eisdem
2110 3306 2120 3322 ,
2145 3285 2264 3314 nomine
2293 3294 2345 3314 no·

1290 3325 1349 3356 stro
1365 3349 1374 3364 ,
1389 3327 1455 3357 inde
1469 3298 1632 3364 resEondere
1645 3325 1775 3363 noluisti,
1797 3335 1851 3356 nec
1865 3323 1983 3362 curasti,
1999 3324 2092 3353 immo
2110 3323 2199 3353 verius
2211 3330 2342 3353 contem-

1291 3364 1365 3404 psisti
1399 3365 1492 3403 unde,
1509 3375 1568 3395 non
1585 3364 1728 3395 immerito
1735 3374 1747 3401 ,·
1758 3363 1967 3393 conturbamur.
2323 3399 2329 3404 ·

1328 3387 1401 3433 Tibi
1415 3404 1496 3443 igitur
1508 3404 1684 3441 praecipimus
1698 3402 1812 3432 firmiter
1833 3402 2034 3444 injungent-es,
2058 3398 2159 3442 quod,
2184 3400 2213 3428 in
2234 3397 2347 3442 proprii

1291 3441 1408 3478 persona
1421 3442 1468 3472 tufi
1484 3464 1494 3479 ‚
1512 3442 1543 3471 iis
1559 3451 1655 3471 coram
1669 3439 1783 3477 Nobis,
1800 3439 1851 3469 hac
1867 3439 1979 3469 instanti
1992 3438 2037 3468 die
2051 3438 2166 3468 Veneris
2175 3458 2189 3479 ³.
2198 3446 2228 3465 1n
2248 3436 2345 3504 Qun-

1290 3479 1362 3510 den-23⁴
1376 3480 1461 3510 sancti
1477 3479 1610 3517 Martini,
1629 3480 1793 3516 ubicunque
1810 3486 1880 3508 tunc
1902 3476 2036 3507 fuerimus
2056 3477 2083 3505 in
2105 3473 2226 3513 Anglii,
2249 3484 2276 3503 vi
2297 3474 2349 3505 eli=

1290 3526 1354 3555 cet,
1372 3528 1468 3549 coram
1480 3518 1588 3548 dileetis
1602 3519 1635 3548 &
1650 3517 1774 3547 fidelibus
1787 3515 1888 3546 nostris
1902 3539 1911 3554 ,
1930 3515 2060 3545 Henrico
2080 3513 2114 3542 de
2134 3512 2272 3542 Staunton
2282 3535 2292 3551 ,
2310 3513 2345 3544 ὃς

1292 3557 1379 3587 sociis
1395 3557 1446 3586 suis
1460 3555 1625 3594 Justiciariis
1638 3555 1738 3586 nostris
1751 3555 1850 3584 locum
1864 3553 1989 3596 nostrum
1998 3574 2009 3590 ,
2026 3561 2073 3589 per
2087 3551 2149 3580 haec
2165 3550 2261 3588 verba,
2279 3551 2345 3580 ubi-

1291 3604 1405 3634 cunque
1417 3603 1486 3625 tunc
1502 3594 1636 3625 fuerimus
1649 3594 1680 3623 in
1695 3592 1814 3631 Anglii,
1831 3591 1997 3627 tenentibus,
2010 3590 2043 3619 ad
2059 3587 2280 3632 respondendum
2287 3599 2344 3632 rio-

1292 3634 1335 3663 bis
1345 3633 1380 3664 de
1393 3641 1579 3672 contemptu,
1598 3632 1632 3663 &
1647 3631 1703 3661 aliis
1724 3631 1898 3673 supradietis,
1922 3629 1955 3659 &
1977 3627 2010 3658 ad
2032 3626 2193 3657 faciendum
2215 3626 2343 3666 ulterius,

1290 3671 1368 3710 quod
1383 3672 1433 3702 tibi
1445 3680 1513 3702 tunc
1525 3681 1560 3702 ex
1574 3679 1650 3711 parte
1664 3668 1759 3700 nostra
1772 3669 1944 3705 injungetur:
2027 3704 2032 3709 ¹
2310 3705 2316 3710 ⁸

1329 3709 1388 3740 *Et
1402 3709 1458 3740 hoc
1467 3732 1477 3747 ,
1491 3709 1560 3740 sicut
1573 3718 1600 3739 te
1614 3708 1795 3745 indempnem
1811 3705 1916 3736 servare
1927 3702 2141 3741 voluens‚nuilo
2152 3701 2243 3733 modo
2256 3711 2346 3736 omit·

1289 3755 1346 3786 tas,
1364 3747 1402 3778 Et
1418 3747 1515 3777 habeas
1529 3747 1569 3776 ibi
1584 3747 1642 3777 hoc
1659 3746 1761 3776 Breve:
1820 3782 1825 3787 ι
2196 3780 2201 3785 1

1325 3786 1463 3817 Volumus
1476 3786 1576 3822 etiam,
1594 3785 1627 3814 &
1645 3784 1696 3813 tibi
1710 3783 1907 3822 praeciplmus,
1921 3778 2002 3818 quod
2023 3779 2059 3810 de
2080 3778 2260 3817 Receptione
2274 3790 2346 3820 prae-

1288 3824 1369 3854 sentis
1384 3824 1476 3854 Brevis
1491 3821 1596 3859 nostri,
1614 3822 1647 3852 &
1662 3820 1697 3850 de
1711 3821 1757 3850 die
1776 3821 1809 3851 ὅ(
1823 3819 1893 3849 110ῑὲ
1906 3819 2073 3856 receptionis
2085 3817 2224 3862 ejusdem,
2242 3818 2345 3850 Billam

1286 3863 1336 3892 sub
1348 3861 1449 3899 Sigillo
1464 3869 1514 3892 tuo
1527 3859 1674 3890 Patentem
1689 3858 1789 3896 facias,
1806 3859 1839 3889 ὃς
1863 3867 1913 3895 per
1935 3856 2070 3889 Latorem
2091 3856 2272 3896 praesentlurn
2289 3867 2343 3888 no·-

1285 3901 1327 3930 bis
1340 3901 1441 3931 mittas.
1915 3916 1917 3921 ι

1321 3938 1411 3970 Teste
1422 3936 1508 3976 Rege
1522 3935 1594 3976 apud
1608 3933 1810 3974 Notingham,
1827 3943 1866 3967 22
1880 3933 1926 3965 die
1947 3931 2126 3966 Novembris
2137 3955 2149 3973 ,
2165 3943 2258 3972 anno,
2280 3934 2347 3965 &m

1287 3986 1322 4016 ¹7

1726 4047 1763 4081 M
2212 4046 2340 4086 Ivem,

2356 1268 2387 1294 ge
2401 1260 2454 1285 Ros.

2074 1292 2229 1361 {gi-⁰⁰⁰⁵
2246 1303 2345 1327 avoms
2363 1295 2408 1334 38·

2362 3713 2490 3751 ‘1v.3i;
