2562 4279
0 209 48 230 nn.
63 197 104 229 D.

0 245 78 278 [324.

0 279 41 304 dv.
60 285 86 304 2.

0 388 51 410 nn.
62 378 104 409 D.

0 425 80 458 1324.

1 468 26 484 n.
47 465 86 491 57.

0 504 52 569 ᾤ·
67 541 107 567 17.

0 593 5 598 .
27 580 52 598 2.

0 619 13 638 *-
30 619 56 637 2.

0 1555 60 1583 lnn.
75 1551 116 1583 D.

3 1600 89 1631 1324.

0 1634 36 1658 ln.
55 1640 95 1667 ¹7·

0 1712 57 1735 (om.
76 1717 116 1743 17.

0 1766 19 1810 ἶ.
36 1785 63 1812 ⁶.

115 120 169 168 98

295 288 359 320 'illa
376 285 413 319 de
433 280 568 326 Forccffio
585 285 618 314 in
634 284 760 330 Agenno
777 292 898 315 annexa
917 283 1041 315 Coro-aae.

122 373 250 432 REX
267 373 415 408 omnibus,
435 369 472 400 ad
485 376 572 408 quos,
589 369 652 400 &c.
669 368 792 400 salutem.

229 411 335 442 Fideles
348 434 357 449 ,
380 411 412 440 &
433 410 507 438 bene
528 408 642 438 meritos
656 432 666 447 ,
685 417 718 438 ac
743 407 840 447 Regiis
854 406 994 444 obsequiis
1007 404 1086 436 utiles
1104 412 1187 443 atque

122 459 270 490 promptos
281 473 290 488 ,
307 449 429 488 Regiam
446 448 527 478 decet
548 446 753 485 providentiam
768 447 819 477 suis
831 444 978 477 affectibus
997 445 1086 474 taliter
1100 453 1188 474 anne-

123 492 199 521 erere
212 489 329 519 vinculis
346 490 378 518 ὅτ
399 487 481 517 unire
493 509 503 524 ,
522 495 570 524 ut,
587 487 625 516 de
643 485 782 524 promptis
798 509 808 524 ,
827 484 862 515 ad
879 483 1112 523 Opportunitates
1128 482 1188 512 Re-

123 530 194 572 gias,
214 538 263 568 per
274 526 399 565 ipsorum
415 525 523 555 servitia
537 524 691 564 fructuosa,
708 523 865 555 efficiantur
879 521 1069 562 imposterum
1084 520 1189 551 Prom-

141 576 233 597 tiores.

122 577 140 608 p
163 605 232 636 Nos
253 605 351 644 igitur,
371 602 405 633 ad
421 611 499 640 grata
513 602 547 633 δε
567 602 644 632 utilia
663 601 814 640 obsequia,
831 609 896 640 per,
914 599 1032 630 dilectos
1045 599 1077 629 &
1097 597 1191 628 fideles

121 644 251 681 nostros,
268 642 407 673 Comuics
418 643 452 674 ὃς
466 641 690 672 Universitatem
706 640 790 671 Villae
803 639 908 670 nostrae
929 640 964 669 de
978 636 1142 675 Forceffio,
1160 637 1191 666 in

122 682 293 714 Senescalcicl
314 681 427 721 Agenni
441 704 452 719 ,
468 680 627 720 frequenter
648 680 682 710 &
704 679 806 710 utiliter
825 679 908 709 nobis
930 676 1070 718 impensa,
1086 676 1191 706 nostrae

122 721 355 753 considerationis
367 720 502 750 intuitum
517 720 682 758 dirigentes,

160 759 359 790 Conceffimus
372 760 426 798 eis,
446 768 499 798 pro
514 759 614 795 nobis,
631 758 663 788 &
678 756 849 787 Haeredibus
863 755 964 786 nostris
979 777 988 791 ,
1003 764 1052 793 per
1066 753 1114 783 has
1127 752 1192 783 Lit-

122 808 192 829 teras
213 797 321 829 nostras
340 796 470 829 Patentes
482 820 492 835 ‚
516 798 652 836 perpetuo
672 796 814 826 duraturas
827 817 836 831 ,
855 793 934 832 quod
950 792 1116 831 praediecam
1129 791 1192 822 Vil-

122 838 198 875 lam,
218 838 275 868 sive
285 837 354 876 Jura
375 837 408 868 &
424 836 595 866 Pertinentia
608 834 728 871 ejusdem
739 857 749 873 ,
769 843 816 871 per
831 832 1029 862 Donationem
1043 854 1053 869 ,
1071 830 1191 861 Permu-

122 877 258 907 tationem
268 899 278 914 ,
296 876 342 906 vel
357 876 458 913 quovis
473 875 527 905 alio
542 873 650 911 modo,
670 882 743 903 extra
757 881 874 902 manum
890 870 1014 939 Regiam
1028 879 1087 900 non
1102 879 1192 908 pone-

124 925 212 952 mus,
230 915 288 945 hoc
309 913 512 950 tantummodo
531 921 652 949 excepto
666 935 676 950 ,
694 911 773 950 quod
787 909 862 941 Villa
875 919 932 949 prae
954 909 1009 939 ieta
1022 933 1031 947 ,
1051 918 1120 939 cum
1139 908 1192 937 suis

122 952 239 992 Juribus
254 961 301 983 aut
315 952 493 983 Pertinentiis
508 951 665 990 przedictis,
684 960 733 990 per
748 960 799 979 nos
811 972 820 987 ,
839 949 872 979 ὃς
888 947 1023 978 Haeredes
1038 969 1047 985 ,
1067 947 1100 977 &
1118 946 1191 977 Suc-

125 991 248 1023 ceffores
269 991 380 1021 nostros
395 1015 404 1030 ,
419 991 534 1028 nostrO,
553 991 586 1020 &
600 990 723 1029 ipsorum
738 986 897 1019 Haeredum
912 1010 922 1025 ,
940 987 973 1017 ὃς
990 984 1192 1016 Successorum

125 1030 291 1061 nostrorum
312 1030 512 1069 Primogenitis
532 1031 595 1066 (tan
618 1037 682 1058 uam
698 1028 796 1058 futuris
816 1025 989 1056 Haeredibus
1012 1024 1107 1064 Regni
1130 1024 1192 1054 An-

124 1069 190 1110 gliae
204 1092 214 1108 ,
233 1069 266 1100 ὃς
290 1068 422 1100 Ducatfis
444 1068 605 1106 Aquitaniae
643 1066 703 1097 dari
724 1067 814 1096 valeat
835 1065 868 1095 &
883 1063 1022 1101 concedi,
1042 1064 1075 1095 &
1089 1062 1169 1102 quod
1182 1085 1192 1100 ,

123 1118 160 1139 eo
176 1108 376 1147 nihilominus,
396 1107 524 1139 Coronae
539 1106 635 1146 Regni
646 1105 758 1145 Angliae
771 1103 920 1144 specialiter
935 1103 1087 1141 conjuncta
1102 1111 1192 1133 rema-

123 1156 191 1178 neat
205 1147 238 1177 ὃς
250 1155 364 1176 annexa.

164 1184 198 1215 Iu
213 1185 307 1222 cuius,

201 1222 291 1254 Teste
303 1222 387 1263 Rege
401 1222 475 1262 apud
488 1219 794 1260 Westmonasterium,
814 1219 988 1251 duodecimo
1000 1218 1046 1249 die
1063 1217 1144 1249 Maii.

768 1299 823 1327 Per
835 1295 917 1336 ipficm
929 1298 1033 1334 Regem.

218 1427 269 1460 De
289 1423 460 1474 Rcymundo
477 1423 614 1470 Epist-opo
632 1420 786 1455 Condomii
811 1419 856 1453 ad
870 1421 985 1453 Locum
998 1418 1098 1451 alium

554 1469 772 1516 transferendo.

187 1558 288 1591 APAE
309 1558 375 1589 Rex
389 1558 492 1593 devota
524 1557 614 1588 edum·
622 1557 715 1588 oscula
731 1557 892 1587 beatorum.

232 1598 292 1629 Pro
312 1597 433 1629 sedandis
452 1597 495 1628 Di
508 1596 611 1628 cordiis
624 1619 634 1634 ,
655 1605 720 1636 quae
736 1596 808 1626 inter
825 1594 873 1625 Re
894 1593 1035 1625 mundum
1051 1616 1061 1631 ,
1078 1588 1197 1630 Episco-

132 1648 202 1677 pum
217 1636 395 1675 Condomii,
412 1646 445 1667 ac
458 1635 594 1676 quosdam
610 1634 775 1672 Ministros,
795 1632 862 1664 Con
877 1633 1005 1672 ulesque,
1023 1641 1056 1662 ac
1070 1630 1199 1661 Univer-

132 1678 238 1709 sitatem
258 1674 390 1707 Civitatis
410 1674 516 1706 nostrae
538 1672 700 1704 Condomii
714 1697 723 1711 ‚
741 1672 850 1703 dudum
864 1681 971 1702 exortae
982 1672 1090 1701 fuerant
1102 1693 1112 1708 ,
1131 1669 1201 1708 ejus-

132 1716 199 1747 dem
215 1714 348 1754 Episcopi
363 1714 469 1745 malitia
483 1713 540 1744 hoc
553 1720 667 1752 agente,
679 1711 713 1742 &
728 1711 857 1749 periculis
872 1712 968 1749 variis,
987 1708 1086 1739 exinde
1104 1709 1201 1738 immi-

133 1755 265 1786 nentibus
280 1775 290 1790 ,
307 1753 416 1784 cautius
434 1752 606 1783 declinandis
617 1774 626 1788 ‚
652 1751 709 1781 vias
729 1751 762 1780 &
784 1749 887 1779 modos
905 1748 1104 1787 exquisivimus
1118 1770 1127 1786 ,
1152 1756 1202 1784 per

131 1804 203 1834 quos
224 1793 256 1824 &
274 1791 371 1823 Errata
385 1793 515 1829 corrigi,
540 1791 573 1822 δε
594 1789 701 1830 Ruptae
723 1788 896 1819 Dilectionis
915 1787 1035 1818 Fcedera
1050 1786 1202 1825 potuissent

134 1831 320 1864 amicabiliter
334 1831 496 1860 reformari:

171 1871 221 1902 Set
234 1870 311 1900 idem
331 1868 487 1906 Episcopus
501 1891 511 1906 ,
530 1876 564 1897 ex
584 1866 642 1897 hoc
662 1866 783 1903 amplius
797 1866 827 1896 in
839 1865 1003 1896 Tumorem
1021 1864 1047 1894 se
1063 1863 1200 1903 efferens,

132 1910 191 1942 tam
206 1909 287 1939 nobis
302 1931 311 1945 ,
329 1909 415 1945 quam
436 1907 515 1937 dietis
538 1905 677 1936 Ministris
695 1904 796 1936 nostris
810 1928 819 1941 ,
835 1914 951 1935 necnon
973 1902 1143 1933 Consulibus
1166 1904 1200 1933 &

133 1947 314 1978 Universitati
337 1946 477 1984 praedietis
490 1969 499 1985 ‚
518 1946 620 1982 maiora
635 1943 738 1975 studuit
753 1943 854 1974 inferre
872 1943 1052 1983 gravamina,
1072 1942 1128 1972 tam
1152 1952 1202 1980 per

133 1986 357 2026 Appellationes,
377 1985 502 2015 Frivolas
517 1985 549 2014 ὃ(
565 1983 696 2020 Iniustas,
712 1982 745 2013 ad
758 1982 877 2012 Curiam
890 1982 1033 2019 Franciae,
1049 1983 1135 2019 quam
1152 1990 1202 2018 per

132 2023 446 2055 Excommunicationis
458 2024 490 2054 &
506 2021 716 2052 Interdietionis
730 2019 885 2051 Sententias
895 2021 939 2058 ,in
953 2019 1025 2056 ipsos
1042 2018 1202 2058 Ministros‚

132 2073 166 2094 ac
180 2062 332 2100 Consules,
349 2063 381 2092 ὃς
398 2061 618 2092 Universitatem
631 2059 784 2100 praedffltos
799 2059 958 2090 voluntarie
973 2058 1177 2095 promulgatas:

173 2102 217 2132 Ex
238 2103 337 2141 quibus
350 2124 359 2139 ,
379 2111 431 2131 nec
455 2101 601 2130 immerito
615 2121 625 2138 ,
649 2099 753 2130 turbati
772 2099 873 2135 pariter
896 2098 928 2128 ὃ(
948 2098 1091 2128 commoti
1108 2119 1118 2134 ,
1142 2096 1205 2126 alias

136 2140 239 2172 vestrae
261 2139 405 2170 Suniiitati
421 2162 431 2178 ,
448 2140 550 2170 votivo
572 2137 708 2169 desiderio
722 2161 732 2176 ,
750 2147 804 2168 nos
819 2137 1002 2167 meminimus
1022 2134 1204 2174 supplicasse,

137 2189 185 2218 ut,
203 2190 256 2218 pro
271 2177 443 2209 refraenanda
456 2177 533 2209 tanta
549 2177 629 2216 ipsius
642 2175 776 2214 Episcopi
791 2175 913 2214 malitia,
933 2185 967 2205 ac
987 2174 1114 2205 scandalo
1128 2174 1205 2204 aufe-

136 2219 225 2249 rendo
239 2241 248 2254 ,
266 2218 298 2248 &
321 2227 352 2249 ut
395 2214 513 2248 Paterna
534 2214 716 2246 Providentia
730 2237 740 2253 ,
760 2215 836 2246 saluti
854 2215 873 2234 ²*
891 2213 1084 2252 provideretur
1096 2214 1206 2243 anima-

118 2260 220 2295 ’rum,
237 2257 326 2296 ipsum
347 2241 524 2299 E'piicopum
540 2253 574 2285 ad
593 2254 715 2292 aliquem
740 2253 855 2284 Locum
877 2253 922 2283 vel
945 2252 1047 2282 Sedem
1063 2252 1131 2286 (ubi
1150 2251 1208 2289 ejus

137 2294 317 2326 Praeiidentia
332 2304 391 2325 non
407 2303 434 2323 in
448 2301 556 2324 tantum
570 2292 785 2324 abhominabilis
798 2291 864 2323 effer
877 2291 1016 2329 subditis,
1026 2300 1078 2320 nec
1093 2290 1207 2328 Impro-

136 2336 209 2379 bitas
220 2333 372 2374 puericia)
392 2332 537 2363 transferre
555 2331 746 2369 dignaremini
766 2331 803 2362 de
816 2329 910 2361 vestra
927 2328 1099 2369 plenitudine
1120 2328 1207 2359 Pote-

139 2373 290 2442 stall'sert'im
305 2434 314 2448 ,
331 2409 396 2448 quia
415 2409 536 2444 eiusdem
556 2408 581 2438 E
604 2408 690 2451 iscopi
713 2407 801 2437 ACrus
822 2406 965 2446 Nepharii
992 2405 1093 2436 nostris
1113 2405 1206 2436 adhuc

139 2450 247 2481 cotidie
261 2450 386 2486 auribus,
407 2447 545 2478 Fidelium
561 2452 587 2477 ai
601 2446 772 2484 ertionibus,
791 2446 966 2475 inculcantur
980 2445 1083 2483 (quos,
1101 2454 1160 2475 non
1173 2445 1206 2474 si-

132 2498 178 2520 'ne
193 2488 244 2519 diri
259 2488 407 2517 acerbitate
421 2486 545 2524 doloris,
564 2495 588 2515 ae
610 2486 755 2514 uanimitei·
772 2484 948 2520 tolleramus)
962 2483 1042 2521 super
1059 2484 1160 2521 quibus
1170 2483 1206 2521 ,si

139 2528 243 2565 libeat,
261 2526 376 2556 Nuncii
391 2524 519 2555 Civitatis
535 2534 593 2562 prae
616 2523 680 2553 iclae
695 2546 704 2561 ,
722 2523 900 2561 praesenrium
915 2522 1088 2560 Portitor-es,
1107 2521 1207 2552 vestrae

138 2565 296 2598 Serenitatis
311 2564 514 2595 conscientiam
528 2571 659 2600 poterunt
672 2562 779 2602 plenius
791 2561 963 2600 informare,

175 2603 286 2634 Vestrae
301 2601 479 2633 Beatitudinis
509 2610 609 2632 annam
624 2600 784 2639 pulsandam
800 2600 931 2630 duximus
945 2600 1073 2638 precibus
1091 2600 1206 2638 iteratis,

161 2642 286 2680 narinus,
303 2641 338 2672 ad
360 2641 471 2671 Statum
522 2639 619 2670 ucatus
634 2639 723 2670 nostri
736 2637 861 2678 praedicti
877 2639 963 2677 (qui,
982 2648 1015 2668 ex
1037 2638 1118 2678 ipsius
1135 2638 1206 2676 Epi-

152 2683 220 2719 copi
236 2680 329 2711 Gestu
345 2680 495 2720 Nephario
509 2702 518 2716 ,
533 2678 652 2717 amplius
674 2686 837 2708 commotus
858 2677 899 2707 est
914 2678 964 2708 hiis
977 2677 1091 2707 diebus)
1110 2677 1205 2707 Pater-

132 2730 186 2752 ‘nae
201 2719 438 2750 Considerationis
451 2719 583 2748 intuitum
598 2724 812 2754 convertentes,
831 2716 922 2752 ipsum
936 2716 970 2747 ad
987 2715 1103 2746 Locum
1118 2716 1205 2746 aliurn

134 2759 285 2790 *transfer-re
297 2757 472 2795 dignemini,
491 2766 543 2795 pro
564 2757 644 2786 tantis
658 2754 949 2794 periculisevitandis3
968 2754 1117 2793 prae-sertim
1137 2754 1205 2784 curn

139 2797 323 2827 verisimiliter
337 2795 482 2833 credatur,
496 2794 591 2834 quod,
607 2794 742 2834 quamdiu
752 2794 781 2823 in
797 2794 883 2832 loco,
901 2803 958 2832 quo
972 2803 1050 2823 nunc
1065 2792 1205 2831 praesidet,

139 2836 247 2878 potitur
262 2834 375 2866 Officio
387 2833 536 2871 pastorali,
556 2833 741 2864 Subditorum
750 2833 864 2864 suorum
878 2855 888 2871 ,
906 2833 1007 2870 quibus
1020 2831 1153 2863 Excessus
1166 2831 1205 2861 sui

140 2874 309 2914 multiplices
330 2873 426 2911 (quod
442 2872 597 2902 dolendum
620 2871 678 2907 est)
694 2871 755 2901 sunt
778 2871 889 2911 aperti,
913 2871 1018 2901 crescet
1038 2870 1206 2907 Indevotio,

140 2915 175 2944 &
196 2913 245 2951 qui
265 2912 298 2943 :id
322 2912 410 2941 vitam
432 2910 521 2941 salutis
542 2910 674 2940 Pastorali
694 2909 867 2940 solicitudine
886 2909 1020 2940 deberent
1038 2908 1143 2948 dirigi,
1157 2918 1205 2946 per

141 2951 262 2989 exempli
281 2951 452 2992 perniciem,
471 2950 500 2978 in
512 2949 622 2980 Erroris
634 2949 752 2979 devium
768 2948 944 2985 periculolius
958 2947 1159 2986 pertrahentur.

181 2989 235 3028 Et,
254 2989 324 3019 sicut
345 2989 407 3018 alias
430 2987 532 3018 vestrae
552 2987 707 3024 scripsimus
726 2986 795 3016 Beni
815 2986 893 3017 nitati
908 3010 918 3025 ‚
937 2987 975 3025 si,
990 2987 1069 3024 super
1090 2987 1206 3016 veritate

142 3028 353 3067 praemissorum
369 3026 542 3058 Exceffuum
558 3049 566 3063 ,
585 3025 668 3056 libeat
689 3025 788 3056 vestrae
828 3025 993 3055 rovidentiae
1008 3026 1101 3062 aperte
1116 3026 1205 3056 infor-

144 3068 228 3106 mari,
247 3077 297 3105 per
311 3066 455 3097 Secretam
476 3064 714 3094 Informationem
735 3074 794 3094 non
813 3064 903 3094 solum
921 3063 1058 3102 praemiffa
1072 3086 1081 3101 ,
1100 3064 1138 3094 set
1155 3064 1207 3094 alia

143 3105 280 3136 deteriora
303 3106 440 3136 Facinora
461 3104 541 3142 iplius
561 3102 693 3142 Episcopi
711 3103 808 3140 vobiS,
826 3112 856 3133 ut
872 3102 1101 3134 certitudinaliter
1115 3102 1206 3133 credi-

146 3154 208 3174 mus
217 3167 226 3182 ,
243 3153 311 3174 nota
325 3143 401 3174 fient.

181 3182 347 3221 Caerenim,
365 3182 446 3213 Pater
463 3181 586 3219 Sancte,
600 3181 664 3220 quia
679 3179 754 3210 idem
770 3179 925 3218 Episcopus
938 3179 1143 3218 Interdiefflm,
1157 3190 1207 3219 per

146 3221 237 3258 ipsum
260 3222 288 3251 in
310 3221 407 3251 eadem
433 3219 556 3251 Civitate
569 3218 640 3250 olim
657 3219 813 3249 voluntarie
828 3218 1041 3257 promulgatum
1058 3242 1067 3257 ,
1082 3220 1141 3256 jam
1160 3229 1209 3256 per

148 3260 238 3299 plures
251 3270 338 3290 annos
358 3260 497 3290 observat-i
519 3259 602 3296 fecit,
620 3258 654 3288 &
668 3257 759 3298 adhuc
775 3257 839 3287 facit
853 3259 864 3291 (
876 3256 1004 3287 Luci-um
1017 3257 1118 3286 exinde
1131 3267 1209 3295 quae-

148 3308 210 3329 rens
224 3298 378 3336 temporale
392 3308 445 3336 pro
461 3297 648 3328 Sacramentis
662 3297 694 3327 ὃ(
708 3295 963 3326 Sacramentalibus
979 3318 988 3333 ,
1006 3294 1192 3324 ministrandis
1201 3318 1210 3333 ,

150 3337 220 3367 sicut
240 3338 321 3367 nobis
341 3347 356 3366 a
375 3336 501 3366 fidelibus
522 3335 562 3366 est
587 3336 720 3374 relatum,
742 3335 775 3364 ἃ
786 3333 921 3372 jaeturam
936 3343 995 3362 non
1012 3342 1138 3363 metucns
1152 3334 1211 3363 ani-

115 3398 117 3401 <
149 3376 280 3412 marum)
300 3375 420 3414 placeat,
437 3374 611 3414 quaesumus,
629 3374 708 3412 super
721 3373 885 3404 relaxatione
893 3370 1212 3411 hujulinodilnterdisti,

150 3414 326 3446 Remedium
339 3423 481 3451 apponere
495 3413 615 3443 salutare.

188 3452 359 3490 Conservet‚
377 3454 437 3482 ὃες.

221 3490 289 3521 Dat.
306 3491 380 3528 apud
394 3488 700 3528 westmonasterium,
719 3487 856 3520 vicesimo
871 3488 964 3528 primo
978 3487 1025 3518 die
1038 3487 1119 3518 Maii.

260 3620 309 3651 De
325 3618 455 3665 quodam
476 3619 619 3664 Defessa,
645 3622 676 3650 in
699 3620 810 3651 Litcris
827 3619 909 3664 Papae
923 3615 1103 3664 corrigendo.

129 3721 137 3729 -
152 3701 360 3762 VEnerabili
382 3705 411 3734 in
433 3702 549 3734 Christo
568 3702 666 3740 Patri,
689 3702 826 3734 Domino
847 3701 888 3732 G.
908 3701 967 3732 Dei
988 3700 1098 3741 gratia,
1122 3699 1214 3732 Tituli

236 3740 328 3770 Sancli
349 3741 453 3772 Ciriaci
475 3743 505 3772 in
529 3743 642 3772 Termis
667 3740 826 3772 Presbitero
848 3740 1013 3778 Cardinali,
1039 3740 1145 3770 Amico
1165 3739 1216 3770 suo

112 3799 118 3805 .
154 3776 306 3807 Cariffimo
322 3802 332 3815 ,
349 3779 502 3810 Edwardus
517 3803 527 3820 ,
543 3781 668 3819 ejusdem
683 3781 769 3820 gratia
779 3804 788 3820 ,
806 3781 866 3811 δερ.
885 3779 1009 3810 Salutem
1024 3801 1035 3818 ,
1052 3779 1086 3810 &
1101 3778 1215 3809 fincerae

154 3815 314 3846 dileffionis
328 3816 473 3848 affe&um.

193 3852 238 3883 Eo
257 3853 384 3884 libentius
403 3856 501 3886 vestrae
529 3857 690 3888 Dilectioni
716 3857 950 3888 commendamus
972 3856 1100 3896 Negotia
1114 3879 1125 3894 ‚
1151 3865 1215 3893 quae

156 3901 208 3936 nos
222 3899 354 3934 tangunt,
372 3903 428 3930 quo
442 3895 477 3937 de
489 3896 587 3927 vestrae
610 3895 780 3927 Affectionis
799 3897 833 3927 &
854 3896 998 3926 Amicitiae
1013 3896 1129 3934 puritate
1142 3893 1215 3924 fidu-

156 3939 231 3960 Ciam
247 3939 368 3967 gerimus
383 3932 558 3968 ampliorem.

169 4008 174 4013 ·
192 3967 274 3998 Cum
285 3969 384 4011 *itaque
408 3970 435 3998 in
456 3970 554 4015 Literis
572 3972 743 4011 Apostolicis
755 3996 764 4011 ‚
782 3974 865 4003 nobis
886 3982 994 4011 nuper,
1009 3972 1087 4010 super
1103 3970 1215 4002 Funda-

154 4014 234 4040 tione
243 4006 387 4045 cuiuffiatn
398 4006 516 4038 Domus
528 4007 667 4041 Sororum
677 4009 832 4043 ‹reordine
839 4010 1061 4043 Praedicatorum
1069 4033 1080 4049 ,
1098 4010 1217 4049 gratiose

619 100 1415 151 CONVENTIONES,
1463 102 1853 152 LITERAE,

1230 188 1385 234 concessis,
1401 189 1517 233 quidam
1538 191 1569 221 in
1591 190 1732 230 Scriptura
1751 192 1902 229 reperiatur
1917 189 2058 222 Defectus
2072 191 2138 232 (qui
2154 201 2188 224 ex
2200 191 2297 231 Scrip-
2310 186 2388 221 Ann-
2404 186 2449 218 D·

1232 237 1300 258 toris
1319 237 1390 258 vitio
1407 228 1531 259 noscitur
1550 230 1728 267 provenisse)
1748 230 1825 260 sicuti
1840 240 1889 267 per
1911 229 2113 267 inspectionem
2136 231 2298 263 Literarum
2336 236 2424 268 1324.

1230 266 1397 297 earumdem
1410 268 1493 306 (quas
1506 269 1587 298 vobis
1602 278 1668 308 per,
1684 268 1712 298 V
1713 269 1883 298 enerabilem
1895 267 2009 298 Patrem
2019 291 2028 305 ,
2041 268 2215 307 Episcopum
2222 270 2300 302 Cor·
2313 270 2383 296 ΕΜ·
2403 275 2430 293 2·

1233 305 1402 344 kagensem,
1420 308 1656 342 transmittimus)
1674 307 1766 346 potest
1781 307 1890 345 liquido
1906 316 2054 345 apparere,

1270 343 1405 389 Placeat,
1423 345 1581 384 quaesumus
1595 369 1604 384 ,
1619 345 1718 376 vestrae
1738 345 1899 376 Paternitati
1919 346 2024 376 Literas
2039 345 2186 383 praedietas
2207 346 2300 378 facere

1231 383 1377 451 {mendam
1389 407 1399 423 ,
1417 385 1450 415 &
1471 395 1515 415 eas
1535 386 1618 415 nobis
1639 395 1689 425 per
1710 384 1832 415 eundem
1853 383 2030 424 Episcopum
2043 385 2185 415 remittere
2203 394 2301 416 emen-

1252 430 1314 451 atas.

1269 459 1307 504 Et
1322 461 1431 505 insuper
1445 461 1539 493 eidem
1554 462 1698 502 Episcopo
1712 464 1818 500 (quem
1832 461 1866 492 ad
1881 461 2058 501 praesentiam
2075 459 2198 491 Domini
2215 460 2302 493 Sum—

1236 509 1278 529 mi
1296 498 1444 544 Pontificis
1459 524 1469 540 ,
1486 511 1539 542 pro
1560 502 1741 540 quibusdam,
1757 501 2006 531 Reformationem
2029 498 2120 530 Status
2140 500 2239 530 Terrae
2251 511 2304 531 no-

1235 537 1300 581 strae
1312 538 1462 570 Hiberniae
1474 541 1703 580 contingentibus
1712 563 1721 579 ,
1740 540 1909 570 destinamus
1914 542 1942 577 ‚)
1963 541 1992 569 in
2007 538 2200 569 Promotione
2213 547 2303 578 nego-

1236 584 1342 620 tiorum
1357 578 1542 621 eorumdem,
1557 580 1640 610 vobis
1655 590 1703 620 per
1724 580 1812 618 ipsum
1825 579 2059 617 exponendorum
2074 600 2085 616 ‚
2101 577 2221 608 assistere
2235 577 2304 607 veli-

1237 623 1271 645 tis
1295 614 1430 659 Conhliis
1451 617 1484 647 &
1506 617 1623 648 Auxiliis
1646 619 1815 659 oportune,
1833 619 1871 648 ita
1884 640 1893 656 ,
1920 618 1939 648 si
1961 617 2070 657 placet,
2088 617 2188 656 quod,
2207 615 2304 648 vestro

1237 654 1377 684 mediante
1391 655 1534 694 praesidio,
1553 657 1627 687 dicta
1641 657 1754 697 negotia
1766 656 1870 696 poffint
1881 654 1997 686 effectui
2010 657 2172 693 mancipari.

1273 691 1341 723 Dat.
1356 693 1431 731 apud
1444 693 1487 724 W
1490 693 1754 735 estmonasterium,
1776 696 1910 727 vicelimo
1924 697 2018 734 primo
2037 694 2084 724 die
2098 694 2181 726 Maii.

1276 768 1398 815 Eodem·
1409 771 1500 801 modo
1519 771 1647 802 scribitur
1667 772 1803 803 Domino
1825 773 1988 804 Gaucelino
2002 795 2013 812 ,
2025 770 2120 803 Tituli
2134 770 2306 803 Sandiorurn

1239 807 1400 839 Marcellini
1413 810 1447 840 ὃς
1462 809 1540 841 Petri
1552 809 1711 842 Presbitero
1725 811 1878 844 Cardinali.

1298 934 1347 967 De
1363 936 1476 969 Literis
1486 962 1497 979 ‚
1519 934 1773 979 Reformationem
1794 938 1899 969 Status
1921 934 2072 971 Hibernia
2090 940 2241 984 tangenti-

1565 980 1641 1026 bus,
1665 987 1747 1031 Papae
1760 985 1978 1031 praesbntandis.

1242 1066 1396 1125 REX,
1418 1067 1522 1099 dilecto
1541 1066 1660 1111 Clerico
1680 1068 1749 1108 suo,
1765 1068 1891 1108 Johanni
1910 1070 1945 1101 de
1966 1070 2114 1110 Lescapon
2127 1095 2136 1111 ,
2156 1072 2304 1104 Archidia-
2326 1056 2404 1088 Anu·
2417 1056 2458 1088 D‘

1320 1107 1588 1151 cono-Nannatenii
1602 1107 1746 1146 Salutem,
1764 1110 1797 1139 &
1812 1108 1927 1138 fincerae
1940 1109 2099 1140 dilectionis
2114 1111 2265 1142 affectum.
2356 1105 2370 1126 ¹
2393 1106 2412 1126 ²

1276 1144 1358 1177 Cum
1373 1145 1729 1191 mittamus'Venerabilem
1745 1146 1872 1185 Patrem,
1887 1147 2060 1187 Episcopum
2074 1148 2304 1190 Corkagensem,
2323 1139 2377 1163 An.
2394 1145 2436 1171 ¹7·

1239 1193 1310 1215 cum
1333 1185 1433 1215 nostris
1451 1185 1469 1204 *l‘
1490 1184 1611 1230 Literis,
1629 1185 1665 1217 ad
1682 1185 1806 1216 Domini
1828 1186 1931 1216 summi
1950 1186 2096 1217 Pontificis
2115 1191 2289 1226 praelentiam
2323 1179 2403 1221 3¹4²:

1239 1233 1294 1260 1)ῐο
1307 1223 1473 1261 quibusdam
1493 1225 1616 1261 negotiis
1631 1247 1641 1263 ,
1660 1224 1892 1255 reformationem
1908 1223 1994 1255 status
2015 1225 2117 1256 Terrae
2136 1227 2240 1258 nostrae
2252 1212 2309 1259 Hiz
2362 1213 2428 1241 “ml-

1241 1263 1347 1292 berniae
1364 1263 1613 1303 contingentibus,
1631 1273 1756 1301 quorum
1778 1265 1921 1302 expeditio
1940 1264 2094 1302 specialiter
2114 1265 2210 1296 inlidet
2226 1268 2311 1298 nobis
2328 1253 2464 1288 *1v.54;

1240 1301 1337 1339 cordi;

1278 1340 1364 1377 Nos,
1380 1339 1417 1384 de
1430 1339 1523 1370 vestra
1540 1339 1682 1379 diligentia
1704 1341 1861 1379 plurimiIm
1875 1340 2077 1378 Confidentes,
2097 1350 2148 1371 vos
2164 1341 2311 1382 Rogamus

1242 1378 1275 1422 ὃς
1291 1378 1472 1423 Requirimus
1490 1388 1522 1408 ex
1536 1378 1659 1417 affeetu,
1678 1380 1810 1419 quatinus
1830 1379 1923 1410 eidem
1938 1379 2098 1419 Episcopo,
2117 1380 2146 1409 in
2167 1382 2314 1419 praesenta-

1241 1424 1329 1461 tione·
1340 1418 1504 1461 -Literarum
1530 1418 1687 1448 nostrarum
1711 1419 1909 1458 praedietarum
1930 1419 2010 1449 dicto
2030 1418 2165 1449 Domino
2187 1421 2313 1451 Summo

1243 1454 1380 1487 Pontihci
1395 1480 1404 1495 ‚
1426 1455 1565 1494 affistatis,
1584 1457 1617 1487 δε
1634 1458 1709 1487 circa
1731 1458 1949 1495 promotionem
1971 1458 2004 1488 &
2026 1457 2239 1500 expeditionem
2262 1470 2312 1490 ne-

1242 1496 1388 1534 gotiorum
1400 1496 1586 1533 eorumdem,
1604 1496 1674 1526 sicut
1688 1496 1725 1526 de
1742 1497 1824 1528 vobis
1838 1496 2025 1535 confidimus,
2042 1499 2224 1534 interponatis
2241 1507 2313 1529 cum

1245 1532 1373 1564 efficacia
1390 1542 1479 1571 partes
1491 1534 1602 1565 vestras.

1283 1571 1352 1603 Dat.
1372 1573 1433 1603 &c.
1452 1582 1484 1604 ut
1499 1573 1585 1611 supra.

1340 1702 1447 1732 Litera
1465 1703 1588 1733 Comitis
1608 1699 1755 1733 Flandriae
1767 1727 1777 1743 ‚
1795 1700 1889 1747 fhper
1907 1701 2056 1733 Traffatu
2078 1699 2223 1737 habendo.

1245 1785 1321 1846 M
1331 1783 1465 1831 Agnifico
1480 1785 1621 1824 Principi,
1640 1786 1673 1830 &.
1690 1784 1804 1831 Potenti
1842 1785 1998 1830 Avunculo
2006 1786 2055 1817 suo
2067 1785 2312 1826 Cariffirno,Do-
2333 1771 2410 1804 Am·
2426 1769 2469 1807 Β·

1269 1866 1274 1870 ”
1341 1834 1422 1854 mino
1438 1823 1599 1870 Edwardo,
1615 1823 1673 1868 Dei
1688 1834 1790 1864 gratia,
1808 1808 1889 1862 Regi
1903 1824 1950 1855 An
1972 1826 2016 1855 11ae
2034 1848 2043 1863 ,
2062 1825 2194 1857 Domino
2206 1827 2313 1857 Hiber·
2355 1820 2442 1850 ¹3²4‘

1246 1874 1303 1895 nite
1316 1887 1326 1903 ,
1344 1864 1378 1895 &
1404 1863 1484 1894 Duci
1505 1864 1685 1901 Aequitamae
1700 1886 1710 1902 ,
1736 1862 1923 1901 Ludovicus,
2331 1856 2395 1917 {11²3-
2411 1860 2453 1886 ¹7·

2336 1913 2375 1956 Eic
2397 1912 2473 1964 brigss

2336 1966 2472 2005 infraTur„

1966 1864 2083 1894 'landriae
2108 1865 2141 1896 &
2160 1865 2312 1896 Niverniae

1246 1902 1358 1933 Comes
1373 1926 1382 1941 ,
1402 1902 1530 1933 Salutem
1545 1926 1555 1941 ,
1572 1902 1604 1933 δε
1618 1925 1627 1940 ,
1646 1911 1718 1932 cum
1740 1902 1897 1933 reverentia
1919 1903 1953 1934 ὃς
1975 1903 2086 1933 honore
2100 1926 2111 1943 ,
2130 1904 2267 1935 sinceram
2283 1906 2314 1935 in

1247 1941 1382 1972 Domino
1394 1942 1545 1972 caritatem.

1287 1981 1393 2011 Literas
1408 1979 1527 2019 vestras,
1545 1979 1626 2019 super
1641 1978 1752 2018 querela
1765 1980 1797 2011 &
1811 1980 1927 2019 negotio
1939 1979 2077 2017 Johannis
2091 1980 2128 2010 de
2143 1980 2318 2021 Langeford,

1249 2020 1299 2057 &,
1319 2019 1352 2049 ad
1365 2019 1422 2056 ejus
1438 2018 1594 2049 instintiam
1604 2041 1614 2056 ‚
1630 2028 1679 2062 per
1695 2028 1746 2048 vos
1760 2019 1842 2049 nobis
1858 2018 1994 2057 directas,
2007 2029 2096 2056 nuper
2111 2022 2278 2056 recepimus.

1287 2057 1376 2096 Super
1404 2058 1504 2096 quibus
1532 2056 1762 2094 Magnificentiae
1792 2056 1892 2087 vestrae
1923 2057 2054 2088 duximus
2084 2057 2318 2098 rescribendum,

1248 2097 1343 2137 quod,
1362 2097 1580 2126 communicato
1594 2095 1761 2134 nobiscum,
1775 2095 1855 2135 super
1870 2097 1944 2133 hoc,
1963 2095 1996 2126 &
2010 2096 2089 2133 super
2102 2097 2258 2136 Tractatu,
2274 2099 2318 2128 in-

1249 2145 1291 2167 ter
1306 2135 1442 2174 quosdam
1461 2136 1497 2166 de
1518 2133 1656 2165 Concilio
1678 2133 1773 2164 vestro
1785 2159 1795 2172 ,
1813 2134 1846 2173 ὃς
1863 2133 2003 2164 Nuncios
2024 2133 2151 2174 nostros,
2171 2135 2319 2174 postremo

1254 2174 1414 2206 Londoniae
1435 2174 1533 2204 habito
1549 2196 1558 2212 ,
1578 2171 1717 2203 Concilio
1740 2172 1890 2211 Majorum
1911 2173 2042 2204 villarum
2062 2173 2222 2205 nostrarum
2238 2175 2321 2205 Flan-

1253 2214 1320 2244 driae
1334 2222 1451 2251 propter
1466 2214 1523 2243 hoc
1540 2222 1638 2242 coram
1654 2212 1736 2241 nobis
1749 2221 1872 2251 vocato,

1290 2251 1358 2282 Nos
1377 2254 1410 2282 δε
1432 2250 1516 2281 Villae
1537 2250 1642 2281 nostrae
1656 2250 1801 2289 praedifrae
1821 2250 2027 2288 proponimus,
2043 2250 2112 2280 Deo
2133 2251 2235 2290 dante,
2248 2251 2322 2290 apud

1250 2300 1302 2320 vos
1325 2290 1463 2320 Nuncios
1483 2291 1595 2319 nostros
1611 2312 1621 2327 ,
1643 2288 1677 2318 ad
1697 2288 1775 2318 diem
1798 2288 1941 2328 praefixam
1956 2312 1965 2328 ,
1990 2289 2138 2326 videlicet,
2156 2290 2322 2321 Crastinum

1249 2328 1319 2358 Diei
1342 2327 1545 2359 penthecostes
1556 2350 1566 2365 ,
1584 2327 1689 2368 plenius
1712 2328 1798 2365 quam
1820 2328 1898 2357 vobis
1919 2328 2039 2358 scribere
2052 2329 2199 2369 possumus
2213 2353 2223 2366 ,
2241 2329 2321 2367 super

1250 2367 1378 2406 congrua
1390 2366 1584 2404 Responlione
1597 2365 1739 2403 iacienda,
1761 2367 1792 2396 Sc
1809 2366 1947 2405 praedieto
1963 2367 2100 2398 Tractatu
2114 2368 2319 2398 consumman-

1249 2406 1288 2436 do
1302 2407 1471 2436 informatos
1486 2428 1495 2442 ,
1510 2404 1646 2435 destinare
1659 2415 1669 2440 ,-
1689 2406 1736 2444 qui
1750 2406 1832 2436 vobis
1846 2428 1856 2443 ,
1871 2406 1905 2436 δε
1922 2405 2051 2444 johanni
2073 2406 2224 2445 praeditslo,
2239 2405 2318 2443 super

1249 2443 1411 2483 praemiffis,
1432 2445 1577 2483 congrue,
1598 2444 1616 2473 si
1632 2442 1701 2473 Deo
1714 2444 1823 2483 placet,
1840 2443 1904 2474 viva
1918 2453 1992 2475 voce
2006 2443 2222 2481 respondebunt.

1289 2483 1381 2514 Unde
1405 2481 1655 2520 Magnificentiam
1678 2481 1801 2513 vestram
1821 2483 1984 2521 requirimus
1996 2503 2007 2519 ,
2025 2482 2104 2519 quod
2118 2482 2237 2512 eandem
2258 2493 2318 2513 non

1251 2522 1368 2560 taedeat,
1386 2532 1435 2558 per
1455 2531 1516 2552 tam
1529 2521 1680 2552 modicum
1700 2522 1835 2558 temporis
1855 2521 1990 2558 spatium,
2008 2518 2234 2558 Responsionem
2247 2531 2320 2559 prae-

1249 2560 1358 2590 dictam
1369 2561 1523 2600 expectare.

1288 2598 1386 2629 Valeat
1401 2598 1490 2629 vestra
1507 2597 1719 2637 Magnificentia
1735 2596 1891 2627 veneranda
1903 2598 1932 2626 in
1946 2596 2080 2627 Domino
2096 2596 2161 2636 Jesu
2174 2596 2302 2629 Christo.

1289 2637 1434 2676 Scriptum
1448 2638 1478 2666 in
1494 2636 1600 2666 Domo
1613 2635 1709 2666 nostra
1721 2635 1757 2666 de
1772 2635 1864 2666 Males
1879 2645 1966 2674 prope
1981 2635 2093 2674 Bagis,
2112 2646 2151 2666 22
2170 2637 2216 2668 die
2232 2637 2321 2668 Men-

1249 2675 1281 2706 fis
1296 2675 1384 2714 Maii,
1403 2675 1492 2705 Anno
1508 2674 1633 2705 Domini
1653 2683 1739 2713 1324.

1404 2799 1463 2834 Ad
1476 2803 1592 2848 Papam
1615 2827 1625 2843 ‚
1644 2800 1735 2847 fhper
1754 2798 1977 2848 Epiftopatibus
2001 2798 2163 2835 Hiberniae.

1249 2887 1297 2950 P
1307 2888 1409 2920 APAE
1427 2887 1493 2918 Rex
1508 2886 1614 2918 devota
1628 2884 1738 2917 Pedum
1754 2886 1849 2917 oscula
1865 2888 2026 2918 beatorum.

1352 2927 1439 2958 Dum
1461 2924 1566 2957 nostrae
1586 2924 1825 2956 Considerationis
1836 2934 1993 2956 occurrunt
2007 2926 2153 2956 obtutibus
2170 2932 2236 2955 nota
2250 2924 2317 2956 Dis-

1249 2966 1349 3005 pendia
1361 2989 1370 3004 ,
1389 2976 1452 3005 quae
1471 2965 1663 3004 quorumdam
1682 2964 1907 2996 Hibernicorum
1930 2964 2052 2995 seditiosi
2066 2963 2247 3003 praesumptio
2263 2974 2318 2995 no·
2336 2955 2388 2978 An.
2412 2962 2454 2987 ¹7‘

1249 3006 1308 3044 bis,
1328 3007 1361 3036 ὃς
1380 3004 1494 3043 Populo
1516 3002 1620 3033 Terrae
1642 3003 1744 3033 nostrae
1759 3003 1908 3034 Hiberniae
1921 3026 1932 3042 ‚
1948 3002 2049 3033 nostris
2071 3002 2261 3042 temporibus,
2282 3004 2319 3033 ir-
2336 2994 2367 3017 E.
2385 3000 2411 3018 2·

1250 3045 1383 3083 rogavit,
1405 3054 1437 3074 ea
1459 3043 1575 3074 libenter
1596 3041 1795 3079 amplectimur
1809 3065 1818 3080 ,
1840 3052 1889 3080 per
1910 3050 1974 3081 quae
1996 3040 2082 3071 dietae
2100 3040 2202 3071 Terrae
2217 3041 2320 3072 nostrae
2337 3033 2408 3057 Rom.
2430 3037 2472 3063 ¹7·

1251 3083 1401 3120 tranquillo
1422 3082 1599 3121 provideatur
1618 3079 1764 3120 Reginiini
1777 3103 1788 3119 ,
1806 3081 1840 3112 &
1861 3079 2022 3110 Pravorum
2045 3078 2221 3110 insolentiam
2239 3080 2320 3120 poste
2338 3071 2369 3094 E.
2385 3076 2412 3094 ²·

1252 3122 1442 3159 conspicimus
1459 3120 1595 3152 cohiberi.
2339 3115 2376 3134 ”¹-
2395 3114 2425 3141 5·

1289 3160 1394 3199 Nuper
1414 3159 1551 3198 siquidem
1564 3180 1575 3196 ,
1594 3156 1676 3188 Pater
1694 3156 1797 3187 Sancte
1836 3155 2038 3186 Venerabilem
2054 3155 2186 3196 Patrem,
2206 3157 2321 3190 fratrem

1255 3197 1420 3237 Philippum
1442 3199 1478 3229 de
1499 3197 1597 3233 Slane,
1616 3196 1652 3225 de
1670 3194 1782 3225 Ordine
1797 3179 2020 3225 Eraedicatorum
2034 3198 2137 3234 (quem
2153 3195 2242 3227 vestra
2256 3207 2323 3235 pro-

1254 3238 1394 3274 videntia,
1414 3237 1465 3266 suis
1479 3235 1650 3275 exigentibus
1666 3233 1771 3262 meritis
1784 3233 1926 3271 virtuosis,
1946 3233 2089 3272 nostrique
2101 3235 2322 3275 contemplatio-

1255 3286 1291 3306 ne
1299 3298 1309 3314 ,
1328 3275 1455 3313 praefecit
1468 3275 1497 3302 in
1510 3273 1684 3312 Episcopum
1700 3270 1929 3310 Corkagensem,
1948 3272 2024 3302 unde
2037 3272 2137 3303 vestrae
2151 3272 2322 3304 Clementiae

1254 3314 1350 3343 orarias
1372 3312 1516 3342 referimus
1538 3311 1754 3346 multiformes)
1774 3320 1827 3347 pro
1850 3310 2051 3341 reformatione
2078 3310 2164 3342 status
2185 3312 2321 3343 Ecclefiae

1254 3337 1457 3383 ffiibernioenae
1499 3348 1533 3379 ad
1554 3349 1674 3380 vestram
1691 3348 1865 3387 praesentiam
1882 3373 1892 3388 ,
1910 3359 1980 3379 cum
1995 3348 2096 3380 nostris
2109 3350 2225 3389 Literis,
2243 3350 2322 3380 duxi-

1255 3400 1319 3420 mus
1334 3388 1460 3419 destinan
1481 3397 1540 3419 um.

1291 3428 1353 3467 Qii
1394 3428 1428 3457 ad
1451 3437 1502 3457 nos
1524 3424 1714 3465 postmodum
1736 3426 1844 3456 rediens
1859 3449 1869 3464 ,
1884 3427 1968 3457 nobis
1984 3427 2077 3457 retulit
2092 3426 2205 3465 qualiter
2218 3424 2320 3456 vestrae

1254 3467 1357 3505 placuit
1367 3450 1535 3496 ²Beatitudini
1547 3473 1612 3507 per,
1631 3465 1809 3496 Venerabiles
1822 3464 1918 3496 Patres
1933 3489 1943 3504 ,
1961 3465 2178 3501 Dublinensem,
2199 3464 2232 3494 &
2247 3463 2317 3494 Cas-

1253 3505 1412 3543 sellensem,
1429 3503 1681 3542 Archiepiscopos,
1699 3504 1731 3534 ὅ(
1745 3503 1836 3542 ipsum
1849 3503 2022 3543 Episcopum
2037 3501 2263 3541 Corkagensem,
2282 3502 2319 3532 de

1255 3545 1307 3574 hiis
1321 3566 1331 3582 ,
1349 3553 1413 3581 quae
1433 3553 1486 3581 pro
1509 3551 1578 3582 pace
1599 3543 1632 3573 &
1653 3543 1838 3580 tranquilitate
1848 3543 1933 3572 dietae
1947 3543 2048 3573 Terrae
2068 3541 2265 3571 convenientia
2284 3541 2318 3571 ὃς

1256 3582 1431 3622 expedientia
1450 3581 1610 3612 viderentur
1623 3603 1633 3619 ,
1649 3581 1775 3611 seriofiiis
1791 3580 1954 3618 informari,
1977 3581 2010 3611 &
2024 3578 2103 3616 quod
2116 3601 2126 3616 ,
2140 3579 2217 3616 juxta
2230 3579 2320 3608 infor-

1256 3622 1411 3689 mat-ionlem
1425 3619 1518 3658 illam,
1535 3620 1570 3650 ad
1584 3629 1616 3649 ea
1631 3620 1764 3650 volebatis
1782 3620 1942 3659 prospectus
1962 3617 2145 3658 Apostolicos
2159 3617 2321 3647 favorabili-

1256 3669 1297 3690 ter
1312 3670 1357 3690 inc
1369 3668 1452 3689 mare.

1294 3698 1338 3728 Ex
1359 3698 1412 3728 hac
1433 3698 1523 3736 itaque
1543 3695 1662 3726 Pater-ns
1685 3694 1880 3736 Responsione
1900 3692 2140 3734 quamplurimum
2165 3692 2298 3725 laetificati
2312 3718 2323 3733 ‚

1257 3737 1345 3774 ipsum
1365 3736 1539 3776 Episcopum
1560 3734 1595 3765 ad
1616 3735 1704 3765 dietas
1728 3744 1816 3772 partes
1838 3733 1989 3764 Hiberniae
2011 3730 2234 3769 transmisimus3
2255 3734 2322 3771 qui,

1257 3776 1313 3805 una
1335 3784 1402 3805 cum
1424 3774 1546 3812 praefatis
1566 3772 1793 3812 Archiepiscopis
1804 3796 1815 3812 ‚
1830 3774 1908 3810 juxta
1920 3770 2085 3800 mandatum
2099 3768 2322 3810 Apostolicum,

1258 3815 1296 3844 eis
1317 3815 1346 3843 in
1368 3814 1420 3843 hac
1441 3822 1517 3850 parte
1536 3812 1698 3850 injunctum
1712 3835 1722 3849 ,
1741 3822 1809 3843 curn
1826 3810 1984 3840 Nobilibus
1999 3809 2032 3838 &
2047 3806 2190 3838 Fidelibus
2204 3809 2323 3849 nostris,

1258 3862 1290 3882 ac
1310 3853 1394 3882 etiam
1415 3850 1557 3881 Ministris
1577 3850 1679 3880 nostris
1699 3851 1820 3888 partium
1841 3848 1967 3884 illarum,
1981 3845 2139 3876 habuerunt
2154 3847 2233 3885 super
2248 3859 2323 3886 prae-

1258 3889 1344 3920 miffis
1358 3889 1517 3920 Consilium
1531 3890 1565 3919 ὃς
1579 3889 1764 3926 Tractatum
1780 3888 1814 3918 ὃ(
1829 3895 1917 3923 nuper
1933 3884 2056 3922 ipsorum
2070 3883 2323 3926 deliberationem,

1257 3930 1288 3960 in
1302 3928 1355 3958 hac
1370 3936 1462 3966 parte,
1480 3928 1578 3966 nobis,
1596 3938 1645 3965 per
1662 3926 1785 3957 eundern
1797 3923 2214 3966 Episcopum,transmiserunt.

1295 3967 1365 4006 Qiii
1379 3976 1477 3997 coram
1491 3967 1575 3997 nobis
1589 3969 1623 3997 &
1639 3964 1776 3995 Concilio
1789 3962 1888 3994 nostro
1901 3960 2042 3998 exhibita,
2058 3961 2090 3991 &
2105 3962 2152 3993 dil'
2173 3972 2252 3994 enter
2263 3972 2327 3994 exa-

1262 4005 1389 4045 minata,
1407 4014 1459 4047 pro
1478 4004 1580 4038 salubri
1595 4003 1770 4041 appositione
1784 4000 1920 4032 Remedii
1934 4022 1944 4037 ,
1960 3999 1994 4031 ad
2015 3999 2141 4037 ipsorum
2188 4002 2329 4034 ibernico-

2265 4049 2330 4071 rum

2336 2872 2414 2904 Ann.
2429 2873 2471 2906 D.

2364 2921 2449 2952 1324.
