2562 4279
0 223 57 255 hm,
71 220 112 250 D,
130 222 178 251 per
193 212 301 251 ipsum,
320 213 348 242 in
366 209 469 252 Regno
485 209 580 241 nostro
591 231 600 247 ‚
618 208 741 247 usquead
753 207 901 244 septimum
912 205 989 235 diem
999 201 1191 239 Augustipro-
1231 201 1264 231 ὃς

4 258 86 301 1318.

0 301 48 329 ἣν.
66 307 92 324 2.

1 449 20 470 ¹*
41 448 97 475 ΙΙΙ.

19 494 84 523 735·

0 908 61 942 lnn.
74 907 114 938 D.

9 947 92 988 1318.

0 991 38 1014 dn.
56 994 97 1013 12.

0 1067 46 1091 m,
64 1070 104 1088 12.

0 1105 20 1130 Ξ.
37 1106 98 1136 2.p.

0 1148 15 1166 i.
28 1146 117 1173 m.17.

1 3455 71 3488 Ann.
86 3456 125 3488 D.

17 3496 102 3534 1318.

2 3537 50 3563 An.
69 3544 111 3564 12.

2 3575 29 3599 Ε.
43 3581 67 3599 2.

2 3612 69 3637 Rom.
78 3609 111 3643 &-

3 3648 44 3675 Fr.
65 3657 106 3676 12.

4 3687 30 3710 Ε.
47 3693 72 3711 2.

19 3996 101 4028 ³111.

31 4044 94 4074 735·

719 119 827 164 ET
912 117 1173 161 ACTA

150 252 154 257 ·
195 253 202 260 s

129 260 211 281 ximo
227 251 414 290 praeteritum,
433 258 529 281 contra
543 257 643 285 pacem
659 246 780 276 nostram
796 242 1010 283 quomodolibet
1024 247 1192 279 perpetratis,

129 289 163 320 &
177 287 289 319 firmam
305 299 404 327 pacem
419 287 540 318 nostram
555 287 581 315 ei
596 285 660 314 inde
672 284 871 314 concedimus:
1127 316 1131 321 ι

168 327 306 357 Nolentes
321 327 398 365 quod
415 324 563 364 praedietus
577 321 683 352 Comes
702 332 754 359 pro
770 331 821 358 eo,
846 318 932 358 quod
944 318 978 362 ad
999 327 1067 355 nos,
1085 324 1190 359 ratione

129 364 221 395 Seciae
234 364 351 403 nostroe,
388 365 482 394 crtinet
502 361 536 391 de
557 360 675 390 Feloniis
694 361 726 391 ὃ(
740 357 1012 399 Transgreffionibus
1032 354 1191 396 praedietis,

131 413 181 441 per
195 413 260 442 nos,
279 403 325 434 vel
376 401 477 432 aeredes
497 398 814 436 nostr08,Justiciai·ios,
831 395 1041 431 vicecomites,
1058 401 1103 422 aut
1123 392 1190 422 ahos

131 441 268 479 Ballivos,
280 441 324 471 seu
346 439 493 470 Minui-ros
510 435 616 466 nostros
632 437 650 457 *ς
671 436 879 476 quoscumque,
903 432 1110 469 occasionetur,
1127 439 1190 459 mo-

131 479 242 511 lestetur
256 481 286 509 in
303 479 411 516 aliquo,
429 478 473 506 seu
489 481 626 512 gravetur.

169 517 202 548 In
215 518 308 556 cujus,
325 517 384 547 &c.
675 551 681 556 .
962 546 966 552 .
1117 546 1122 550 .

207 555 296 586 Teste
310 554 392 591 Rege
404 551 476 590 apud
489 549 618 587 Eborum
627 573 637 589 ,
653 549 790 583 vicesimo
805 546 928 579 secundo
940 546 984 577 die
999 546 1145 577 Odtobris.

817 628 869 655 Per
884 625 965 664 ipsum
983 627 1086 661 Regem.

133 768 182 800 De
204 761 435 803 Pardonatione‚
455 771 510 807 pro
535 758 764 793 Adhaerentihm
779 758 898 806 praefati
915 759 1058 799 Comitis,
1082 755 1192 800 &ejus

545 807 773 842 Familiaribus.

135 896 268 966 REigffn
283 895 413 927 omnibus
437 894 545 926 Ballivis
569 894 602 926 &
627 893 765 925 Fidelibus
782 893 848 933 suis,
870 892 904 924 ad
923 901 993 931 quos
1008 914 1018 931 ,
1041 890 1100 922 ὅτε.
1128 888 1194 921 salu—

169 970 265 1004 Sciatis
275 971 352 1010 qubd
361 994 372 1010 ,
387 972 416 1001 in
432 971 558 1010 praesenti
565 970 753 1002 Parliamento
767 970 881 1008 nostr0,
895 968 967 1009 apud
981 968 1109 999 Eborum
1122 976 1195 997 con-

134 1020 254 1049 vocato,
270 1011 306 1041 de
321 1009 408 1047 gratia
422 1010 515 1041 nostra
533 1010 658 1049 speciali,
678 1011 910 1041 consentientibus
931 1007 1068 1045 Praelatis,
1086 1006 1194 1036 Proce-

136 1049 226 1088 ribus,
244 1049 278 1080 &
291 1047 506 1079 Communitate
525 1047 621 1086 Regni
641 1049 728 1079 nostri
751 1046 858 1079 ibidem
881 1047 1077 1084 congregatis,
1095 1044 1195 1082 pardo-

134 1086 260 1118 navimus
267 1086 373 1117 Davidi
389 1086 426 1116 de
439 1087 589 1128 Strabolgy
602 1086 713 1118 Comiti
726 1087 812 1118 Athol
821 1110 831 1125 ,
840 1085 975 1119 Familiari
1011 1082 1195 1114 dileetiCon-

134 1124 273 1162 {anguinei
296 1126 329 1156 &
342 1124 428 1155 fidelis
451 1126 555 1164 nostri,
582 1126 712 1156 Thomae
735 1125 857 1156 Comitis
880 1107 1063 1161 Lancasiriae,
1081 1121 1194 1152 sectam

134 1165 210 1203 pacis
224 1162 344 1201 nostrae,
362 1164 395 1194 &
411 1164 562 1202 quicquid,
580 1163 639 1199 ὠς.
655 1171 686 1193 ut
693 1163 779 1204 fiepra
794 1163 872 1204 usque
885 1162 942 1191 haec
955 1160 1052 1190 verba.

171 1202 325 1240 Nolentes,
344 1203 422 1240 quod
443 1202 590 1242 praedidtus
608 1201 717 1234 Comes
737 1202 824 1234 Atho]
840 1211 891 1240 pro
910 1209 960 1239 e0,
979 1198 1055 1238 quod
1075 1197 1109 1229 ad
1130 1206 1196 1234 nos,

135 1238 283 1311 &fs‘gsieu
300 1251 359 1317 rege
371 1286 400 1311 ut
413 1278 499 1318 supra.

885 1361 937 1389 Per
951 1357 1033 1398 ipficm
1051 1345 1160 1393 Regem]

135 1441 303 1474 Consimiles
323 1443 425 1474 Literae
445 1442 514 1475 fiunt
529 1444 761 1486 pro'subscriptis,
777 1444 827 1477 sub
841 1445 940 1477 eadem
953 1444 1033 1483 data,
1052 1439 1199 1474 videlicet,

172 1522 226 1549 Pro
244 1519 374 1550 Niclwlao
392 1521 424 1550 de
441 1524 582 1562 Sevrave,
903 1522 923 1550 Ἰ

171 1560 227 1587 Pro
243 1559 356 1588 Roberto
374 1560 406 1588 de
424 1560 550 1599 Halana',

172 1598 228 1627 Pro
247 1599 291 1626 Ste
308 1597 378 1626 hano
395 1598 427 1627 de
443 1601 579 1637 Segtave,

170 1636 228 1664 Pro
246 1636 290 1664 W
301 1635 386 1665 lielmo
404 1636 436 1665 de
453 1639 595 1675 Lalinler,
919 1640 1085 1693 §Mflinbus

171 1675 226 1702 Pro
244 1672 356 1703 Falcone
370 1677 532 1714 Extraneo‚
1086 1674 1094 1682 ⁶

170 1713 225 1741 Pro
244 1711 386 1741 W'llielmo
403 1712 518 1750 Tuchet,

170 1751 226 1779 Pro
243 1749 353 1780 Falcone
367 1749 434 1779 Filio
455 1751 579 1789 Wariui,

170 1789 225 1818 Pro
240 1787 371 1827 Johanne
386 1789 476 1827 Beek,
909 1797 930 1827 J

175 1867 229 1893 Pro
248 1862 383 1894 Michaele
400 1865 432 1894 de
453 1865 580 1905 Meldon,
1029 1891 1034 1897 .
1058 1892 1063 1897 .

175 1905 229 1932 Pro
244 1902 378 1942 Johanne
395 1903 425 1933 de
442 1904 641 1945 Kynardcfi’ye,
923 1885 946 1936 }
960 1888 1073 1922 Cleua·

174 1986 228 2014 Ρνο
246 1987 346 2022 Rogero
364 1984 466 2025 Beler,

174 2024 228 2052 Pro
244 2024 346 2052 Thoma
364 2028 492 2064 Owayn,

178 2063 232 2090 Pro
247 2062 344 2091 Adam
362 2065 464 2102 Tyeuae,

176 2101 230 2128 Pro
247 2099 368 2129 Gilberto
386 2103 511 2139 Owayn,

177 2140 231 2166 Pro
251 2140 362 2175 Hugone
377 2137 400 2166 le
419 2140 546 2177 Harper,

175 2176 228 2205 Pro
248 2177 363 2206 Henrico
383 2179 510 2216 Owayn,

176 2217 230 2244 Pro
248 2213 380 2252 Johanne
395 2216 425 2244 de
442 2218 570 2253 Lynton,

175 2255 229 2282 Pro
245 2251 376 2290 Stephano
391 2253 414 2282 le
428 2254 532 2282 Parker
546 2254 578 2281 de
591 2251 736 2292 Bretteby,

178 2293 232 2320 Pro
252 2290 383 2329 Magistro
402 2294 440 2320 Ro
458 2301 499 2320 ero
518 2291 541 2320 le
559 2294 616 2329 Cu,

177 2331 232 2359 Pro
246 2328 378 2367 Johanne
396 2332 437 2358 Bo
449 2340 479 2367 e,

175 2370 230 2397 Pro
246 2366 368 2396 Gilberto
384 2370 459 2404 Scor,

177 2408 231 2435 Pro
248 2408 347 2443 Rogero
365 2408 455 2444 Page,

176 2446 231 2473 Pro
251 2443 395 2479 Wllielmo
415 2442 574 2484 Baddefley,

175 2484 230 2512 Pro
245 2477 378 2520 Jo'hanne
392 2485 502 2522 Owayn
511 2504 521 2519 ,

176 2522 231 2550 Pro
248 2520 390 2551 Wllielmo
408 2521 431 2550 le
453 2524 609 2558 Trompaur,

176 2561 230 2589 Pro
248 2558 362 2589 Roberto
382 2560 413 2589 de
430 2562 508 2589 Mere
528 2559 560 2588 de
579 2561 702 2595 Burton,

176 2599 230 2627 Pro
247 2597 387 2635 Ingelardo
406 2598 437 2627 de
456 2600 583 2634 Lynton,

179 2638 232 2665 Pro
251 2636 364 2666 Roberto
380 2636 448 2666 Filio
467 2635 578 2665 Matila'
592 2634 622 2663 de
641 2636 768 2673 Lynton,

178 2676 233 2704 Pro
247 2675 344 2704 Adam
361 2673 385 2705 le
403 2677 542 2713 Trompour
559 2674 590 2703 de
606 2675 728 2708 Burton,

178 2714 233 2742 Pro
250 2712 380 2751 Johanne
397 2713 432 2742 de
448 2717 569 2750 Miguers
578 2733 589 2748 ,

167 2752 233 2786 ,Pro
252 2751 375 2788 Johanne
395 2751 426 2780 de
444 2754 543 2790 Verney

184 2790 237 2818 Pro
254 2788 393 2819 Wllielmo
408 2790 440 2819 de
459 2775 586 2820 Chedstle
594 2813 605 2829 ,

184 2830 237 2857 Pro
254 2826 384 2864 Johanne
404 2827 549 2867 Cheopcok,

182 2868 236 2895 Pro
255 2864 388 2895 Richardo
405 2866 470 2896 Filio
491 2866 632 2896 Willielmi
647 2867 678 2896 de
693 2864 824 2902 Holmrd,

180 2906 237 2933 Pro
252 2905 351 2940 Rogero
369 2903 397 2933 la
415 2904 532 2942 souche,

180 2944 235 2972 Pro
254 2942 369 2971 Roberto
387 2941 454 2971 Filio
473 2942 580 2973 Thomae
599 2942 622 2972 le
639 2940 864 2982 Chaumberleyn,

178 2983 233 3010 Pro
250 2979 364 3009 Roberto
381 2980 412 3009 de
430 2980 542 3010 Bulkele
565 3003 576 3019 ,

179 3021 233 3057 Pro
251 3018 347 3047 Adam
363 3018 394 3047 de
411 3019 525 3056 Radecly
542 3043 548 3047 .

178 3059 233 3086 Pro
251 3059 348 3094 Rogero
365 3056 396 3085 de
411 3057 513 3087 Radecl
518 3055 548 3096 f

182 3097 236 3124 Pro
251 3095 366 3125 Roberto
381 3095 413 3124 de
432 3095 497 3124 Wal
506 3096 587 3134 eden,

179 3135 233 3162 Pro
250 3134 365 3162 Henrico
383 3134 414 3162 de
434 3132 572 3174 Tunstall‚

181 3174 234 3201 Pro
252 3170 381 3209 Johanne
396 3173 427 3201 de
442 3171 595 3212 Raddecsff.

143 3317 202 3352 Ad
223 3320 356 3363 Papam,
383 3327 436 3362 pro
459 3317 612 3352 Sororibus
634 3317 759 3351 Ordinis
780 3320 927 3350 Fratrum
952 3315 1203 3361 Praedicatorum‚

532 3365 614 3412 apud
635 3365 801 3411 Gildefhrd.

144 3453 192 3514 P
203 3452 228 3484 A
237 3451 261 3482 P
270 3450 312 3481 AE
335 3442 400 3481 Rex
420 3450 522 3481 devota
536 3451 640 3488 pedum
653 3451 747 3482 oscula
761 3451 918 3481 beatorum.

230 3490 375 3522 Sanstitati
392 3488 489 3520 vestrae
501 3489 562 3519 alias
576 3488 699 3520 diffusius
722 3489 903 3519 meminimus
920 3498 973 3518 nos
987 3489 1118 3527 icripfiffe
1137 3499 1205 3529 qua-

144 3530 222 3568 liter,
235 3528 347 3560 favente
366 3527 515 3565 Domino,
533 3527 671 3565 quandam
693 3527 827 3557 Domum
849 3526 988 3557 Sororum
1008 3527 1124 3558 Ordinis
1141 3529 1206 3561 Fra-

144 3576 221 3599 trum
230 3567 450 3597 Piaedicatoriim
463 3565 535 3603 apud
544 3565 693 3595 Gildeford
709 3567 738 3596 in
748 3565 872 3595 Diocese
881 3564 1075 3596 Wintoniensi
1091 3567 1126 3596 de
1134 3567 1209 3597 No-

145 3616 184 3636 vo
197 3606 327 3644 fundare,
344 3606 378 3636 &
401 3605 482 3635 certis
502 3603 721 3634 Poffeffionibus
734 3604 830 3634 dotare
851 3604 1049 3643 proponimus,
1073 3606 1101 3634 in
1123 3605 1202 3644 loco,

144 3644 288 3682 videlicet,
306 3645 355 3674 ubi
368 3643 473 3674 Fratres
486 3642 555 3672 illius
569 3641 687 3672 Ordinis
699 3642 831 3673 haCtenus
845 3641 1013 3672 habitarunt:

182 3682 289 3713 Vestrae
302 3681 471 3712 Clementiae
484 3680 625 3711 humiliter
640 3679 819 3717 supplicando
834 3681 961 3718 quatinus
982 3680 1138 3718 hujusmodi
1152 3692 1205 3713 no-

92 3743 99 3751 .
146 3720 203 3751 stro
217 3721 349 3751 desiderio
360 3720 519 3758 Benignum
533 3719 657 3757 praebere
670 3717 811 3758 auditum,
829 3720 861 3750 &
883 3718 949 3749 illud
963 3719 1145 3758 dignaremini
1163 3721 1205 3751 ef-

145 3758 234 3789 feetui
247 3760 417 3796 mancipare.

181 3797 289 3828 Verum
303 3799 367 3835 quia
377 3798 438 3836 jam
453 3797 557 3828 eisdem
572 3795 734 3832 Sororibus,
750 3796 779 3825 in
800 3794 1015 3826 subventionem
1035 3794 1205 3828 sustentatio-

146 3835 189 3865 nis
201 3834 271 3874 suae,
288 3835 442 3866 Eccleiiam
461 3836 497 3865 de
512 3833 712 3871 Kingesclere,
729 3833 815 3863 nostri
836 3832 1012 3871 PatronatfiS,
1030 3833 1133 3865 donare
1152 3846 1205 3866 vo—

147 3872 238 3904 lumus
256 3875 286 3903 in
304 3875 428 3914 proprios
441 3873 501 3904 usus
523 3872 670 3903 Canonice
693 3870 900 3910 possidendam,
918 3880 949 3902 ut
967 3881 1019 3909 pro
1041 3871 1152 3911 nostra,
1169 3875 1204 3905 &2

148 3908 380 3951 Progenitorum,
397 3913 430 3943 δε
443 3910 640 3943 Successorum
662 3909 824 3940 nostrorum
843 3909 923 3941 salute
935 3932 945 3948 ,
962 3911 1042 3948 juges
1061 3910 1204 3944 effimdant

149 3956 245 3985 preces
257 3948 370 3980 summo
387 3950 471 3989 Deo,

186 3985 349 4017 Beatitudini
361 3988 461 4019 vestrae
479 3988 581 4019 devota
595 3997 711 4036 precum
727 3985 855 4017 instantia
867 3985 1065 4024 supplicamus,
1082 3987 1206 4024 quatinus

150 4023 302 4093 Ρτῗῑεωῗι
313 4024 466 4094 Εὲεἰῑεΐιεῐῃ
484 4027 566 4059 dietis
588 4027 736 4059 sororibus
753 4025 908 4064 apropriare
924 4024 944 4047 ³*
955 4024 1060 4063 velitis,
1075 4025 1110 4057 ad
1130 4024 1204 4058 suam

199 4072 248 4093 om.
303 4085 309 4092 .
355 4086 362 4093 .
395 4087 401 4094 .
615 4069 617 4072 '

1255 116 1734 160 PUBLICA.
2222 125 2295 160 161

1279 201 1476 232 Succefforum
1493 203 1603 233 suorum
1617 203 1858 242 sustentationem,
1877 201 1983 235 divinae
1997 200 2098 233 intuitu
2112 200 2232 233 Pietatis.
2316 200 2390 232 Ann.
2402 199 2443 232 D.

1271 238 1424 269 Conservet
1438 250 1504 277 vos,
1522 243 1583 271 &c.
2341 241 2426 280 1318.

1270 276 1335 307 Dat.
1354 277 1425 314 apud
1441 278 1587 316 Eburum,
1606 280 1740 310 vicesimo
1756 279 1830 310 sexto
1848 279 1894 310 die
1914 279 2061 311 Oetobris.
2314 279 2383 307 Edv.
2398 288 2424 308 2.

1393 401 1453 434 Ad
1473 405 1553 448 Pnpae
1577 404 1738 436 librarium
1755 416 1810 451 pro
1835 405 1940 450 etssz'cm
1963 403 2128 438 Sorothtts.

1231 485 1380 556 REX,
1403 487 1525 518 discreto
1548 487 1638 526 Viro,
1664 487 1806 525 Magistro
1828 488 1914 520 Petro
1933 490 2029 527 Fabri,
2057 489 2183 520 Domini
2206 488 2292 527 Papae
2314 488 2444 520 Amin,

1314 524 1452 568 hlotario,
1468 525 1599 564 salutem,
1616 536 1685 556 cum
1701 527 1813 557 sincerae
1829 527 1985 558 dileetionis
2000 527 2115 559 affecitu.
2335 528 2419 567 1318.

1269 563 1346 601 Qua
1359 585 1370 601 ,
1396 573 1430 594 ex
1449 563 1599 594 deliberato
1620 563 1747 599 Consilio
1794 565 1981 596 ordinavimus
2001 566 2139 605 quandam
2157 566 2292 596 Domum
2310 570 2361 593 An.
2384 575 2426 594 12.

1232 600 1384 640 Sororum,
1407 601 1526 632 Ordinis
1544 602 1668 632 Fratrum
1686 587 1921 640 Praedicator-um,
1939 605 1968 633 in
1983 604 2092 642 Regno
2111 604 2207 636 nostro
2229 604 2292 634 fun·
2312 609 2342 632 E.
2361 613 2386 632 2.

1233 638 1314 678 dai-e,
1331 640 1364 670 &
1385 650 1447 670 eam
1466 639 1633 670 Redditibus
1653 641 1690 670 sic
1706 640 1800 671 dotare
1821 641 1898 678 quod
1952 642 2028 673 Dote
2050 643 2210 681 hujusmodi
2231 653 2292 672 me-
2311 648 2382 671 Rom.
2401 640 2435 675 ό*

1233 677 1351 720 ἀίειῐπε,1
1361 677 1517 709 Elemosina
1530 677 1638 716 nostra,
1655 689 1741 718 quam
1756 679 1890 709 Fratribus
1902 664 2016 710 Ordinis
2029 683 2192 719 memorati,
2208 682 2237 710 in
2252 682 2294 711 vi⁴
2312 685 2353 710 Fr.
2374 691 2417 709 η.

1235 724 1271 746 tae
1285 717 1450 755 subsidium,
1467 716 1639 747 conferimus
1659 718 1823 754 annuatim,
1839 719 2013 747 continuetur
2034 721 2073 748 im
2094 720 2235 757 osterum,
2254 719 2295 750 su·
2315 724 2343 747 Ε.
2365 730 2390 747 2.
2408 730 2443 748 mr

1235 765 1285 792 per
1300 764 1356 822 (11)υο
1363 754 1487 823 dififfuiius
1500 755 1654 793 scripsimus
1662 753 1842 786 Sanstiffimo
1856 754 1927 785 Patri
1940 756 2055 795 nostro,
2099 760 2201 788 omino
2209 757 2297 788 Sum·
2320 767 2362 785 10·

1236 803 1288 823 mo
1325 802 1385 823 onti
1405 803 1447 824 ci:

1276 831 1469 864 Dileffionem
1483 831 1602 863 vestram
1623 830 1776 863 affeetuose
1794 840 1938 870 rogamuS,
1957 834 2080 870 quatinus
2101 844 2162 871 erga
2182 835 2295 865 distum

1238 869 1364 908 Patrem,
1389 881 1439 909 pro
1461 873 1640 910 promotione
1662 870 1769 909 praefati
1790 869 1929 909 Negotii,
1948 871 2047 900 instare
2062 872 2166 910 velitis,
2191 874 2223 903 ὃς
2245 883 2296 911 pro

1237 909 1415 947 expeditione
1429 910 1500 940 illius
1513 910 1578 940 dare
1593 919 1708 949 operam
1723 908 1886 946 efficacem,

1276 948 1538 979 Recommendatos
1559 948 1706 986 habentes,
1730 947 1819 977 nostri
1841 947 1956 983 intuitu,
1976 945 2096 985 Fratres,
2121 947 2296 979 Richardum

1236 985 1272 1017 de
1288 986 1409 1024 Burton,
1425 987 1458 1017 ὃς
1474 986 1613 1017 Andream
1625 986 1662 1017 de
1678 985 1833 1024 Assakeby,
1849 984 1919 1015 dieti
1935 984 2051 1015 Ordinis
2066 984 2299 1026 Professores,qui

1238 1024 1272 1054 ad
1287 1025 1396 1055 distum
1411 1026 1561 1062 negotium
1580 1024 1777 1062 exequendum
1799 1020 2034 1062 transmittuntur,
2051 1024 2088 1054 eis
2103 1024 2248 1054 Auxilium
2267 1026 2300 1055 δε

1238 1062 1396 1093 Consilium
1409 1064 1561 1094 efficaciter
1575 1062 1776 1101 impendendo.

1275 1100 1341 1132 Dat.
1360 1102 1434 1140 apud
1454 1102 1597 1140 Eborum,
1614 1101 1750 1133 vicesimo
1766 1099 1841 1130 sexto
1860 1099 1906 1130 die
1922 1098 2069 1131 Ostobris.

1313 1233 1361 1265 De
1383 1227 1587 1266 Libertatibus
1612 1230 1735 1263 Comitis
1757 1225 1932 1271 Lancastriae
1953 1227 2039 1270 illesis
2052 1228 2221 1271 ftrvandis.

1241 1317 1359 1372 REX
1378 1315 1536 1354 Edwmdo,
1560 1315 1674 1347 Comiti
1695 1314 1830 1353 Cestrioe,
1849 1314 1920 1345 Filio
1940 1312 1990 1344 suo
2012 1311 2171 1350 carissimo,
2190 1313 2232 1343 vel
2250 1315 2306 1351 ejus
2326 1311 2397 1344 Ann.
2411 1311 2451 1349 D.

1311 1356 1472 1395 Justiciario
1487 1355 1592 1386 ibidem
1602 1378 1610 1390 ,
1627 1355 1753 1385 salutern.
2342 1351 2426 1390 1318.

1280 1395 1377 1434 Qia,
1392 1395 1508 1425 dileti’tus
1524 1393 1755 1430 Consanguineus
1768 1393 1800 1423 &
1814 1391 1900 1422 fidelis
1921 1390 2031 1429 noster,
2049 1389 2177 1420 Thomas
2198 1389 2306 1421 Comes
2323 1393 2375 1417 An.
2395 1400 2437 1417 12.

1244 1433 1414 1465 Lancastriae
1428 1433 1546 1469 intelligi
1562 1433 1644 1462 nobis
1657 1431 1732 1462 dedit
1741 1455 1749 1469 ‚
1766 1430 1841 1469 quod
1854 1430 1942 1468 plures
1956 1428 2098 1459 Homines
2110 1428 2189 1467 ipsius
2202 1427 2306 1459 Corni-
2323 1432 2352 1456 Ε.
2366 1438 2391 1454 2.

1243 1475 1275 1503 tis
1308 1474 1341 1503 &
1363 1473 1423 1509 alii,
1441 1472 1501 1502 tam
1526 1481 1577 1508 pro
1590 1470 1801 1500 dissensionibus
1823 1470 1895 1499 inter
1916 1466 2161 1497 Communitatem
2182 1465 2308 1498 Civitatis
2324 1466 2409 1502 Claus.

1244 1497 1379 1548 Cgstriae,
1398 1511 1430 1541 ὃς
1445 1508 1512 1540 alios
1525 1509 1673 1547 suscitatis,
1689 1509 1721 1539 &
1737 1507 1877 1545 Dampnis
1896 1506 1964 1536 hinc
1981 1506 2047 1536 inde
2067 1505 2152 1543 datis,
2170 1507 2255 1544 quam
2274 1515 2307 1536 ex
2331 1513 2369 1531 iz.
2386 1508 2411 1533 Ε.
2430 1507 2460 1531 2-4

1244 1550 1300 1581 aliis
1315 1549 1416 1587 caulis,
1433 1559 1481 1586 per
1496 1557 1547 1577 vos
1559 1547 1702 1585 indietati,
1720 1546 1854 1584 Arestati,
1872 1545 1905 1575 &
1921 1543 2035 1575 Carceri
2051 1545 2218 1583 mancipati,
2325 1552 2362 1569 m.
2379 1550 2424 1577 25.

1284 1588 1364 1626 Qui,
1380 1586 1532 1617 secundum
1557 1585 1668 1623 Legem
1691 1586 1724 1615 &
1747 1583 1987 1614 Consuetudinem
2010 1583 2128 1620 partium
2150 1582 2260 1614 illarum
2297 1593 2312 1614 a

1247 1626 1373 1666 prisona,
1397 1625 1451 1663 qua
1470 1624 1508 1654 sic
1529 1622 1702 1661 detinentur,
1721 1622 1756 1652 ad
1780 1623 1946 1660 petitionem
1969 1620 2140 1651 Ballivorum
2154 1621 2234 1659 ipsius
2301 1638 2314 1644 -

1250 1666 1325 1696 mitis
1339 1663 1526 1700 Lancastriae,
1543 1663 1573 1692 in
1588 1662 1707 1700 partibus
1725 1660 1790 1698 illis,
1809 1670 1858 1699 per
1873 1660 2031 1698 plevinam,
2049 1660 2098 1689 sub
2113 1659 2190 1690 certa
2202 1659 2295 1690 forma
2304 1683 2314 1698 ‚

1250 1703 1395 1734 deliberari
1410 1700 1583 1738 debuissent,

1287 1742 1320 1772 In
1336 1741 1437 1771 effidem
1453 1739 1580 1778 prisona,
1600 1745 1697 1769 contra
1713 1737 1823 1777 Legem
1836 1737 1870 1767 &
1887 1735 2127 1767 Consuetudinem
2150 1737 2316 1776 praedietas,

1250 1782 1410 1812 detinentur
1419 1790 1425 1809 :

1290 1819 1373 1858 Nos,
1391 1818 1514 1849 volentes
1527 1816 1604 1854 super
1620 1815 1751 1853 Negotio
1771 1814 1907 1852 praedidto
1923 1813 1999 1851 quod
2016 1813 2123 1851 justum
2146 1812 2227 1843 fuerit
2242 1812 2318 1851 sieri,

1250 1859 1283 1889 ἃ
1300 1868 1368 1887 curn
1384 1857 1584 1887 deliberatione
1601 1854 1706 1884 maturil
1721 1855 1750 1883 in
1764 1853 1865 1883 eodem
1880 1851 2012 1890 procedi,

1287 1896 1376 1926 Vobis
1390 1895 1569 1932 mandamus,
1586 1892 1699 1923 firmiter
1714 1893 1907 1930 injungentes,
1926 1889 2004 1928 quod
2025 1889 2060 1919 de
2081 1890 2150 1926 hiis,
2169 1899 2232 1927 quae
2257 1889 2318 1920 Ho-

1250 1936 1341 1966 mines
1361 1934 1466 1972 praefati
1490 1932 1615 1963 Comitis
1635 1930 1822 1973 Lancastriae,
1840 1929 1872 1960 &
1892 1930 1975 1966 alios,
2001 1929 2049 1967 qui
2062 1951 2071 1964 ,
2097 1927 2130 1958 ad
2154 1929 2319 1966 petitionem

1251 1973 1422 2004 Ballivorum
1437 1970 1561 2010 ejusdem
1577 1969 1720 2007 Comitis,
1735 1980 1752 2000 a
1771 1967 1892 1998 Carcere
1906 1966 2052 1997 deliberari
2071 1966 2201 1996 deberent
2216 1968 2244 1995 in
2260 1966 2319 1995 for-

1252 2012 1299 2041 mii
1313 2011 1484 2048 supradidffi,
1502 2017 1621 2045 tangunt
1637 2030 1646 2045 ,
1669 2017 1767 2037 coram
1787 2007 1869 2037 vobis
1881 2028 1890 2043 ,
1915 2004 1998 2042 usque
2017 2004 2052 2034 ad
2073 2004 2253 2034 Comitatum
2269 2015 2319 2034 ve-

1252 2050 1340 2080 strum
1357 2050 1409 2078 hac
1424 2047 1533 2078 instanti
1548 2047 1594 2076 die
1615 2045 1714 2075 Martis
1737 2044 1906 2080 tenendum,
1929 2043 1962 2073 &
1986 2051 2105 2079 ezx'tunc,
2123 2042 2157 2072 ad
2180 2042 2223 2071 sex
2240 2042 2321 2079 septi-

1252 2097 1346 2118 manas
1363 2087 1503 2124 proximas
1520 2084 1659 2122 sequentes
1681 2082 1853 2120 completas,
1868 2080 2071 2119 supersedeatis,
2089 2090 2140 2111 vos
2161 2080 2227 2111 inde
2248 2082 2321 2111 inte-

1253 2128 1308 2157 rim
1322 2127 1351 2154 in
1367 2124 1445 2155 nullo
1459 2125 1680 2153 intromittentes.

1292 2164 1356 2194 Nos
1369 2164 1463 2201 enim,
1480 2162 1597 2192 dilectos
1610 2161 1643 2190 &
1659 2159 1750 2190 fideles
1765 2158 1890 2196 nostros,
1908 2157 2061 2196 Rogerum
2076 2156 2111 2187 de
2126 2156 2246 2188 Mortuo
2256 2157 2323 2189 Ma-

1253 2204 1278 2233 ri
1293 2202 1328 2232 de
1343 2200 1434 2232 Chirk
1444 2224 1452 2239 ,
1467 2199 1659 2238 justiciarium
1675 2197 1802 2228 nostrum
1818 2199 1847 2227 in
1860 2196 1989 2234 Wallia,
2004 2195 2165 2233 Johannem
2181 2196 2216 2226 de
2232 2196 2324 2236 Grey,

1254 2242 1289 2271 &
1302 2241 1461 2279 Johannem
1473 2238 1508 2269 de
1522 2238 1654 2277 Somery,
1672 2236 1706 2267 ad
1729 2244 1815 2274 partes
1829 2234 1928 2266 vestras
1940 2236 1970 2265 in
1982 2235 2063 2264 brevi
2077 2236 2257 2271 proponimus
2271 2235 2321 2265 de-

1254 2276 1370 2346 stins‘ine3
1394 2279 1449 2308 sine
1474 2278 1574 2317 quibus
1596 2285 1645 2313 per
1670 2284 1720 2305 vos
1744 2273 1813 2305 nihil
1836 2274 1950 2304 interim
1975 2271 2032 2302 fieri
2052 2271 2181 2303 volumus
2198 2273 2233 2303 de
2251 2283 2324 2312 prae-

1255 2327 1297 2346 mi
1321 2327 1350 2346 is.

1294 2354 1430 2385 Praeterea
1445 2355 1526 2385 vobis
1541 2353 1656 2383 firmiter
1671 2352 1848 2391 injungimus
1867 2351 1901 2381 &
1920 2348 2104 2388 mandamus,
2127 2349 2203 2389 quod
2225 2349 2324 2387 praefa-

1255 2400 1320 2423 tum
1333 2392 1482 2423 Comitem
1506 2391 1675 2423 Lancastriae
1694 2390 1882 2427 libertatibus,
1900 2388 2001 2427 quibus
2021 2387 2077 2426 ipse
2097 2388 2137 2418 uti
2158 2387 2266 2426 debet,
2290 2390 2324 2419 &

1257 2431 1331 2469 ipse,
1346 2432 1379 2462 ὃς
1401 2429 1593 2461 Anoeceffores
1617 2429 1731 2466 Alesiae,
1749 2428 1858 2459 Uxoris
1878 2426 1949 2465 suae,
1967 2428 1997 2457 in
2018 2426 2139 2464 partibus
2162 2426 2214 2457 illis
2234 2428 2272 2457 uti
2290 2427 2323 2457 δε

1255 2470 1378 2507 gaudere
1399 2470 1621 2507 consueverunt,
1648 2467 1749 2507 absque
1773 2466 1996 2505 impedimento,
2014 2465 2102 2496 uti&
2125 2464 2247 2503 gaudere
2262 2475 2325 2503 per-

1257 2517 1376 2538 mittatis.

1294 2546 1382 2578 Teste
1398 2546 1481 2585 Rege
1495 2544 1568 2585 apud
1584 2543 1713 2576 Eborum
1723 2567 1734 2583 ,
1750 2542 1872 2575 secundo
1887 2542 1932 2573 die
1947 2541 2136 2574 Novembris.

1725 2623 1778 2651 Per
1796 2620 1880 2661 ipfitm
1897 2623 1994 2658 Regem
2010 2618 2049 2655 ὠ·
2067 2619 2218 2650 Concilium.

1302 2748 1360 2783 Ad
1383 2748 1576 2791 Cardinales‚
1595 2747 1685 2794 staper
1702 2744 1916 2793 pardonatione
1941 2746 2062 2777 Comitis
2087 2740 2274 2786 Lancastriae.

1308 2834 1388 2873 EX,
1405 2834 1565 2865 Venerabili
1585 2834 1615 2863 in
1637 2830 1752 2862 Christo
1767 2829 1860 2867 Patri,
1880 2829 2012 2860 Domino
2035 2829 2071 2860 L.
2092 2828 2185 2860 Tituli
2208 2828 2318 2860 Sanetae
2337 2847 2401 2879 Am
2430 2848 2462 2878 D

1325 2873 1427 2903 Mariae
1438 2874 1466 2902 in
1484 2872 1542 2903 Via
1557 2871 1610 2902 lata
1622 2869 1756 2900 Diacono
1769 2869 1931 2907 Cardinali,
1949 2867 2080 2907 salutern,
2099 2869 2132 2900 ὃς
2148 2868 2260 2899 sincerae
2274 2867 2316 2898 di-
2364 2897 2376 2917 1
2403 2873 2436 2916 ἐς
2464 2870 2470 2876 ·

1251 2908 1380 2941 1εᾶὶίοηὶε
1393 2910 1538 2941 affectum.
2222 2945 2226 2950 Δ
2334 2897 2395 2953 „4713
2407 2905 2446 2953 ιζ’

1288 2949 1366 2980 Pater
1380 2949 1565 2986 Rewrende,
1583 2946 1645 2986 post
1663 2945 1802 2977 recessum
1820 2944 1946 2976 vestrum
1967 2945 2003 2976 de
2024 2943 2263 2986 Notynghamial,
2281 2945 2315 2975 ad
2339 2969 2357 2991 E
2378 2950 2392 2990 3-
2423 2948 2448 2955 “”

1249 2986 1476 3027 Requifitionem
1493 2986 1681 3026 Magnatum,
1698 2986 1731 3016 &
1749 2985 1866 3015 aliorum
1890 2984 1925 3014 de
1947 2983 2085 3014 Concilio
2105 2983 2217 3021 nostro,
2236 2985 2317 3013 nobis
2334 2985 2401 3029 [tim.
2422 3002 2438 3023 ,1

1248 3033 1316 3056 tunc
1330 3025 1526 3064 assistentium,
1544 3035 1596 3063 pro
1613 3023 1705 3062 malis,
1723 3024 1796 3061 prius
1814 3024 1843 3052 in
1867 3022 1975 3057 Regno
1994 3022 2090 3052 nostro
2111 3022 2248 3059 radicatis,
2266 3031 2314 3051 ex·
2334 3045 2365 3067 Fr
2397 3012 2452 3066 ΠΨ

1245 3064 1394 3102 tirpandis,
1411 3066 1444 3095 &
1459 3064 1536 3094 bono
1548 3064 1653 3093 votivae
1668 3062 1787 3092 caritatis
1803 3061 1836 3092 ὃς
1849 3061 2007 3091 dileffionis
2020 3060 2220 3096 confovendo,
2239 3069 2311 3102 con-
2333 3083 2354 3105 E
2368 3061 2387 3104 ‘2
2409 3086 2436 3104 m

1245 3102 1401 3133 celsinius²¹⁸=
1411 3113 1462 3140 pro
1476 3100 1807 3138 dileetoConsanguineo
1821 3100 1854 3130 &
1870 3099 1942 3129 fideli
1958 3097 2197 3140 nostro,Tlioma
2207 3096 2311 3126 Comi·
2339 3099 2369 3143 μ’)
2393 3098 2414 3143 'A
2439 3099 2446 3105 ⁰

1248 3149 1275 3171 te
1292 3140 1477 3179 Lancastriae,
1494 3141 1527 3171 &
1540 3139 1715 3170 Hominibus
1729 3138 1779 3169 suis
1799 3138 1879 3176 (quos
1893 3139 1974 3167 nobis
1982 3137 2095 3167 ducerer
2103 3135 2309 3178 nominandos)
2357 3138 2380 3173 ,g
2395 3136 2438 3181 H'I

1247 3179 1283 3209 de
1297 3180 1473 3210 omnimodis
1489 3179 1608 3209 Feloniis
1623 3178 1656 3208 ἃ
1680 3175 1975 3214 Transgreffionibus,
1994 3185 2041 3212 per
2062 3175 2135 3217 ‘ipsos
2154 3175 2311 3217 perpetratis
2376 3175 2450 3226 7⁴⁶·-

1248 3218 1278 3247 in
1295 3217 1397 3257 Regno
1412 3217 1527 3256 nostro,
1547 3216 1630 3254 usque
1645 3215 1678 3246 ad
1694 3215 1843 3253 septimum
1857 3215 1932 3244 diem
1949 3211 2068 3249 Augusti
2089 3219 2222 3249 proximo
2243 3222 2315 3249 prae-
2396 3212 2406 3229 ³

1248 3257 1359 3287 teritum
1380 3257 1449 3294 (quo
1468 3255 1514 3286 die
1529 3265 1580 3286 nos
1599 3255 1632 3285 &
1655 3254 1744 3284 dietus
1762 3252 1887 3290 Comes,
1904 3253 1932 3281 in
1953 3251 2043 3281 vestr&
2066 3250 2228 3288 praesentia,
2247 3251 2314 3281 iicut

1247 3294 1337 3333 scitis,
1355 3305 1406 3325 nos
1428 3296 1528 3325 mutuo
1553 3292 1727 3330 videbamus)
1749 3291 1852 3321 nostras
1875 3290 1992 3321 Litteras
2014 3288 2241 3327 Pardonationis,
2260 3288 2315 3319 sine

1249 3331 1445 3372 Conditione,
1465 3332 1610 3371 Speciales.
2294 3365 2300 3370 .

1283 3370 1506 3402 Protestabamus
1519 3380 1612 3401 tamen
1627 3369 1704 3407 quod
1713 3368 1871 3398 intentionis
1884 3366 1986 3396 nostrae
1999 3375 2057 3395 non
2072 3374 2144 3402 erat,
2164 3364 2243 3407 quod
2254 3374 2315 3401 quis

1248 3410 1284 3440 de
1309 3409 1478 3448 praedatione
1498 3409 1610 3448 (vobis,
1626 3409 1658 3438 &
1679 3407 1831 3437 venerabili
1847 3405 1921 3435 Patri
1942 3405 2074 3434 Domino
2099 3403 2138 3432 G.
2159 3402 2228 3445 tituli
2242 3402 2315 3432 San-

1248 3448 1365 3479 erorum
1381 3447 1542 3478 Marcellini
1563 3448 1596 3478 &
1613 3444 1688 3476 Petri
1707 3445 1861 3475 Presbitero
1878 3442 2036 3484 Cardinali,
2062 3439 2241 3484 {eu.vestris·,
2266 3449 2312 3472 aut

1248 3487 1325 3524 ipsius
1341 3485 1493 3517 Cardinalis
1506 3485 1686 3516 familiaribus
1699 3494 1786 3522 nuper
1802 3482 1885 3519 fastr'i)
1905 3484 2051 3511 occasione
2074 3478 2232 3516 hujusmodi
2248 3486 2311 3517 par-

1247 3525 1420 3563 donationis,
1438 3525 1574 3555 immunis
1589 3523 1714 3553 existeret
1728 3520 1925 3563 quovismodo.
1955 3558 1960 3563 .

1284 3562 1481 3594 Paternitatem
1493 3563 1575 3600 igitur
1583 3560 1706 3592 vestram
1721 3560 1875 3590 affeetuoiis
1888 3557 2013 3594 precibus
2020 3555 2214 3599 Deprecamiir
2221 3555 2311 3594 quod,

1245 3601 1265 3632 fi
1281 3604 1426 3638 contingat
1439 3601 1472 3632 ali
1493 3610 1578 3638 uem,
1597 3609 1663 3630 cum
1679 3597 1836 3635 hujusmodi
1852 3595 1961 3628 Litteris
1975 3592 2074 3637 nostris
2084 3593 2255 3637 simplieibus
2271 3594 2307 3624 de

1246 3639 1452 3671 Pardonatione
1464 3651 1478 3670 a
1514 3638 1634 3669 Curiam
1650 3637 1808 3667 Romanam
1821 3633 1969 3670 accedere,
1986 3632 2019 3662 &
2035 3631 2090 3661 illas
2114 3631 2220 3662 ibidem
2234 3631 2308 3662 litte-

1245 3689 1285 3709 ras
1299 3679 1448 3717 exhibere,
1464 3687 1531 3709 tunc
1547 3686 1597 3707 nos
1611 3676 1644 3706 &
1659 3673 1867 3704 Cancellarium
1887 3670 2031 3713 nostrum,
2041 3671 2126 3713 ¹super
2147 3670 2308 3701 confedtio-

1245 3728 1282 3748 ne
1297 3717 1404 3748 illarum
1419 3717 1603 3752 Litterarum,
1618 3712 1706 3742 velitis
1715 3712 1789 3749 juxta
1809 3708 1932 3740 vestrum
1953 3710 2097 3751 arbitrium
2113 3708 2255 3747 excusare,
2275 3709 2309 3740 &

1247 3755 1362 3786 Litteras
1378 3755 1433 3784 illas
1449 3764 1501 3792 pro
1513 3753 1591 3783 nullis
1604 3759 1743 3788 reputare,
1763 3749 1795 3778 ἃ
1811 3748 1867 3778 hoc
1881 3748 1938 3778 'tam
1953 3745 2131 3777 Sanetiffimo
2145 3748 2174 3776 in
2190 3746 2308 3778 Christo

1244 3793 1337 3832 Patri,
1354 3793 1487 3824 Domino
1499 3792 1620 3822 Summo
1634 3787 1779 3825 Pontifici,
1800 3786 1819 3816 si
1833 3784 1942 3817 necess‘e
1956 3784 2052 3824 fuerit,
2067 3785 2153 3823 quam
2167 3784 2223 3816 aliis
2243 3786 2309 3816 inti-

1245 3842 1329 3863 mare.

1282 3870 1347 3900 Dat.
1365 3869 1438 3907 apud
1456 3868 1606 3903 Eborum,
1625 3874 1670 3894 11.
1687 3863 1734 3895 die
1751 3862 1937 3894 Novembris.

1281 3907 1450 3939 Confimiles
1466 3906 1581 3936 Litterae
1594 3903 1753 3941 diriguntur
1766 3901 1902 3932 Domino
1915 3900 1957 3931 G.
1971 3900 2041 3932 tituli
2048 3900 2217 3933 Sanitorum
2225 3900 2306 3932 Mar-

1246 3947 1356 3986 cellini,
1374 3946 1407 3977 &
1424 3945 1499 3976 Petri
1512 3943 1668 3975 Presbitero
1681 3939 1836 3973 Cardinali.

1714 4055 1748 4085 X
2254 4053 2308 4081 Pro
