2562 4279
750 198 782 241 E
818 200 857 240 T*
943 201 979 238 A
1019 199 1133 239 (3'r
1172 199 1208 237 A

1293 196 1760 240 PUBLICA.
2266 199 2344 252 185

33 288 110 326 Ann.
119 286 159 322 D.
175 289 255 321 initas
268 289 451 328 (quamquam
464 289 542 326 super
554 287 612 318 hoc
627 287 726 326 pluries
741 285 884 324 requisitus
904 284 1007 321 fuisset)
1030 284 1121 315 facere
1140 284 1237 314 omni·
1273 286 1371 320 gimine
1391 283 1456 312 dicsli
1478 286 1561 320 Regni
1571 282 1616 322 sui
1635 283 1764 322 Angliae‚
1779 283 1842 313 diam
1860 284 1929 314 idem
1949 286 2079 314 Dominur
2100 280 2161 314 Rex
2181 286 2210 314 in
2224 284 2333 323 Anglii
2355 281 2482 319 Ann.D.-

53 339 136 370 1345.
177 338 217 358 no
232 328 367 358 recusavit
377 350 386 365 ,
403 327 441 357 set
457 327 536 357 Mala
552 326 637 356 Malis
651 326 739 356 multa
755 326 842 363 magis
856 323 1012 354 accumulat
1050 323 1109 367 Stra
1129 332 1175 352 em
1190 322 1237 351 Fi-

30 371 98 399 Edv.
117 379 143 406 3.
176 366 282 397 delium
298 366 480 403 nostrorum,
501 366 559 396 tam
576 366 603 394 in
618 364 727 401 Terra,
747 364 832 401 quam
848 364 875 392 in
902 361 994 398 Mari,
1012 346 1102 391 samen
1124 371 1161 397 o,
1180 358 1239 403 Ca-

179 405 232 435 stra
246 406 279 435 &
297 405 375 434 Loca
388 403 483 433 nostra
497 405 530 435 ὃς
546 403 684 432 Fidelium
701 401 866 432 nostrorum
879 401 908 429 in
922 400 1043 435 partibus
1064 399 1239 429 Transmari-

1278 332 1380 350 moram
1393 321 1500 359 trahit,
1518 322 1689 360 ordinatum,
1782 356 1785 358 v
2371 324 2456 362 13‘45'.

1316 359 1401 398 Qud
1417 360 1521 399 quidem
1540 359 1658 396 Sigillum
1680 359 1748 389 idem
1762 362 1892 389 Dominus
1905 363 1965 390 Rex
1980 372 1998 389 a
2011 360 2125 390 Roberto
2138 362 2170 390 de
2182 361 2335 400 Sadyngt'on
2354 363 2419 390 Ἐάν.
2439 370 2466 398 3.

1280 397 1445 427 cancellario
1452 397 1519 436 Ji'm,
1530 397 1609 436 fitper
1625 397 1746 436 Paffiigio
1753 397 1802 437 fico
1817 398 1909 437 ‘'verstu
1922 399 2009 427 dicias
2017 403 2113 437 partes
2127 398 2281 440 Flandriae,
2299 407 2332 431 d-

179 444 221 474 nis
236 443 372 473 hostiliter
386 441 546 472 invadendo
560 443 593 472 ἃ
608 440 781 479 usurpando,
800 440 833 470 &
849 448 900 469 nos
914 439 948 469 &
964 436 1075 468 nostros
1096 447 1150 474 pro
1173 437 1241 468 viri·
1274 437 1334 474 pud
1345 436 1445 464 didam
1461 434 1562 464 Villam
1577 436 1608 465 de
1621 436 1778 474 Sandwico,
1792 440 1867 474 prius
1880 440 1991 475 recepit,

179 482 232 512 bus
245 480 387 511 destruere
404 480 590 510 machinando
599 503 609 518 ,

217 519 273 550 Pei·
288 519 365 557 quod
381 518 467 548 dietas
493 519 641 556 Treugas,
659 516 749 548 taliter
768 514 883 547 violatas
894 538 903 552 ,
921 521 1080 551 reputamus
1102 523 1151 552 per
1174 517 1241 543 eum

184 557 247 589 fore
263 559 372 595 penitus
388 556 548 595 dissolutas,

221 595 292 626 Nos
306 596 405 634 igitur,
423 595 582 626 necessitate
595 594 705 633 coaffl,
724 602 777 630 pro
790 590 951 634 defensione
964 590 1058 629 Regni
1071 589 1157 620 nostri
1182 589 1243 632 An-

181 634 265 670 gliae,
283 644 315 663 ac
334 633 406 663 finali
427 632 614 673 Expeditione
636 631 758 662 Guerrae
779 628 939 666 praediz‘ltae,
953 630 1029 667 quta
1044 627 1242 659 Concordiam

185 672 368 702 Parliamenti
381 671 525 710 praedicti,
543 680 612 702 cum
625 678 689 700 toto
703 667 807 704 Posse,
826 668 903 705 quod
915 667 948 697 ad
970 667 1089 705 praesens
1110 675 1243 697 commo-

185 709 223 740 de
236 710 339 740 habere
354 710 513 748 potuimus,
530 709 608 747 supra
625 707 707 737 Mare
722 706 844 744 profeeci
858 705 967 743 sumus,

1320 474 1416 503 Eidem
1430 472 1610 513 Cancellario,
1624 477 1653 503 in
1667 475 1784 513 quadam
1800 474 1892 503 Burni
1905 475 2045 513 inclusum,
2060 472 2098 509 ό
2109 475 2199 513 Sigillo
2209 477 2335 514 praediai

1282 511 1411 550 Magistri
1431 511 1571 549 Johannis
1593 511 1788 551 consignatum,
1805 516 1833 541 in
1856 513 1964 550 Magne}
1984 513 2065 542 Aula*
2079 516 2156 550 Regis
2167 515 2240 552 apud
2251 515 2336 555 Wst-

1282 549 1486 589 monasterium,
1512 553 1541 579 in
1563 549 1614 580 loco
1636 551 1681 579 ubi
1703 551 1771 579 idem
1790 549 1970 580 Cancellarius
1990 555 2157 581 communiter
2168 552 2246 591 sedet
2264 557 2337 584 inter

1282 588 1393 618 clericos
1406 587 1593 625 Cancellariae,
1606 596 1655 627 pro
1671 588 1763 627 Officio
1778 587 1828 627 fico
1848 590 2007 628 exercendo,
2025 593 2054 619 in
2066 589 2213 629 prasentid
2233 602 2335 622 eorum·

1283 628 1341 656 dem
1355 625 1513 656 Clericorum
1525 625 1675 663 liberavit,

1320 667 1361 694 Et
1377 665 1444 693 idem
1460 663 1640 694 Cancellarius
1653 663 1772 700 Sigillum
1786 664 1856 694 illud
1862 664 1898 694 ab
1913 666 1999 695 eodem
2010 660 2142 703 Johanne
2178 671 2247 697 atim
2267 678 2337 699 rece-

1279 706 1323 742 pit
1333 728 1342 741 ,
1361 701 1398 737 ὠ·
1412 703 1512 732 dietum
1525 701 1645 739 Sigillum
1660 703 1753 732 ibidem
1770 714 1788 731 a
1805 706 1868 733 eriri
1901 702 1938 737 ὠ
1953 706 2060 733 Brevia
2074 703 2112 738 &⁹
2127 716 2145 733 a
2157 709 2184 735 ia
2197 706 2260 737 inde>
2278 718 2339 738 con-

224 748 467 786 Advertentesque
480 748 560 786 quod
575 749 603 777 in
616 746 816 776 fulcimentum
832 744 994 783 Progressus
1008 743 1116 781 nostri,
1131 742 1165 773 ad
1187 741 1245 772 Po-
1277 742 1397 782 fignari,
1416 739 1454 776 ό
1468 740 1628 779 illudsecum
1645 741 1685 770 ad
1696 743 1740 770 Ho
1749 710 1932 779 pitpiumsicum
1949 741 2049 780 deferri
2061 741 2143 779 fecit,-

185 787 301 818 tentiam
316 788 349 818 δε
366 786 507 817 Malitiam
520 786 588 816 tanti
610 783 765 813 Adversarii
786 782 1013 820 reprimendum,
1031 783 1064 813 ὃς
1085 780 1246 820 propulsan-

185 826 273 863 dum,
289 826 388 863 majori
402 834 523 855 numero
538 824 557 844 ’¹‘
571 822 736 853 Hominum
749 819 782 851 ad
797 821 905 860 Arma,
919 822 952 852 &
963 820 1082 851 aliorum
1098 819 1246 859 quamplu-

187 864 297 895 rimum
314 863 371 894 ind‘
392 873 488 901 emus,
1190 896 1195 901 ²

226 901 273 932 Ac
288 901 324 932 de
338 912 375 933 ve
402 912 434 932 ro
448 898 578 937 Auxilio,
597 899 630 930 &
646 899 766 930 aliorum
782 898 922 929 Fidelium
941 897 1102 928 nostrorum
1123 896 1246 927 maxime

188 940 219 972 in
232 941 291 971 tam
307 941 417 979 urgenti
432 937 589 969 necessitate
603 937 796 968 defensionem
820 937 889 968 dieti
911 936 1006 976 Regni
1024 935 1115 967 nostri
1134 934 1246 974 Angliae

190 980 376 1023 contingente
383 1001 393 1017 ,
409 978 508 1007 intime
520 976 693 1007 confidentes
700 1000 710 1014 ,

228 1016 338 1053 Vobis,
356 1017 386 1046 in
402 1014 470 1045 Fide
483 1015 516 1046 &
530 1014 674 1054 Ligeantiii
687 1015 788 1053 quibus
800 1014 883 1044 nobis
897 1014 1049 1051 tenemini,
1068 1011 1247 1049 mandamus,

188 1054 305 1086 firmiter
330 1054 518 1093 injungentes,
539 1053 619 1091 quod
640 1063 709 1091 vos,
727 1060 758 1084 ut
779 1052 943 1091 Comitem,
970 1062 1039 1082 cum
1062 1051 1144 1080 omni
1165 1050 1248 1080 Reti-

188 1092 284 1123 nentii
298 1091 388 1122 vestra
403 1103 455 1122 vos
469 1094 584 1132 paretis,
602 1093 639 1123 ita
651 1092 731 1131 quod
747 1101 815 1128 vos,
833 1090 921 1129 Equis
942 1091 975 1121 ὃς
996 1090 1108 1127 Armis,
1126 1090 1159 1120 ὃς
1183 1088 1247 1118 Ho-

189 1132 314 1162 minibus
328 1131 401 1161 bene
415 1131 535 1169 muniti,
553 1132 680 1168 prompti
692 1130 746 1161 sitis
761 1131 794 1161 δε
809 1131 892 1167 parati
908 1131 936 1159 in
951 1128 1037 1159 Festo
1053 1128 1148 1158 Sandti
1170 1127 1246 1156 Lau-

190 1170 289 1206 rentii,
307 1170 440 1206 proximo
455 1169 570 1208 futuro,
587 1170 615 1198 in
630 1169 697 1199 loco
710 1169 759 1199 ubi
776 1178 828 1199 vos
848 1168 997 1198 fecerimus
1018 1167 1197 1204 praemuniri,
1213 1164 1248 1194 ad

191 1207 424 1238 transfretandum
445 1208 596 1238 nobiscum
619 1207 653 1237 ad
675 1206 765 1236 Vadia
781 1205 897 1243 nostra,
922 1216 974 1243 pro
995 1205 1157 1235 defensione
1178 1203 1249 1233 dieii

189 1244 288 1285 Regni
302 1245 404 1283 nostri,
424 1247 457 1277 &
471 1245 660 1283 Expeditione
676 1245 874 1284 Negotiorum
888 1244 1108 1282 praedictorum,
1128 1243 1160 1272 δε
1173 1242 1249 1279 hoc,

191 1285 261 1314 sicut
284 1284 369 1322 Nos,
387 1286 420 1315 &
441 1284 595 1314 Honorem
619 1282 766 1322 nostrum,
783 1294 816 1314 ac
837 1283 1026 1313 Salvationem
1048 1283 1081 1314 ὃ(-
1098 1280 1250 1311 Defensio-

191 1332 257 1366 nem
274 1322 371 1366 Regni
386 1322 475 1353 nostri
487 1323 616 1362 diligitis,
633 1323 666 1353 &
683 1321 732 1352 sub
745 1322 922 1352 incumbenti
937 1320 1079 1359 periculo,
1098 1319 1250 1350 nullatenus

191 1368 337 1392 omittatis.

228 1399 316 1429 Teste
339 1399 497 1437 Leonello,
515 1399 587 1429 Filio
609 1399 696 1437 Regis
717 1398 880 1437 carissimo,
898 1396 1027 1429 Custode
1045 1396 1156 1437 Angliae
1178 1396 1250 1435 apud

193 1436 484 1469 Westmonasterium
492 1460 503 1476 ,
517 1446 618 1476 quarto
631 1437 760 1476 dieJulii.

36 818 169 859 *V·473·

695 1516 749 1543 Per
761 1516 854 1544 Breve
867 1515 898 1544 de
913 1516 1032 1543 Privato
1047 1511 1146 1550 sigillo.

197 1586 364 1623 Consimilia
378 1591 477 1624 Brevia
489 1591 641 1631 diriguntur
656 1591 810 1621 Batonibus
825 1592 857 1622 &
874 1590 1022 1620 Banerettis
1036 1589 1206 1629 subscriptis,
1215 1587 1251 1620 de

452 1630 642 1662 Comitatibus
656 1630 830 1668 subscriptis,
846 1629 993 1667 videlicet,
1014 1670 1017 1673 ἱ

193 1705 300 1746 Jacobo
322 1708 354 1738 de
377 1706 486 1738 Audele
508 1707 539 1737 de
558 1710 628 1737 Com.
647 1710 707 1736 De-

230 1756 286 1775 von
291 1768 296 1775 .

712 1714 737 1812 }
746 1744 910 1777 Batonibus.

193 1783 322 1822 Johaimi
338 1785 369 1815 de
378 1788 495 1821 Segrave
511 1784 542 1814 a'e
551 1787 623 1814 Com.
632 1786 705 1814 Leic.

192 1859 322 1899 Johannt'
337 1865 469 1901 Daunei‘,
1019 1859 1038 1890 Ἳ

191 1899 320 1937 Johanni
342 1903 366 1930 E
370 1902 509 1937 rcalekne,

192 1936 321 1975 Johanni
335 1941 474 1967 Botreaux
488 1945 512 1968 le
520 1941 610 1977 piere,

191 1975 308 2007 Roberto
323 1979 390 2005 Fitz
405 1980 498 2016 Payn,

189 2015 305 2043 Ricardo
321 2018 410 2051 Cugan
419 2039 427 2050 ,

192 2052 333 2089 Radulpbo
348 2053 378 2082 de
401 2052 558 2093 VVelyngton
580 2052 612 2082 de
633 2054 704 2081 Com.

231 2090 320 2120 Glour.

707 1860 772 1968 }de
787 1897 902 1928 Cornub.

706 1988 728 2038 }
742 1993 774 2024 de
787 1998 858 2024 Com.
873 1991 981 2029 Somers.

192 2127 322 2168 Johanni
335 2129 367 2159 de
382 2128 488 2166 Haulo,

191 2167 336 2197 Edwardo
351 2168 382 2196 de
402 2167 575 2197 Coi-newaill.

191 2207 275 2236 Petro
289 2206 319 2234 de
333 2206 526 2244 Grmdiffimo,

191 2244 340 2281 Reginaldo
354 2244 385 2273 de
402 2247 488 2284 Grey‚

192 2284 292 2319 Rogero
308 2283 450 2312 chaundos
458 2305 468 2321 ,

173 2321 177 2330 ¹
191 2319 322 2359 Johanni
332 2323 478 2360 Dengayne
487 2321 518 2350 de
533 2322 603 2350 Com.
612 2321 702 2350 Hunt.

191 2359 321 2397 Johanni
341 2359 526 2398 Lestraunge,

190 2397 320 2436 Johanni
333 2399 365 2427 de
378 2397 548 2438 Leyhourne,

191 2439 292 2472 Rogero
309 2435 406 2466 Corbet

190 2474 323 2543 {qhgrjni
335 2475 370 2543 dle,
381 2460 533 2541 Csserlelton.

224 2523 247 2540 tc
267 2524 280 2541 o
292 2524 324 2542 ao
387 2517 469 2544 Canii
482 2525 498 2542 u
515 2524 546 2550 0,
913 2532 918 2537 ·

191 2549 342 2581 Willielmo
358 2552 388 2581 de
402 2521 574 2588 Deyncgurt‚
707 2522 728 2571 }
744 2529 775 2559 de
790 2533 862 2559 com'
878 2532 959 2560 ΞΛΜ·

191 2588 319 2627 Johanni
331 2589 457 2627 Bardolf
473 2589 504 2618 de
524 2593 595 2619 Com.
611 2586 705 2627 Norffl
1035 2510 1044 2594 Ι

192 2626 321 2666 Johanni
341 2628 372 2656 de
387 2627 508 2665 Verdon,
1035 2596 1044 2680 Ι

192 2664 339 2697 Willielmo
353 2665 381 2695 la
397 2664 504 2695 Zouche
518 2665 551 2694 de
574 2634 735 2777 Haryng-}
745 2681 777 2710 de
791 2684 862 2711 Com·
877 2676 983 2712 North.

191 2825 325 2884 REX,
340 2825 444 2855 diieno
458 2826 492 2856 &
510 2824 583 2855 fideli
597 2824 661 2862 sun,
674 2824 800 2863 Johanni
814 2823 851 2854 de
868 2823 1015 2863 Heyling,
1033 2821 1166 2853 Salutem.

709 2141 731 2191 }
745 2148 776 2178 de
790 2151 860 2178 Com.
875 2149 964 2177 Oxon.

1033 2253 1040 2302 l
1069 2293 1072 2295 ,

707 2215 774 2313 }de
787 2245 859 2272 Com.
872 2240 1016 2280 Herefiird.

1030 2298 1215 2345 >Bauer-citis.

705 2363 777 2508 }de
793 2418 865 2444 Com.
880 2413 966 2453 Salop.

230 2703 322 2733 worth

192 2742 304 2773 Warino
319 2727 343 2771 fe
360 2744 509 2782 Latymer‚

285 2864 366 2894 Cum
389 2865 418 2893 in
440 2863 542 2893 ultimo
563 2862 750 2893 Parliamento
763 2861 863 2892 nostro
877 2861 950 2899 apud
964 2861 1256 2891 Westmonasterium

192 2910 275 2934 tento
288 2902 413 2940 Praelati‚
431 2899 491 2937 &a
508 2908 539 2931 ut
565 2910 633 2940 upra
647 2900 726 2941 usque
740 2901 796 2940 ibi,
815 2901 917 2931 intime
931 2899 1120 2937 confidentes,
1142 2897 1179 2933 ό
1192 2906 1255 2929 tunc

202 2952 224 2970 16

187 2941 213 2981 s
231 2966 324 3010 Vobis
342 2980 372 3009 in
393 2978 462 3008 Fide
483 2979 516 3009 &
537 2977 680 3016 Ligeantia
702 2976 803 3015 quibus
823 2977 907 3007 nobis
923 2975 1059 3006 tenemini
1071 2976 1255 3014 mandamus,

194 3017 312 3048 firmiter
325 3018 517 3056 injungentes,
535 3016 615 3055 quod
635 3026 685 3047 vos
697 3016 734 3046 de
755 3015 860 3053 Equis,
878 3016 910 3046 ὅ(
933 3015 1043 3053 Armis,
1062 3015 1095 3045 &
1115 3014 1256 3044 Homini-

194 3057 246 3086 bus
260 3056 293 3086 ad
309 3055 410 3092 Arma,
430 3056 462 3086 &
475 3055 548 3094 aliis,
583 3064 668 3085 uanto
682 3054 824 3093 potentius
840 3055 872 3084 &
888 3053 1033 3083 decentius
1049 3053 1189 3091 poteritis,
1203 3062 1256 3084 vos

217 3096 313 3131 aretis,
330 3095 368 3124 ita
391 3093 468 3131 quod
487 3065 658 3131 vosfliquis
680 3093 714 3123 &
736 3092 849 3129 Armis,
867 3092 900 3122 ὃς
922 3091 1098 3121 Hominibus
1113 3091 1256 3129 praediffis

221 3133 274 3162 ene
288 3133 406 3170 muniti,
425 3133 547 3169 prompti
561 3132 615 3161 sitis
630 3132 663 3162 ὃς
677 3131 763 3169 parati
777 3131 805 3160 in
821 3130 904 3161 Festo
918 3130 1013 3160 Saneii
1028 3129 1168 3160 Laurentii
1188 3139 1256 3168 pro-

198 3171 278 3201 ximo
298 3171 411 3207 futuro,
430 3169 488 3205 &c.
508 3177 539 3199 ut
550 3169 645 3209 Jispra.

657 3245 709 3276 Per
728 3248 821 3275 Breve
839 3244 870 3274 de
887 3245 1006 3274 Privato
1024 3243 1123 3282 Sigillo.

251 3331 417 3363 consimilia
439 3331 537 3363 Brevia
556 3331 712 3399 diriguntug·
726 3330 906 3400 ¹subtscripti53
930 3329 980 3361 sub
1001 3329 1101 3362 eidem
1121 3330 1200 3369 data,

660 3380 689 3401 vi
710 3380 725 3400 e
737 3379 778 3400 ice
799 3393 808 3407 ,

235 3447 354 3486 Philippo
369 3448 401 3477 de
417 3441 534 3486 Nevill‚

237 3488 278 3516 W
279 3486 385 3516 illielmo
398 3484 488 3526 Dyfizy
497 3509 506 3524 ,

237 3524 370 3555 Richardo
383 3527 489 3563 Byron,
508 3522 568 3558 &c.

198 3561 340 3593 Militibus
352 3563 388 3592 de
404 3561 492 3592 Com.
513 3560 644 3592 Lincoln.

234 3600 369 3631 Richardo
384 3603 475 3640 Byron
489 3599 512 3629 le
525 3603 590 3629 Fitz
599 3622 608 3637 ,

231 3639 360 3678 Johanni
373 3637 525 3677 Haunsard
534 3638 566 3667 de
580 3635 795 3676 Northkellesbye
802 3660 813 3675 ,

232 3677 367 3707 Richardo
381 3680 534 3715 Daumpere
545 3698 555 3714 ,
573 3674 632 3710 &a

197 3714 353 3756 Armigeris
365 3715 401 3746 de
414 3714 505 3746 Com.
524 3714 657 3745 Lincoln.

51 3834 68 3850 ⁰
78 3836 101 3860 V
109 3840 182 3869 474·

53 3872 131 3901 Arm.
141 3869 183 3899 D.

84 3916 166 3947 1345.
213 3937 217 3939 ,
646 3938 654 3947 ,
775 3942 780 3946 .
1054 3943 1058 3947 .
1228 3942 1233 3947 .

54 3951 106 3975 Aa.
125 3957 167 3982 19.
202 3934 311 4001 ME
320 3947 376 3970 Mo
385 3949 409 3971 R
419 3950 437 3971 A
448 3948 471 3971 N
480 3947 531 3970 DU
542 3947 569 3969 M
578 3961 588 3978 ,
605 3939 680 3980 quod
697 3942 829 3969 Dominus
850 3941 927 3976 Rex,
943 3949 962 3968 a
979 3939 1106 3978 partibus
1119 3938 1257 3969 Flandrrae

53 3989 85 4012 Ε,
107 3994 132 4021 3,
297 3980 326 4007 in
348 3978 483 4016 Angliam
499 3978 618 4016 rediens,
635 3977 754 4017 vicefimo
762 3977 842 4016 fi’xto
855 3978 896 4007 die
908 3976 1002 4016 Julii,
1019 3982 1106 4008 Anno
1115 3976 1258 4017 praesenti‚

51 4022 188 4060 clasis.19,
203 4012 277 4054 apud
288 4016 461 4047 Sandwicum
471 4016 539 4047 horti
548 4015 639 4055 prima
654 4015 798 4054 applicuit,
816 4014 855 4049 ὠ
871 4015 997 4055 tricefimo
1018 4017 1061 4046 die
1109 4014 1175 4055 ulii,
1194 4023 1258 4046 tunc

55 4065 85 4088 E.
96 4067 152 4097 3,p,
163 4070 188 4088 2,
198 4053 321 4093 proxime
337 4052 483 4094 sequente,
501 4054 632 4095 Magister
654 4053 797 4093 Johannes
821 4054 852 4083 de
871 4054 985 4084 Thoresb
1007 4078 1017 4092 ,
1035 4058 1073 4083 Cu
1098 4065 1124 4084 os
1143 4056 1259 4085 Privati

56 4108 94 4127 m,
105 4106 148 4128 ιι,
162 4099 188 4128 d,
201 4090 290 4161 Sigilzli
301 4092 596 4163 diailDffimhf-issegis’
613 4093 745 4135 quoddam
760 4095 894 4132 Magnum
905 4091 972 4132 Sigil
981 4103 1024 4125 um
1038 4096 1133 4134 Regis,
1144 4101 1195 4133 pro
1216 4100 1260 4134 re-<

284 4140 334 4162 orn.
385 4151 392 4159 .
438 4154 445 4162 .
511 4153 519 4162 .

371 3853 398 3880 '1‘
426 3856 472 3888 De
492 3853 602 3888 Reditu
617 3857 722 3902 Regis,
748 3866 768 3886 a
782 3851 921 3900 partibus
936 3853 1095 3888 Flandriae.

1322 782 1364 808 Et
1403 780 1456 809 uod
1467 780 1613 817 praediffur
1631 778 1730 808 Cancel
1739 782 1829 817 arius,
1847 781 1934 810 eodem
1953 779 2079 819 tricefimo
2094 782 2136 810 die
2149 781 2227 820 Julii
2260 783 2342 823 quod=

1285 819 1348 848 dam
1362 790 1440 848 azad
1451 820 1584 855 Magnum
1599 815 1716 854 Sigillum
1732 820 1825 855 Regis,
2233 807 2242 822 ²

1323 856 1409 895 <§Quod
1413 855 1468 897 fibi
1477 864 1528 894 pro
1542 858 1667 892 regimine
1680 856 1745 885 dicft'i
1761 857 1847 892 Regni
1859 855 1986 895 Angliae,
2003 856 2066 885 ditm
2080 858 2223 895 praedibius
2245 862 2342 889 Domi}

1286 905 1335 924 nus
1351 898 1411 924 Rex
1424 901 1506 923 extra
1517 895 1585 923 idem
1599 896 1717 930 Regnum
1732 892 1845 931 agebat,
1864 893 2006 923 liberatum
2020 894 2081 933 fuit
2094 896 2222 933 Johanni
2241 898 2272 927 de
2287 900 2343 927 Et-

1286 940 1351 1000 }m,
1370 932 1407 969 ὠ
1421 932 1549 971 Johanni
1563 932 1595 961 de
1609 934 1721 961 Houton
1735 935 1897 962 camerariis
1908 933 1941 962 de
1954 936 2089 962 Scaccario
2101 934 2213 974 ejusdem
2232 938 2343 966 Domini

1313 981 1326 1000 e
1342 982 1364 1000 is

1323 983 1360 1039 {n
1371 994 1491 1050 'quadam
1504 1008 1597 1038 Bursd
1605 1033 1615 1046 ,
1628 1007 1681 1047 βψ
1696 1007 1785 1046 Sigillo
1801 1007 1914 1048 ejustiem
1930 1009 2091 1039 Cancellarii
2099 1032 2109 1048 ,
2127 1011 2303 1052 confignatum
2314 1016 2344 1043 in

1280 1046 1428 1087 praesenthi
1443 1048 1568 1085 praedicli
1589 1046 1717 1086 Magistri
1734 1046 1876 1085 Johannis
1897 1045 1935 1082 <ly
1954 1047 2067 1078 aliorum
2079 1048 2235 1079 Clericorum
2243 1052 2345 1089 praedi-

1287 1088 1405 1123 Horum,
1423 1089 1451 1114 in
1461 1085 1596 1123 praea'iffld
1610 1085 1692 1115 Aula
1706 1083 1990 1126 Wstmonasterienst,
2004 1086 2136 1117 liberavit
2151 1091 2181 1118 in
2193 1088 2346 1128 Thesaura-

1289 1127 1333 1155 rid
1346 1123 1459 1164 ejusdem
1473 1126 1584 1154 Domini
1596 1125 1689 1161 Regis,
1701 1130 1783 1162 prout
1795 1127 1874 1154 moris
1888 1123 1940 1163 est,
1958 1123 2159 1164 custodiendum.

1325 1201 1531 1231 Memorandum
1546 1201 1578 1230 de
1591 1198 1747 1245 liberatione
1761 1202 1860 1237 Magni
1873 1200 1959 1238 Sigilli
1974 1204 2068 1241 Regis,
2087 1206 2168 1240 Magi
2190 1214 2219 1234 ro
2232 1203 2346 1244 Johan·
2364 1214 2473 1243 [hm-m.

1291 1243 1320 1269 ni
1333 1241 1364 1270 de
1381 1239 1495 1278 Offbrd,
1514 1249 1590 1279 quem
1605 1238 1738 1278 constituit
1752 1237 2050 1278 Caricellariunisirum,
2069 1238 2129 1276 ὀνκ,
2368 1262 2410 1281 ιο.
2419 1240 2475 1282 ‘5⁰74‘

1323 1365 1417 1409 Super
1430 1363 1598 1407 Provisione
1612 1361 1656 1395 ad
1670 1362 1830 1406 Ecclesiam
1850 1363 1994 1409 Elienftm
2007 1390 2017 1406 ‚
2042 1367 2078 1402 ᾤ·-
2097 1363 2133 1396 de
2150 1364 2316 1401 Credentia.

1294 1448 1477 1511 CLemens
1492 1448 1664 1488 Episcopus,
1682 1448 1784 1480 Servus
1798 1448 1953 1479 Servorum
1969 1448 2044 1491 Dei,
2063 1447 2182 1479 Dilecto
2196 1449 2284 1489 Filio,
2296 1451 2350 1490 Jo-
2370 1450 2446 1482 Ann.
2454 1449 2497 1481 D.

1348 1526 1353 1531 ⁸
1369 1488 1453 1517 hanni
1472 1489 1507 1518 de
1530 1489 1661 1528 Torsby,
1680 1487 1832 1518 Canonico
1850 1487 2060 1525 Lincolnienii,
2077 1487 2202 1518 Salutem
2220 1489 2254 1520 &
2270 1491 2351 1529 Apo·
2387 1498 2473 1529 1345.

1291 1524 1420 1556 stolicam
1436 1526 1677 1557 Benediifiionem.
2369 1531 2422 1556 An.
2441 1539 2484 1564 ¹9·

1330 1564 1452 1603 Nuper,
1464 1565 1571 1595 attentis
1585 1566 1720 1595 virtutum
1736 1563 2029 1602 meritis,Venerabili
2043 1563 2132 1594 Fratri
2143 1563 2351 1604 nostr0,Tho-
2369 1571 2399 1595 Ε.
2419 1577 2444 1604 3.

1291 1607 1348 1646 mae
1370 1602 1513 1642 Episcopo
1537 1601 1639 1633 Eliensi
1660 1601 1891 1641 suffragantibus,
1910 1603 1943 1633 δε
1958 1602 2133 1632 considerato
2148 1603 2351 1635 nichilominus
2367 1609 2406 1632 Ex
2422 1608 2479 1633 Au=

1290 1640 1338 1684 dili
1358 1649 1435 1684 enter
1448 1641 1526 1679 quod
1541 1641 1597 1679 ipse
1610 1641 1646 1671 de
1662 1641 1784 1678 partibus
1800 1640 1897 1680 Regni
1911 1641 2021 1680 Anglice
2035 1640 2182 1678 oriundus,
2196 1643 2229 1673 δε
2244 1642 2350 1674 zelator
2368 1651 2431 1681 togr.

1292 1650 1381 1723 exigit
1394 1679 1514 1723 fervidus
1529 1679 1644 1723 honoris
1658 1680 1691 1709 &
1704 1679 1852 1722 comodi,
1870 1677 2001 1709 carissimi
2022 1679 2051 1708 in
2073 1677 2191 1709 Christo
2215 1679 2278 1710 Filii
2296 1691 2352 1712 no-

1294 1716 1359 1756 stri,
1376 1716 1507 1748 Edwardi
1523 1717 1610 1747 Revis
1627 1717 1736 1756 Anghae
1752 1716 1881 1755 illustris,
1900 1718 1932 1747 ὃς
1946 1716 2041 1755 Regni
2053 1716 2106 1753 sui,
2125 1717 2161 1747 de
2176 1718 2292 1755 persona
2309 1721 2353 1758 ip-

1293 1755 1345 1786 sius
1360 1756 1550 1793 providimus,
1565 1741 1599 1785 (ἵε
1615 1755 1743 1786 Fratrum
1757 1754 1918 1786 nostrorum
1932 1754 2079 1792 Consilio,
2093 1753 2196 1786 Eliensi
2210 1756 2354 1798 Ecclefiae,

1293 1801 1361 1824 tunc
1384 1794 1518 1832 vacanti,
1545 1794 1649 1832 iibique
1672 1794 1793 1824 fecimus
1814 1793 1886 1832 apud
1909 1793 2013 1824 Sedem
2035 1792 2231 1833 Apostolicam
2251 1806 2354 1828 munus

1293 1831 1522 1863 Consecrationis
1538 1832 1675 1870 impendi.

1332 1869 1414 1900 Cum
1437 1879 1533 1901 autem
1553 1870 1708 1908 Episcopus
1728 1869 1761 1900 ad
1788 1877 1876 1907 partes
1899 1869 1972 1907 illas,
1990 1870 2023 1901 &
2041 1869 2163 1908 ejusdem
2178 1869 2267 1909 Regis
2282 1883 2355 1910 prae.

1294 1907 1423 1946 sentiam,
1449 1919 1516 1939 cum
1537 1909 1621 1948 gratia
1639 1908 1741 1938 nostrae
1765 1907 1989 1946 Benedietionis,
2015 1908 2147 1946 accedat,
2174 1908 2242 1940 Nos
2263 1911 2354 1948 ipsum

1293 1948 1326 1978 δε
1340 1947 1414 1977 suam
1429 1947 1582 1978 Ecclesiam
1598 1956 1654 1977 tuae
1667 1946 1926 1984 circumspectionis
1938 1947 2136 1977 benivolentice
2148 1949 2355 1980 commendan-

1294 1993 1351 2028 tes,
1370 1995 1431 2015 eam
1446 1995 1575 2025 rogamus
1590 1987 1694 2015 attente
1708 1986 1834 2022 quatinus
1848 1985 1927 2023 super
1942 1987 2024 2016 certis
2034 2008 2043 2023 ,
2060 1995 2109 2024 per
2124 1995 2176 2015 nos
2189 1985 2282 2017 eidem
2297 1989 2355 2018 im-

1293 2024 1402 2062 politis,
1421 2024 1488 2054 sicut
1513 2024 1568 2061 ipse
1590 2024 1639 2054 tibi
1658 2033 1689 2053 ea
1711 2023 1846 2060 explicare
1872 2033 1925 2061 pro
1938 2032 2012 2061 parte
2026 2022 2123 2054 nostra
2164 2024 2252 2054 lenius
2273 2034 2355 2063 pote-

1293 2064 1345 2130 ff'tb'
1365 2062 1452 2100 ipsum
1467 2063 1533 2093 velis
1547 2061 1642 2092 audire
1665 2062 1870 2099 favorabiliter,
1886 2061 1991 2100 sibique
2012 2062 2110 2093 Fidem
2160 2061 2284 2094 redulam
2305 2064 2368 2095 ada,

1315 2111 1322 2130 i
1344 2110 1398 2130 ere.

1333 2138 1400 2169 Dat.
1420 2139 1556 2171 Avinion.
1575 2138 1699 2169 secundo
1714 2137 1779 2169 Kal.
1799 2137 1920 2177 Augusti
1927 2160 1937 2177 ‚
1952 2137 2137 2170 Pontificati'ls
2154 2138 2244 2170 nostri
2266 2139 2354 2172 Anno

1295 2176 1418 2216 Quarto.

2065 2218 2100 2246 G.
2117 2216 2150 2246 de
2163 2215 2253 2246 Aula.

1983 2291 2073 2329 sigillo
2091 2290 2196 2332 avulsit.

1296 2419 1345 2451 De
1375 2418 1508 2450 Pericula
1531 2415 1680 2464 perdenda
1703 2414 1850 2449 Flandriae
1878 2413 2018 2448 obviate.-
2052 2417 2096 2447 Et
2123 2412 2221 2448 Rebus
2245 2414 2356 2451 ibidem

1338 2467 1471 2511 feliciter
1487 2464 1651 2509 stabilitis,-
1674 2477 1710 2497 ,τε
1734 2463 1770 2497 de
1788 2463 1925 2511 parando
1957 2463 2001 2496 ad
2020 2463 2260 2510 prcficifiendum
2288 2477 2357 2499 cum

1342 2518 1430 2561 Rege.
2189 2542 2191 2544 .

1295 2598 1410 2659 REX
1422 2598 1598 2646 yicecomiti
1613 2596 1800 2642 Lancastriae,
1818 2593 1953 2628 Salutem.
2100 2642 2103 2644 -
2169 2636 2174 2643 .

1385 2637 1466 2669 Cum
1480 2638 1611 2676 quaedam
1627 2635 1752 2667 Subsidia
1766 2645 1814 2673 per
1829 2634 1949 2666 Clerum
1965 2635 1998 2666 &
2013 2634 2263 2668 Communitatem
2276 2636 2356 2677 Reg-

2379 2597 2504 2631 Ann.De

1320 2677 1324 2681 .
1418 2679 1423 2683 ,
1521 2678 1525 2682 .
1584 2677 1588 2682 .
1675 2677 1681 2684 ,
1839 2674 1844 2679 .
2104 2676 2109 2680 .
2188 2677 2193 2682 .
2402 2641 2489 2677 1345·

1295 2686 1326 2706 ni
1337 2676 1425 2707 nostri
1441 2677 1554 2713 Angliae
1569 2677 1617 2714 (ita
1631 2674 1729 2713 quod,
1744 2675 1778 2705 ad
1791 2674 1972 2712 faciendum,
1988 2684 2036 2712 per
2051 2674 2111 2705 Dei
2126 2675 2354 2714 gratiam,finem
2373 2680 2425 2704 An.
2446 2687 2454 2704 ι
2460 2686 2489 2712 9.

1295 2714 1416 2783 Gifierrae
1438 2714 1541 2746 nostrae
1557 2739 1566 2753 ,
1593 2714 1676 2744 Mare
1696 2712 1871 2751 personaliter
1893 2713 2080 2750 transeamus)
2103 2715 2186 2744 nobis
2208 2714 2260 2745 sint
2283 2724 2355 2745 con-
2374 2719 2403 2741 E·
2426 2724 2451 2751 3.

1295 2763 1330 2784 ce
1356 2764 1386 2783 a:
2370 2756 2473 2781 francs
2500 2774 2508 2782 .

1335 2792 1354 2811 ²*
1374 2791 1427 2829 Et,
1446 2791 1577 2821 ordinato
1589 2799 1678 2828 nuper
1691 2796 1805 2827 propter
1817 2788 1876 2819 hoc
1890 2788 2017 2828 Passagio
2036 2789 2136 2820 nostro
2156 2789 2233 2828 supra
2255 2787 2354 2829 Mare,
2372 2795 2399 2819 E.
2414 2801 2438 2827 3.
2447 2764 2506 2829 μζ.

1296 2839 1412 2868 propter
1432 2830 1520 2867 aliqua
1544 2829 1634 2859 Nova
1655 2828 1756 2866 subita,
1775 2837 1837 2866 quae
1854 2836 1990 2858 venerunt
2002 2829 2099 2866 nobis,
2114 2828 2192 2866 supet
2204 2830 2355 2869 procintfitu
2375 2839 2410 2857 m.
2429 2839 2470 2858 12.
2482 2832 2508 2859 dr

1296 2868 1366 2898 dieti
1382 2868 1519 2905 Paffagii,
1537 2867 1572 2897 de
1585 2866 1746 2897 Perditione
1760 2866 1859 2896 Terrae
1872 2865 1976 2895 nostrae
1992 2865 2147 2905 Flandriae,
2165 2868 2199 2898 δε
2217 2877 2357 2905 quorum-
2376 2868 2391 2884 *
2403 2870 2507 2905 V.475„

1296 2906 1361 2936 dam
1383 2904 1771 2945 Alligatorum·nostrorum,
1790 2904 1840 2934 nisi
1860 2903 1925 2934 illuc
1947 2903 2038 2934 statim
2059 2905 2235 2942 personaliter
2248 2908 2358 2937 venire-·

1297 2954 1379 2982 mus,
1395 2945 1461 2975 illuc
1476 2954 1544 2974 cum
1559 2942 1709 2973 Excercitu
1722 2942 1837 2979 nostro,
1856 2942 1925 2972 sicut
1940 2941 2082 2973 necesfitas
2102 2944 2243 2983 exigebat,
2261 2945 2358 2976 transi-

1297 2984 1407 3020 vimus,
1425 2983 1458 3013 &
1472 2982 1579 3012 dietam
1593 2982 1712 3012 Terram
1730 2981 1867 3010 Flandriae
1884 2980 2020 3017 (laudetur
2042 2980 2133 3018 Deus)
2157 2981 2358 3021 stabilivimus,

1293 3022 1331 3052 ita
1348 3020 1428 3058 quod
1441 3030 1584 3058 nunquam
1599 3020 1651 3050 fuit
1667 3020 1695 3049 in
1713 3018 1856 3049 Fidelitate
1871 3018 1967 3050 nostra
1981 3021 2069 3058 magis
2081 3019 2175 3049 firma:

1332 3058 1486 3097 Cumque,
1502 3059 1537 3089 de
1552 3058 1633 3088 dietis
1648 3058 1769 3095 partibus
1792 3057 1966 3094 festinantes,
1985 3058 2058 3094 juxm
2079 3059 2203 3095 primum
2224 3057 2357 3096 Proposi-

1294 3106 1376 3136 tum,
1394 3098 1429 3129 ad
1440 3105 1529 3135 partes
1550 3096 1736 3127 Inimicorum
1758 3095 1938 3132 nostrorum,
1955 3106 2008 3133 pro
2027 3095 2071 3124 Ex
2093 3095 2215 3126 editione
2236 3096 2356 3128 Guerrae

1294 3136 1416 3175 nostrae,
1435 3135 1545 3166 transire
1559 3135 1784 3172 disponeremus,
1803 3134 1878 3164 irruit
1894 3134 1972 3171 super
1996 3143 2048 3163 nos
2101 3142 2180 3164 entus
2201 3138 2357 3166 contrarius

1295 3175 1328 3205 &
1350 3174 1427 3204 Tem
1448 3174 1534 3212 estaS,
1553 3175 1586 3204 &
1608 3173 1644 3203 fic
1665 3173 1698 3202 ad
1720 3171 1870 3202 Costeram
1892 3172 2003 3210 Angliae
2018 3181 2086 3202 cum
2103 3182 2207 3211 magno
2229 3175 2356 3212 periculo

1293 3213 1413 3252 projesti
1438 3214 1527 3243 uimus
1542 3212 1574 3242 &
1590 3213 1686 3249 inviti,
1704 3210 1849 3249 progressu
1863 3209 1934 3240 dieti
1955 3209 2074 3249 Passagii
2096 3220 2150 3248 pro
2169 3221 2238 3242 tunc
2262 3213 2355 3250 (quod

1294 3251 1414 3281 moleste
1426 3250 1551 3287 ferimus)
1567 3249 1722 3287 impedito:

1333 3289 1421 3326 Super
1437 3289 1552 3327 quibus,
1572 3287 1665 3319 habita
1679 3296 1746 3318 cum
1759 3286 1895 3323 Praelatis,
1913 3285 2093 3325 ComitibuS,
2112 3288 2145 3318 &
2159 3287 2216 3318 aliis
2238 3287 2356 3318 Nobili—

1293 3327 1383 3364 libus,
1408 3337 1440 3358 ac
1460 3327 1517 3357 aliis
1536 3327 1618 3357 nobis
1637 3325 1820 3356 assistentibus
1838 3348 1848 3363 ,
1872 3324 2073 3355 deliberatione
2117 3326 2215 3355 leniori
2230 3348 2239 3363 ,
2266 3329 2355 3358 extitit

1293 3367 1462 3396 unanimiter
1476 3364 1682 3396 concordatum
1697 3364 1796 3401 quod,
1814 3364 1847 3393 ad
1860 3363 2055 3394 transeundum
2109 3374 2168 3401 are,
2184 3373 2236 3401 pro
2247 3364 2354 3394 facien-

1292 3404 1333 3434 do
1347 3404 1402 3434 fine
1417 3404 1502 3434 dietae
1517 3402 1638 3433 Guerrae
1653 3401 1775 3439 nostrae,
1791 3411 1859 3432 cum
1875 3401 1936 3432 tota
1952 3400 2102 3439 Potentia,
2118 3411 2204 3439 quam
2219 3402 2352 3442 colligere

1293 3441 1437 3480 possemus
1447 3465 1457 3480 ,
1474 3452 1526 3471 nos
1540 3441 1666 3471 celeriter
1679 3450 1822 3478 paremus:

1331 3480 1377 3511 Ac
1392 3480 1460 3511 dieti
1473 3479 1603 3510 Comites
1614 3480 1647 3510 &
1662 3478 1788 3508 Nobiles
1798 3500 1807 3515 ,
1817 3478 1899 3507 nobis
1915 3486 1984 3509 tunc
2000 3476 2209 3516 affistentes‚ad
2222 3478 2259 3509 sic
2267 3487 2355 3510 trans-

1292 3518 1420 3587 eutIixtfium
1433 3517 1582 3549 nobiscum
1596 3517 1729 3548 benivole
1744 3516 1962 3554 concesserunt,

1369 3567 1401 3587 os

1330 3579 1419 3626 Tam,
1429 3604 1482 3632 pro
1503 3593 1664 3624 defenfione
1685 3591 1836 3635 necessaria
1857 3591 1927 3621 dieti
1949 3591 2046 3630 Regni
2066 3591 2171 3630 nostri,
2196 3593 2230 3623 &
2251 3589 2354 3625 Eccle-

1293 3633 1339 3664 siae
1357 3633 1482 3671 Sanc'tae,
1509 3633 1543 3664 &
1565 3631 1692 3663 succursu
1719 3630 2003 3671 Conianguineorutn
2023 3630 2055 3660 ὅ(
2073 3631 2191 3660 aliorum
2213 3631 2353 3663 Fidelium

1293 3671 1458 3702 nostrorum
1484 3671 1513 3700 in
1537 3669 1676 3701 Vasconia
1697 3671 1730 3701 &
1753 3667 1916 3706 Britannia,
1949 3669 2028 3705 super
2053 3667 2242 3706 Expeditione
2265 3670 2354 3702 dietae

1294 3711 1416 3741 Guerrae
1428 3708 1533 3740 nostrae
1545 3708 1740 3745 existentium,
1756 3707 1842 3745 quam
1857 3716 1910 3744 pro
1925 3704 2055 3737 faciendo
2067 3705 2123 3736 fine
2143 3706 2238 3737 eidem
2256 3706 2357 3740 Guerd

1295 3756 1334 3779 rae

1330 3771 1465 3823 Veientes
1479 3782 1596 3816 celerius
1609 3785 1642 3816 &
1658 3784 1801 3823 potentius
1815 3792 1873 3821 quo
1887 3783 2041 3820 poterimus
2054 3782 2248 3822 transfretare,

1332 3824 1403 3856 Tibi
1417 3825 1616 3864 praecipimus,
1630 3823 1748 3853 firmiter
1762 3823 1958 3859 injungentes,
1977 3820 2076 3864 quod,
2094 3831 2145 3859 per
2158 3830 2249 3853 totam
2270 3822 2352 3855 Balli—

1294 3873 1362 3896 vam
1383 3871 1462 3894 tuam
1481 3864 1511 3892 in
1531 3862 1643 3899 singulis
1665 3861 1735 3891 locis
1754 3861 1805 3891 ubi
1818 3858 1947 3897 expedire
1960 3858 2076 3897 videris,
2093 3859 2153 3899 tarn
2168 3860 2238 3891 infra
2250 3861 2352 3893 Liber-

1294 3908 1380 3940 tates,
1398 3902 1484 3939 quam
1505 3909 1595 3936 extra,
1613 3899 1728 3937 publice
1746 3898 1914 3937 proclamari
1933 3897 2015 3927 facias
2047 3898 2128 3935 quod
2148 3907 2249 3930 omnes
2265 3900 2352 3931 Baro-

1295 3950 1361 3978 neS,
1379 3939 1533 3976 Baneretti,
1552 3937 1678 3975 Milites,
1695 3939 1730 3969 ὃς
1755 3936 1915 3975 Armigeri‚
1933 3937 1962 3965 in
1984 3919 2061 3965 dicia
2077 3934 2181 3967 Balliva
2203 3937 2267 3976 tua,
2283 3937 2352 3967 infra

1296 3978 1406 4010 AEtates
1427 3977 1566 4013 sexdecim
1587 3976 1621 4006 &
1642 3976 1779 4022 sexaginta
1799 3975 1952 4005 Annorum
1971 3973 2134 4012 existentes,
2151 3974 2187 4005 de
2210 3975 2297 4013 Equis
2317 3974 2352 4005 &

1297 4017 1409 4054 Armis,
1420 4015 1518 4046 melius
1533 4015 1567 4046 &
1582 4012 1726 4045 decentius
1740 4023 1799 4051 quo
1813 4020 1963 4053 poterunt,
1974 4012 2052 4050 juxta
2067 4011 2177 4044 Statum
2189 4011 2287 4050 suurn,
2297 4012 2354 4043 sine

1297 4056 1429 4087 dilatione
1443 4055 1470 4084 se
1482 4061 1596 4092 parent·‚

1334 4093 1376 4128 lta
1390 4092 1487 4133 quod,
1505 4092 1638 4124 omnibus
1652 4089 1709 4123 aliis
1722 4087 1926 4160 p‘aeff‘miffis'
1944 4089 1978 4123 ὃς
1991 4089 2216 4129 quibuscumque
2232 4087 2354 4133 Excusa-

1811 4137 1827 4160 ἦ
2271 4134 2394 4175 wm‘·
