2562 4279
181 97 232 135 16

33 177 112 209 Ann-
127 175 167 207 D-
221 178 266 210 En
278 177 502 216 tesmoignaunce
514 173 551 204 de
582 172 642 203 tiele
655 169 755 207 chose,
774 178 845 200 nous
856 177 955 199 avoms
967 167 1077 198 bailliez
1090 176 1137 198 ces
1150 165 1242 196 lettres

56 225 140 255 1312-
179 227 292 250 overtes
305 226 352 248 aut
367 218 407 247 dit
423 213 551 245 Monsire
558 182 670 250 Johan,
688 209 766 239 scales
778 208 814 239 de
829 207 924 238 nostre
936 207 997 238 seul.

34 258 103 283 Hv-
120 264 145 283 2·
218 293 299 326 Don.
314 304 329 324 a
341 290 476 332 Wyndes.
491 290 516 319 le
530 297 556 326 5.
567 288 632 326 jour
645 284 681 315 de
693 284 816 316 Octobr.
831 284 886 316 l'an
899 284 936 316 de
949 293 1031 324 grace
1047 291 1131 322 1312·

191 356 1236 379 Ν

214 415 357 451 Inhibitio
376 427 411 447 ne
427 411 619 456 adverfimtes
641 412 715 456 Regi
732 408 939 456 ingrediantur
956 411 1119 442 Civitatem
1136 409 1216 440 Lon·

618 457 789 491 doniarum.

241 548 305 580 EX
326 548 428 584 Maiori
440 546 473 576 ὅτ
488 544 714 576 vicecomitibus
727 543 962 580 Londoniarum,
976 542 1098 572 salutem.

34 556 163 589 Ann'D'
178 550 233 604 R
292 588 389 623 Licet,
407 584 440 615 ad
455 584 615 614 instantiam
630 583 792 614 venerabilis
807 582 897 612 Patris
912 582 1036 612 Domini
1050 581 1084 611 A.
1105 578 1160 610 Dei
1173 587 1235 617 gra-

32 606 88 662 ΑῙῃῗ
96 606 140 662 16²
178 624 233 662 tii,
251 626 341 656 Tituli
355 624 466 653 Sanc-'tae
482 622 584 653 Priscae
596 621 742 652 Presbiteri
756 620 927 659 Cardinalis3
942 618 1003 654 &c.
1017 626 1097 658 prout
1105 619 1190 657 supra
1203 618 1235 647 de

33 677 63 701 Ε,
86 683 110 699 2,
179 663 226 692 28.
244 668 313 702 Sept.
328 662 405 701 risque
418 661 474 691 haec
485 660 589 698 verba,
607 664 669 690 viz.

33 711 121 747 Claus.
136 712 162 736 6.
214 701 381 731 Intentioiiis
396 709 489 730 tatnen
504 699 607 729 nostrae
622 709 682 729 non
696 698 786 729 extitit
799 721 808 736 ,
826 708 879 728 nec
894 695 1003 734 existit,
1020 695 1097 735 quod
1111 693 1234 733 praefati,

31 752 61 776 Β,
82 758 108 775 2,
178 737 287 770 Comes
299 739 529 776 Hei-esordensis,
547 738 692 768 Robertus
703 737 738 767 de
754 736 883 773 Clyfford
898 760 907 772 ,
921 735 1065 773 johannes
1079 733 1234 764 Botecour-

32 795 68 815 m.
90 795 134 822 25.
175 785 221 816 te,
239 778 381 816 Joiiannes
398 777 434 807 de
457 775 622 807 I-leselarton
635 799 644 814 ,
661 775 754 806 Adam
776 776 809 806 &
827 773 950 804 Michael
967 796 976 812 ,
995 772 1065 803 infra
1081 771 1235 802 Civitatem

175 817 339 856 praedi-stam
351 817 542 854 hospitentur,
559 815 603 845 seu
620 815 703 845 etiarn
715 813 918 853 ingrediantur:

214 855 250 885 Et
265 855 331 886 ideo
346 856 427 885 vobis
440 854 617 894 praecipimus
651 852 764 882 firmiter
779 852 968 889 injungentes,
985 847 1061 887 quod
1076 848 1235 886 praedictos,

174 892 329 924 Comitem
343 893 598 929 Heresordensem,
617 876 797 927 Robertum,
813 890 974 928 Johannem
984 888 1150 918 Botecourte
1159 910 1167 925 ,
1181 886 1234 925 jo-

175 932 298 962 hannem
311 932 347 963 de
362 932 529 963 Heselatton
538 953 548 968 ,
567 930 659 959 Adam
673 930 705 959 &
724 928 914 964 Michaelem,
930 927 975 957 vel
986 935 1086 957 eorum
1101 926 1232 963 aliquem,

176 970 333 1039 Cizitat¹em
353 971 518 1038 prlaediciam
540 967 645 1008 ingredi
665 967 821 997 nullatenus
834 966 1015 1004 permittatis,
1029 965 1084 995 sine
1100 964 1234 995 mandato

174 1013 224 1040 noi
242 1019 274 1040 ro
306 1010 377 1039 wecia
389 1010 412 1038 i:

212 1022 352 1078 Volurims
365 1044 568 1077 nichilominus
584 1043 659 1082 quod
673 1044 794 1082 praefati,
813 1042 921 1074 Comes
932 1038 1235 1079 Herefordenfis‚Ro-

173 1085 270 1116 bertus
286 1110 295 1124 ,
306 1086 448 1125 Johannes
472 1084 640 1114 Botecourte
653 1105 663 1121 ,
675 1083 818 1121 johannes
838 1082 874 1112 de
890 1081 1070 1118 Heselarton,
1088 1079 1180 1109 Adam
1199 1080 1233 1109 &

177 1124 304 1155 Michael
314 1148 322 1162 ,
338 1134 384 1161 per
397 1123 524 1154 homines
538 1122 571 1152 &
583 1121 727 1151 servientes
737 1121 812 1158 suos,
831 1120 961 1150 vicinalia
975 1120 1008 1150 &
1022 1119 1071 1149 alia
1086 1117 1233 1148 neceffiria

177 1163 223 1193 sua
236 1164 245 1200 ζ
254 1163 374 1201 exceptis
388 1163 471 1192 armis
484 1184 493 1198 ,
511 1161 544 1191 &
563 1160 639 1199 equis
652 1159 685 1189 ad
698 1169 772 1189 arma
787 1160 797 1196 )
813 1159 883 1188 infra
897 1158 1050 1188 Civitatem
1066 1156 1233 1196 praedistam

173 1201 263 1270 {iibere
277 1202 336 1270 ,ἐς
355 1201 455 1239 absque
475 1198 681 1240 impedimento
695 1207 807 1236 emere,
827 1197 861 1228 &
874 1196 974 1227 exinde
992 1195 1104 1234 possent
1116 1196 1234 1234 cariare,

195 1249 277 1270 ucere
338 1248 456 1279 portare.

213 1316 302 1347 Teste
313 1315 396 1356 Rege
406 1316 478 1356 apud
491 1312 695 1355 VVyndesoram
703 1337 713 1352 ,
732 1313 831 1352 quinto
844 1312 888 1343 die
902 1311 1048 1342 Odiobris.

411 1395 465 1423 Per
480 1391 562 1432 ipsum
574 1394 686 1430 Regem,
703 1394 846 1421 nunciante
862 1392 962 1419 Comite
976 1387 1164 1419 Pembrochiae.

232 1528 280 1560 De
297 1522 453 1558 traslando
470 1535 539 1556 cum
554 1519 784 1568 adverstzntibus
802 1524 895 1568 Regi,
921 1524 957 1560 (ῤ’
980 1519 1016 1554 de
1036 1518 1190 1554 conduc'ln.

27 1616 104 1649 Ann.
121 1615 162 1647 D.
181 1610 462 1667 REX.0mnlb⁰⁵
476 1608 599 1653 Ballivis,
618 1609 678 1652 &c
693 1607 727 1638 ad
739 1618 809 1648 quos
845 1608 904 1638 &c
920 1606 1042 1650 salutem.
1076 1644 1081 1650 Ι
1106 1645 1111 1650 ⁸
1230 1646 1236 1651 ἡ

274 1650 371 1680 Sciatis
383 1648 459 1687 quod
472 1671 481 1682 ,
498 1647 530 1678 ad
546 1647 702 1677 instantiam
716 1657 816 1676 venera
839 1647 877 1676 ilis
888 1645 975 1675 Patris
991 1645 1113 1675 Domini
1128 1643 1163 1675 A.
1178 1644 1237 1675 Dei

26 1665 137 1725 „42:3162
179 1688 265 1729 gratis
274 1711 283 1727 ,
298 1687 389 1718 Tituli
401 1687 514 1733 Sanetae
527 1685 627 1717 Priscae
645 1685 792 1716 Presbiteri
805 1684 975 1722 Cardinalis,
992 1683 1054 1718 &a
1063 1690 1145 1722 prout
1152 1685 1238 1723 supra

25 1738 128 1800 {¹156
180 1725 535 1803 defflsscflcjffiige’mghcrcir.usque
555 1762 589 1794 ad
609 1761 723 1794 Festum
743 1761 841 1792 Sancti
860 1759 998 1799 Martini,
1015 1760 1150 1798 proximo
1162 1746 1237 1792 futu-

27 1814 59 1838 E.
79 1819 104 1837 2.
177 1815 241 1836 rum
254 1803 402 1834 duraturas.
421 1816 423 1818 ·

26 1854 130 1921 3211‘4.
212 1879 301 1912 Teste
315 1879 396 1920 Rege
408 1879 480 1918 apud
495 1878 719 1919 Wyndesoram,
736 1877 843 1909 ottavo
855 1876 900 1907 die
911 1876 1057 1908 octobris.

816 1956 870 1984 Per
881 1953 962 1993 ipsum
974 1956 1078 1991 Regem.

25 2046 45 2066 ο
62 2046 117 2074 111,
213 2034 233 2055 *¹
252 2036 294 2064 Et
314 2034 509 2064 memorandum
528 2032 600 2072 quod
604 2030 676 2077 ’rste'
688 2033 789 2076 Litora
812 2028 966 2068 triplicatur
966 2029 1026 2097 ffb
1040 2028 1134 2068 eisc'lem
1146 2028 1238 2057 verbis

28 2094 92 2122 352·
173 2072 212 2107 ὠ
227 2073 314 2109 dati,
334 2079 439 2109 excepto
458 2073 543 2112 quod,
562 2071 608 2100 ubl
625 2071 723 2099 dicitur
736 2067 843 2098 duellos
857 2066 895 2102 ὠ·
905 2066 964 2108 fide
989 2078 1001 2096 s
1015 2068 1126 2107 nostros,
1148 2068 1238 2096 Hum—

167 2110 281 2152 fredum
302 2112 334 2140 de
353 2111 467 2149 Bohun,
483 2110 542 2145 &a
559 2108 597 2138 ibi
619 2111 735 2145 dicitur,
754 2110 782 2135 in
803 2105 976 2144 duplicatione
989 2129 999 2145 ,
1008 2105 1106 2147 fideles
1119 2104 1235 2145 nostr055

173 2148 214 2185 ὀ»
228 2153 257 2180 in
271 2149 467 2189 triplicatione,
485 2160 530 2179 nec
543 2147 668 2185 dileft'os,
687 2144 834 2187 necfideles
846 2144 954 2184 nistros.

253 2291 303 2324 De
320 2287 473 2322 condutta
485 2298 539 2333 pro
559 2284 745 2319 Elizabetha
762 2286 865 2320 Uxore
887 2283 1010 2319 Robcrti
1025 2284 1061 2318 de
1081 2287 1168 2319 Brus.

29 2391 108 2424 Am·
121 2388 162 2420 D·
177 2373 332 2444 REsseffi,
356 2373 490 2405 omnibus
510 2371 617 2404 Ballivis
637 2373 670 2403 ὃς
692 2371 834 2402 Fidelibus
848 2371 899 2402 suis
914 2393 923 2410 ,
941 2371 975 2401 ad
993 2380 1079 2410 qum,
1097 2371 1158 2401 &c.
1173 2370 1238 2401 salu-

26 2438 87 2496 A?
96 2438 140 2495 {52
219 2451 299 2496 Cum
321 2450 542 2490 deputaverimus
563 2447 678 2479 dileetos
700 2449 733 2480 δε
754 2447 845 2478 fideles
866 2447 978 2479 nostros
990 2470 1000 2485 ,
1024 2447 1187 2491 XValtemm
1205 2446 1240 2477 de

26 2510 50 2534 Ε
78 2515 92 2533 2
181 2490 348 2521 Skidemore
361 2513 370 2528 ,
386 2490 419 2520 &
436 2489 600 2528 Johannem
618 2488 654 2518 de
675 2487 770 2518 Bentle
786 2511 796 2527 ,
815 2486 848 2516 ad
868 2485 1031 2517 ducendum
1046 2485 1242 2516 Elizabetham

27 2528 77 2573 Pet
98 2526 118 2571 ‘5
182 2528 318 2559 Uxorem
340 2528 462 2558 Roberti
482 2528 516 2557 de
536 2526 604 2556 Brus
651 2525 775 2557 Comitis
795 2525 831 2555 de
846 2524 959 2555 Carriks
974 2548 983 2563 ,
1001 2525 1084 2563 usque
1106 2524 1243 2563 Shaston,

26 2585 58 2611 Ε.
77 2591 91 2609 2
122 2565 129 2571 ’
181 2576 267 2608 prout
279 2566 399 2605 eisdem,
417 2566 548 2597 Waltero
561 2565 594 2595 &
623 2565 745 2602 ohanni,
780 2564 865 2595 lenius
878 2564 919 2594 est
932 2564 1112 2601 injundmm,

79 2604 102 2648 1'
219 2606 310 2637 VobIs
324 2605 488 2636 mandamus
501 2603 578 2643 quod
590 2603 707 2641 eisdem,
770 2603 856 2633 altero
869 2604 903 2634 ὃς
918 2602 1044 2642 Johanni
1056 2625 1067 2640 ,
1082 2610 1129 2632 aut
1142 2611 1242 2632 eorum

25 2626 66 2687 ζῇ,
85 2642 127 2695 ¹⁴5·
180 2645 281 2682 alteri,
300 2644 431 2675 ducendo
450 2644 592 2683 praefatam
612 2641 807 2675 Elimbetham
825 2641 916 2672 versus
937 2641 1036 2671 locum
1058 2640 1242 2680 praeditstum,

180 2692 229 2714 aut
240 2683 330 2714 eidem
342 2682 531 2719 Elizabethae‚
549 2681 595 2711 vel
608 2681 732 2711 Familiae
746 2680 817 2718 suae,
833 2681 862 2709 in
876 2680 1013 2718 personis,
1031 2687 1078 2709 aut
1093 2680 1173 2709 rebus
1181 2678 1243 2717 suis,

180 2732 250 2752 cum
262 2722 331 2759 ipsos
343 2731 393 2759 per
406 2730 494 2760 partes
508 2720 607 2752 vestras
619 2720 761 2750 transitum
777 2718 868 2749 facere
881 2719 1030 2757 contigerit
1043 2740 1053 2756 ,
1069 2727 1129 2748 non
1143 2717 1243 2747 insera-

180 2762 231 2799 tis,
249 2760 293 2790 ieu
306 2760 342 2789 ab
358 2760 429 2796 aliis,
449 2768 585 2798 quantum
601 2759 630 2788 in
645 2758 727 2788 vobis
741 2757 798 2796 est,
816 2756 912 2787 inferri
928 2756 1091 2794 permittatis
1104 2757 1244 2793 injuriam,

180 2798 341 2829 molestiam
352 2821 361 2835 ,
377 2797 534 2835 dampnum
545 2820 554 2835 ,
569 2796 804 2836 impedimentum
819 2796 852 2826 ali
873 2794 947 2832 uod,
963 2795 1006 2825 seu
1022 2803 1189 2833 gravamen,
1203 2794 1240 2825 set

180 2837 275 2876 potius
294 2838 331 2866 eis
347 2836 450 2866 salvum
469 2837 502 2866 ὃς
524 2835 651 2865 securum
666 2834 844 2866 conduistum
880 2834 961 2864 abere
975 2833 1077 2863 faciatis
1088 2855 1097 2869 ,
1110 2842 1178 2863 cum
1192 2841 1241 2871 per

180 2875 254 2914 ipsos
266 2897 276 2913 ,
291 2875 451 2905 Walterum
472 2875 505 2905 δε
517 2874 695 2912 johannem,
710 2873 754 2904 vel
773 2883 873 2903 eorum
887 2872 1019 2909 alterum,
1039 2871 1117 2910 super
1131 2871 1188 2902 hoc
1206 2878 1241 2902 ex

179 2922 258 2953 parte
270 2912 363 2943 nostra
376 2913 480 2942 fueritis
494 2912 622 2950 reqtiiiiti.

183 2990 203 3021 d
219 2951 253 2982 In
271 2953 364 2990 cujus,
382 2951 535 2989 &cousque
549 2950 583 2981 ad
599 2949 713 2980 Festum
727 2948 823 2980 saneti
836 2947 954 2980 Martini
968 2949 1101 2988 proximo
1116 2947 1241 2979 futurum

205 2998 333 3021 uraturas.

216 3066 306 3099 Teste
320 3066 403 3107 Rege
415 3067 489 3105 apud
504 3065 712 3106 XVyndesoram
722 3088 731 3104 ,
747 3065 819 3095 xiiio.
837 3065 884 3095 die
900 3064 1045 3096 Otitobris.

639 3144 693 3172 Per
705 3140 787 3180 ipsimi
802 3144 897 3178 Regem
907 3150 945 3175 cr
965 3140 1113 3181 Consilium.

183 3270 234 3303 Ne
251 3269 463 3302 conventicula
473 3269 531 3313 sou
545 3269 783 3313 Congregationes
792 3264 873 3309 fiant
884 3291 894 3307 ,
918 3276 1026 3296 necnon
1051 3274 1153 3297 contra
1170 3265 1245 3297 Tor-

365 3327 542 3359 ncamenta,
558 3316 622 3359 fine
640 3316 760 3347 licentia
783 3317 889 3360 Regis,
907 3312 1064 3357 facienda.

258 3402 324 3434 EX
342 3401 517 3433 Vicecomiti
530 3399 572 3430 W
574 3399 693 3430 arrwick
705 3399 737 3430 &
752 3397 937 3439 Leycestriae,
955 3397 1078 3428 salutem.

37 3418 116 3450 Ann'
131 3415 174 3446 D'
191 3400 252 3464 R
308 3442 385 3480 Qia
404 3440 526 3471 corditer
545 3438 708 3469 affeetamus
721 3460 730 3475 ,
755 3438 788 3467 &
809 3438 919 3474 semper
932 3435 1124 3479 affeetavimus
1137 3457 1152 3479 ,·
1164 3434 1251 3475 'quod

38 3464 95 3527 ἐξ·
102 3465 146 3521 1⁶²
193 3487 246 3523 pat<
259 3478 369 3517 nostra,
387 3489 438 3517 pro
445 3477 769 3517 quiete&tranquilitate
822 3476 896 3514 puli,
915 3473 1013 3504 nostro
1026 3475 1154 3519 regimini
1166 3483 1251 3517 coiri-

41 3537 73 3560 E.
97 3541 123 3559 ,Π
195 3516 286 3554 rmffi,
303 3518 406 3555 ubique
422 3519 491 3547 infra
506 3515 643 3556 Regnum
659 3516 692 3545 &
706 3522 771 3553 pote
813 3522 873 3543 tem
891 3512 1016 3556 nostram
1030 3512 1146 3542 firmiter
1158 3512 1192 3542 δε
1206 3521 1251 3540 in-

43 3570 131 3606 Claus.
149 3570 178 3597 5·
195 3554 361 3585 violabiliter
374 3555 545 3585 observetur:
569 3555 602 3585 &
617 3553 693 3593 quod
705 3561 803 3582 omnes
817 3552 851 3582 ὅ(
865 3551 976 3589 singuli,
994 3551 1054 3581 tam
1068 3550 1249 3588 magnates&

45 3612 66 3635 E
94 3617 120 3634 Ζ·
196 3593 308 3630 divites,
328 3595 409 3630 quam
424 3594 578 3624 mediocres
592 3593 624 3623 δε
640 3600 788 3630 pauperes,
807 3590 883 3620 salvo
895 3590 928 3620 &
942 3589 1037 3620 secure
1049 3589 1180 3619 incedere
1187 3586 1251 3625 pos-

44 3630 75 3675 ω’
96 3646 142 3673 26·
158 3645 184 3673 d,
197 3631 250 3661 sint
263 3630 368 3668 ubique
383 3632 451 3661 infra
462 3632 596 3670 Regnum
613 3631 643 3661 &
658 3629 821 3668 potestatem
833 3627 982 3666 praedieta3

76 3666 83 3673 ‘
236 3668 305 3698 Tibi
319 3670 495 3706 praecipimus
502 3693 510 3707 ,
527 3669 642 3698 firmiter
655 3669 832 3706 injungentes
839 3689 849 3705 ,
857 3665 936 3705 quod
949 3667 978 3695 in
990 3663 1156 3695 Civitatibus
1163 3687 1174 3703 ,
1181 3663 1251 3694 Bur-

196 3709 256 3747 gis‚
273 3706 352 3736 Villis
366 3706 558 3745 Mercatoriis,
576 3707 609 3737 &
626 3707 694 3736 locis
709 3707 781 3744 aliis,
800 3706 870 3736 infra
883 3704 1016 3735 Ballivam
1029 3712 1124 3742 tuam,
1137 3703 1195 3733 tam
1207 3704 1252 3732 in—

195 3747 238 3776 fra
252 3744 402 3780 libertates,
421 3748 504 3783 quam
517 3754 608 3781 extra,
627 3746 675 3774 ubi
689 3746 788 3775 videris
798 3743 940 3784 expedire,
957 3752 991 3773 ex
1003 3751 1080 3783 parte
1091 3741 1185 3772 nostra
1220 3750 1255 3771 u-

196 3783 272 3813 blice
286 3783 451 3820 proclamari
467 3785 498 3813 &
513 3783 637 3813 dii’trieie
651 3782 732 3812 facias
745 3782 864 3812 inhiberi
878 3805 888 3821 ,
903 3791 941 3811 ne
953 3781 1019 3821 qui,
1036 3781 1067 3810 in
1080 3779 1176 3810 eadem
1215 3779 1254 3809 al-

197 3822 252 3852 liva
265 3830 328 3858 tua,
344 3821 392 3850 sub
406 3821 574 3851 forisfaiFtura
588 3821 740 3850 Terrarum
754 3822 786 3851 ὃ(
799 3819 1107 3857 Tenemcntorum‚&
1121 3819 1258 3848 omnium

196 3869 262 3928 quse
272 3859 355 3888 nobis
366 3859 519 3889 forisfacere
532 3868 679 3899 poterunt,
699 3860 931 3897 congregationes
944 3867 1011 3889 curn
1022 3859 1101 3896 equis
1116 3857 1150 3886 &
1163 3857 1254 3895 armis,

210 3908 244 3928 eu
256 3897 453 3927 conventicula
465 3898 552 3936 aliqua
565 3896 673 3933 facere,
691 3906 736 3926 aut
750 3899 845 3927 armati
860 3897 1007 3935 incedere,
1019 3896 1064 3927 seu
1077 3903 1255 3926 tomeamen-

199 3945 243 3975 αἱ,
260 3935 433 3974 burdeicias,
445 3935 544 3973 justaS,
562 3944 607 3966 aut
619 3935 732 3974 aliquod
743 3935 817 3966 aliud
829 3935 937 3967 factum
954 3944 1116 3974 armorum,
1133 3933 1189 3964 fine
1199 3941 1255 3964 no-

651 77 1423 132 CONVENTIONES,
1479 78 1867 127 LITERAE‚

1280 163 1336 195 stra
1349 164 1479 205 licentia,
1498 175 1662 204 excercere,
1678 165 1723 196 seu
1737 166 1888 205 quicquam
1900 164 2081 195 committere
2093 163 2281 202 praesumant,
2311 171 2341 193 er
2356 158 2432 190 Ann.
2447 158 2490 191 D.

1281 203 1359 241 quod
1382 215 1435 242 pax
1455 205 1548 235 nostra
1562 206 1592 235 in
1612 204 1803 236 Comitatibus
1817 204 1958 242 praedietis
1975 202 2146 244 perturbari,
2159 210 2208 233 aut
2221 211 2299 240 popu
2310 211 2340 232 us
2379 208 2464 238 1312·

1281 241 1378 272 noster
1390 242 1495 274 ibidem
1510 245 1607 273 terreri
1620 244 1711 274 valeat
1725 244 1826 282 quovis
1839 243 1946 273 modo:
2357 240 2425 267 Ἐάν·
2437 248 2465 265 ²-

1316 280 1365 311 Set
1386 282 1463 322 quod
1486 292 1587 312 omnes
1608 282 1641 312 &
1661 282 1775 322 singuli,
1794 282 1898 321 ubique
1910 281 1983 311 infra
2002 280 2078 310 idern
2091 277 2276 318 Regnum&
2290 287 2343 316 po-

1279 318 1406 350 testatem
1418 319 1561 359 nostram,
1580 320 1657 350 salvo
1671 321 1704 350 ὅ(
1718 320 1811 350 secure
1826 320 1958 350 incedant
1969 320 2002 350 δε
2015 326 2176 356 morentur,
2186 315 2342 348 secundum

1279 355 1370 395 legem
1382 359 1415 389 &
1428 359 1661 390 consuetudinem
1672 357 1742 388 dieii
1755 356 1861 397 Regni.
1894 383 1897 386 .

1318 394 1357 426 Et
1370 418 1380 434 ,
1399 398 1418 427 si
1438 407 1507 435 quos
1527 397 1617 435 forte,
1636 396 1700 434 post
1716 396 1874 435 hujusmodi
1887 396 2138 435 proclamationem
2151 394 2184 424 ὃς
2198 393 2343 424 inhibitio-

1281 442 1366 476 nem,
1384 436 1523 465 inveneris
1543 437 1614 466 infra
1631 435 1791 465 Comitatus
1807 435 1957 472 praedictos
1976 435 2038 466 talia
2052 444 2099 472 per
2120 441 2236 463 errantes
2271 441 2340 462 tunc

1280 471 1352 508 ipsos
1366 495 1376 510 ,
1395 473 1453 503 fine
1472 474 1606 504 dilatione
1627 474 1751 512 qualibet
1764 496 1774 511 ,
1789 473 1899 503 arestari
1915 496 1925 511 ,
1940 475 1974 505 &
1994 474 2071 504 salvo
2102 473 2172 503 acias
2190 454 2342 507 custodiri,

1279 511 1422 551 quousque
1435 512 1509 542 aliud
1525 513 1590 543 inde
1604 524 1619 543 a
1632 513 1715 542 nobis
1726 512 1851 542 habueris
1865 512 1896 541 in
1909 511 2052 542 mandatis.

1315 547 1370 586 Et,
1389 550 1408 579 si
1421 550 1530 588 aliquos
1549 552 1599 581 tibi
1619 550 1771 581 resistentes
1784 551 1814 580 in
1827 551 1881 581 hac
1895 558 1970 589 parte
1982 550 2132 587 inveneris,
2149 547 2195 578 seu
2209 545 2342 584 rebelles,

1277 592 1345 630 tunc
1363 589 1446 631 nobis
1467 589 1500 619 &
1521 588 1651 620 Consilio
1669 588 1767 618 nostro
1784 589 1820 618 de
1842 589 2006 619 nominibus
2023 587 2192 618 eorumdem
2212 584 2342 617 constare

1277 624 1360 655 facias
1372 627 1503 663 indilate3
1522 628 1556 658 &
1571 627 1629 658 hoc
1642 627 1720 658 nullo
1735 627 1826 657 modo
1840 628 1961 657 omittas.

1310 701 1400 732 Teste
1413 702 1498 740 Rege
1512 702 1586 743 apud
1601 702 1826 742 Wyndesoram,
1840 702 2015 735 duodecimo
2029 703 2074 734 die
2087 701 2235 733 oetobris.

1314 776 1424 809 Eodem
1439 779 1528 810 modo
1540 778 1703 810 mandatum
1715 778 1756 810 est
1770 779 1880 820 singulis
1893 779 2118 811 Vicecornitibus
2132 788 2182 818 per
2196 776 2339 816 Angliam.

1370 903 1460 935 Bulla
1476 900 1512 934 de
1525 902 1687 947 provisione
1698 913 1754 950 pro
1773 904 1876 938 Alana
1894 903 2032 950 Epiftopo
2047 901 2241 947 Arfi’rrenfi.

1278 983 1335 1047 C
1344 984 1468 1018 Lemens
1482 985 1654 1026 Episcopus,
1671 987 1762 1019 servus
1773 987 1916 1019 servorum
1928 987 2002 1026 Dei,
2019 987 2162 1018 cariffimo
2176 988 2205 1017 in
2219 986 2338 1017 Christo
2357 984 2435 1016 Ann.
2449 986 2494 1017 D.

1278 1046 1293 1052 -
1319 1049 1328 1054 .
1353 1024 1411 1069 filio
1432 1025 1566 1056 Edvardo
1579 1049 1589 1065 ,
1616 1026 1691 1066 Regi
1706 1026 1819 1066 Angliae
1836 1026 1950 1065 illustri,
1964 1027 2080 1057 salutem
2093 1027 2128 1057 &
2143 1023 2338 1064 Apostolicam
2386 1033 2470 1065 ¹312·

1277 1061 1517 1095 benedictionem.
2357 1067 2409 1094 An.
2424 1066 2452 1093 6.

1313 1101 1422 1146 Gratiae
1439 1103 1544 1135 divinae
1565 1105 1719 1142 praemium
1732 1127 1742 1144 ,
1758 1105 1792 1135 &
1804 1104 1982 1142 praeconium
2002 1102 2023 1123 ²*
2040 1103 2171 1133 humanae
2192 1101 2277 1133 laudis
2290 1112 2338 1133 ac-
2358 1106 2388 1129 Ε.
2411 1113 2437 1130 2-

1298 1149 1408 1180 uintur,
1427 1142 1446 1173 si
1463 1152 1512 1180 per
1523 1141 1653 1173 seculares
1667 1142 1809 1182 Principes
1823 1142 2009 1174 Ecclefiarum
2024 1140 2148 1171 Praelatis
2159 1163 2169 1178 ,
2187 1140 2336 1178 praesertim
2357 1143 2491 1178 Heni-&gf-

1306 1179 1489 1210 athedralium
1502 1179 1648 1219 Regimini
1661 1182 1884 1222 praesidentibus,
1900 1181 1994 1210 honor
2007 1179 2118 1210 debitus
2133 1179 2317 1218 impendatur.
2359 1190 2386 1207 ne
2396 1181 2494 1207 iaTur-

1313 1217 1436 1248 Dudum
1452 1219 1604 1259 siquidem,
1622 1220 1708 1250 bonae
1727 1222 1873 1250 memoriae
1886 1242 1896 1258 ‚
1915 1219 2007 1249 Alano
2021 1219 2164 1258 Episcopo
2178 1217 2338 1249 Artferren-
2357 1220 2380 1245 ri
2389 1228 2432 1247 ,n.
2448 1227 2497 1255 23-

1276 1255 1317 1300 fist
1342 1256 1476 1287 Ecclesiae
1496 1257 1673 1288 Artferrensis
1693 1259 1841 1299 Regimini
1861 1257 2023 1297 praesidente
2037 1281 2048 1296 ,
2065 1266 2117 1286 nos
2135 1279 2146 1295 ,
2163 1256 2338 1287 intendentes
2356 1258 2372 1271 ‘
2388 1257 2442 1284 ΙΠ-

1275 1295 1368 1338 eidem
1382 1295 1533 1334 Ecclefiae,
1547 1307 1616 1327 cum
1630 1307 1692 1327 earn
1704 1307 1803 1328 vacare
1817 1297 2009 1336 contingeret,
2028 1306 2077 1336 per
2091 1294 2269 1333 Apostolicae
2286 1295 2337 1325 Se·
2358 1303 2423 1332 353.

1274 1332 1316 1363 dis
1336 1334 1545 1373 providentiam
1565 1335 1704 1375 ydoneam
1724 1336 1836 1374 praeeffe
1855 1336 2004 1376 personam
2017 1358 2027 1373 ,
2042 1334 2232 1372 provisionem
2255 1334 2339 1372 ipsius

1275 1371 1428 1411 Ecclesiae,
1448 1372 1481 1403 ea
1496 1374 1577 1411 vice,
1595 1373 1765 1414 dispositioni
1777 1373 1882 1405 nostrae
1894 1374 2024 1404 duximus
2037 1373 2189 1412 specialiter
2202 1373 2344 1403 reservan-

1276 1410 1365 1449 dam,
1389 1411 1569 1442 decernentes
1590 1421 1693 1442 extunc
1714 1413 1825 1443 irritum
1846 1413 1879 1443 ὃ(
1902 1414 1984 1443 inane
1996 1434 2006 1450 ,
2020 1412 2041 1442 si
2056 1411 2133 1442 secus
2153 1411 2232 1451 super
2247 1411 2304 1442 hoc
2323 1421 2340 1441 a

1276 1459 1444 1496 quoquam,
1462 1451 1560 1489 quavis
1579 1451 1743 1482 auctoritate
1757 1475 1767 1489 ,
1783 1451 1900 1482 scienter
1914 1450 1961 1483 vel
1974 1451 2151 1490 ignoranter,
2165 1450 2344 1490 contingeret

1279 1497 1444 1526 attemptari.

1315 1527 1504 1572 lJostmodum
1525 1530 1597 1561 vero
1610 1553 1620 1567 ,
1638 1528 1753 1568 praefata
1770 1528 1897 1561 Ecciefia
1910 1552 1920 1568 ‚
1937 1538 1987 1567 per
2007 1527 2121 1560 obitum
2140 1528 2222 1567 ipsius
2243 1527 2345 1567 Alani,

1279 1575 1328 1610 qui
1343 1576 1371 1610 in
1384 1569 1507 1605 partibus
1519 1568 1570 1599 illis
1585 1570 1660 1599 viam
1673 1570 1726 1599 fuit
1737 1569 1871 1599 universae
1879 1569 1969 1599 carnis
1983 1567 2135 1606 inoressus,
2150 1567 2272 1598 Pastoris
2280 1567 2343 1597 Re-

1278 1614 1395 1650 gimine'
1408 1605 1538 1637 destituta
1551 1630 1561 1645 ,
1578 1607 1674 1638 dileeti
1689 1607 1754 1645 filii,
1773 1606 1935 1645 Capitulum
1950 1593 2096 1645 praedictae
2117 1605 2269 1644 Ecclesiae,
2289 1605 2344 1636 hu-

1277 1643 1396 1688 jusmodi
1410 1646 1597 1676 reservationis
1611 1648 1644 1678 &
1660 1645 1786 1684 decreti,
1804 1655 1835 1676 ut
1849 1646 1965 1683 dicitur,
1985 1646 2084 1684 bnari,
2103 1644 2171 1675 duas
2184 1643 2222 1674 de
2233 1643 2344 1674 dileffis

1277 1682 1353 1720 filiis,
1372 1693 1459 1714 unam
1479 1683 1612 1715 videlicet
1625 1709 1635 1723 ,
1653 1684 1689 1714 de
1697 1684 1829 1723 Johanne
1842 1684 1878 1715 de
1897 1684 1978 1715 Valle
2018 1683 2092 1714 lecto
2107 1683 2289 1721 Artferrensi,
2308 1684 2347 1713 Sc

1276 1721 1391 1765 alteram
1400 1722 1435 1753 de
1447 1722 1567 1754 Thoma
1582 1722 1893 1761 Makearwil,ejusdem
1906 1721 2041 1753 Ecclesiae
2056 1722 2231 1760 Canonicis,
2244 1730 2344 1761 quatri-

1279 1770 1320 1790 V1s
1333 1760 1368 1804 de
1383 1760 1461 1791 faito
1469 1784 1478 1800 ,
1496 1761 1646 1792 elediiones
1659 1763 1689 1792 in
1702 1761 1838 1792 discordia
1850 1761 2039 1793 celebrarunt:

1317 1797 1476 1838 Didiusque
1490 1800 1633 1838 Johannes
1647 1823 1657 1838 ,
1675 1800 1843 1831 eorumdem
1865 1800 2055 1831 reservationis
2074 1799 2108 1830 &
2124 1798 2229 1830 decreti
2242 1797 2340 1829 simili-

1279 1844 1320 1881 ter
1334 1862 1344 1876 ,
1360 1846 1391 1868 ut
1411 1838 1535 1869 asseritur
1549 1861 1558 1877 ,
1577 1839 1677 1870 inscius
1690 1862 1700 1877 ,
1717 1838 1886 1878 praesentatae
1905 1839 1957 1869 sibi
1968 1838 2101 1869 eleffioni
2114 1837 2290 1876 hujusmodi,
2306 1837 2344 1867 de

1276 1875 1337 1913 ipso
1348 1876 1480 1914 Johanne
1493 1877 1596 1909 Eieeto
1609 1877 1707 1916 faetae,
1724 1877 1806 1908 suum
1818 1877 1956 1908 assensum
1970 1875 2096 1917 praestitit
2109 1876 2144 1906 de
2159 1875 2252 1906 Ὲαᾶοῑ

1315 1914 1520 1954 Subsequenter
1541 1924 1635 1947 autem
1655 1915 1814 1954 hujusmodi
1832 1916 2009 1947 elefflonum
2027 1916 2144 1955 negotio
2162 1914 2197 1944 ad
2217 1914 2344 1944 nostram

1278 1951 1402 1983 deducto
1420 1955 1550 1985 notitiam
1565 1977 1576 1994 ,
1601 1964 1654 1985 nos
1668 1955 1818 1985 electiones
1839 1954 1966 1993 easdem,
1985 1955 2019 1986 &
2033 1963 2211 1992 quaecunque
2226 1952 2292 1982 inde
2305 1952 2347 1982 se-

1278 1999 1344 2022 cuta
1357 2014 1366 2029 ,
1382 2000 1479 2030 utpote
1498 1992 1563 2031 post
1576 2016 1586 2031 ,
1603 1994 1636 2025 &
1656 2001 1757 2024 contra
1777 1991 1992 2025 reservationem
2005 1993 2039 2024 &
2051 1993 2197 2023 decretum
2211 1991 2348 2029 praediista

1279 2037 1456 2068 attemptata,
1471 2041 1501 2061 re
1522 2040 1645 2070 uiantes,
1665 2040 1751 2069 prout
1765 2040 1858 2069 erant,
1876 2033 1950 2062 irrita
1963 2031 2102 2063 &inania
2117 2041 2123 2060 :
2144 2031 2177 2061 &
2199 2029 2233 2059 ad
2249 2029 2346 2069 provi-

1280 2067 1388 2097 sionem
1400 2068 1480 2107 ipsius
1519 2069 1626 2100 cclesiae
1635 2093 1644 2107 ,
1658 2072 1695 2100 ne
1707 2070 1866 2108 prolixioris
1878 2071 2030 2100 vacationis
2051 2068 2244 2099 incommodis
2257 2076 2348 2105 expo-

1280 2105 1330 2136 fita
1351 2115 1526 2146 remaneret,
1564 2109 1664 2138 aternis
1683 2108 1717 2138 &
1738 2107 1850 2137 solicitis
1870 2107 1966 2138 studiis
1985 2107 2181 2144 intendentes,
2200 2106 2346 2145 cupientes

1279 2153 1395 2184 quoque
1409 2145 1493 2176 talem
1509 2147 1535 2176 ei
1556 2155 1602 2176 em
1614 2145 1750 2176 Eccleiiae
1764 2145 1911 2182 praesidere
1923 2145 2089 2183 personam,
2100 2154 2164 2183 quae
2177 2144 2277 2181 vellet,
2294 2144 2346 2174 sci-

1280 2191 1322 2212 ret
1337 2184 1371 2214 &
1384 2183 1475 2221 poffet
1489 2194 1551 2215 eam
1566 2185 1595 2214 in
1608 2183 1658 2214 suis
1672 2193 1853 2214 manutenere
1867 2184 1969 2220 juribus
1983 2183 2016 2212 &
2033 2183 2118 2212 etiarn
2132 2181 2282 2220 adaugere,
2300 2182 2347 2220 ip-

1281 2221 1394 2259 samque
1409 2222 1574 2262 praeservare
1588 2232 1603 2252 a
1615 2223 1704 2252 noxiis
1714 2222 1748 2252 &
1761 2221 1894 2258 adversis,

1317 2258 1389 2288 Post
1409 2260 1638 2290 deliberationem
1650 2282 1661 2298 ,
1679 2269 1764 2299 quam
1781 2259 1862 2299 super
1879 2259 1931 2289 hiis
1952 2268 2022 2289 cum
2041 2257 2141 2288 nostris
2157 2257 2282 2288 fratribus
2296 2258 2348 2289 ha-

1279 2296 1393 2327 buimus
1403 2297 1565 2337 diligentem
1576 2297 1710 2336 ,demum
1723 2297 1757 2328 ad
1769 2297 1918 2335 praefatum
1926 2297 2091 2336 Johannetn
2104 2320 2114 2335 ,
2132 2296 2264 2327 Elesmm
2278 2297 2349 2327 Art-

1282 2335 1430 2378 ferrensem
1443 2359 1452 2375 ,
1475 2338 1503 2367 in
1522 2336 1689 2367 Sacerdotio
1710 2336 1896 2368 constitutum
1911 2359 1921 2375 ,
1946 2346 2033 2375 quem
2061 2337 2213 2366 litterarum
2233 2335 2349 2366 scientia

1282 2373 1431 2417 praeditum
1440 2376 1523 2413 ,vitae
1537 2385 1570 2406 ac
1586 2384 1700 2405 morum
1715 2374 1861 2405 honestate
1872 2375 2028 2413 decorum,
2042 2376 2072 2405 in
2086 2374 2103 2404 s
2117 2373 2267 2404 iritualibus
2281 2383 2350 2414 pro-

1281 2412 1381 2456 vidum
1393 2436 1402 2452 ,
1419 2413 1452 2444 &
1472 2415 1502 2443 in
1523 2414 1724 2451 temporalibus
1744 2413 1982 2451 circumspestum
1996 2436 2007 2452 ,
2024 2423 2056 2444 ac
2104 2414 2134 2442 iis
2148 2412 2350 2451 multiplicium

1282 2457 1422 2481 Virtutum
1443 2453 1548 2482 meritis
1564 2452 1734 2483 laudabiliter
1754 2452 1932 2492 insignitum,
1951 2460 2035 2490 prout
2049 2460 2084 2482 ex
2097 2449 2266 2482 testimoniis
2280 2451 2352 2482 fide-

1283 2488 1374 2529 dignis
1388 2492 1565 2530 accepimuS,
1583 2492 1774 2521 convertimus
1787 2493 1876 2521 aciem
1890 2490 1994 2521 nostrae
2007 2491 2123 2520 mentis:

1324 2528 1439 2567 Qibus
1459 2530 1592 2559 omnibus
1614 2529 1708 2560 debita
1728 2529 1910 2560 meditatione
1931 2528 2064 2567 pensatis,
2081 2528 2118 2558 de
2135 2527 2250 2566 persona
2267 2527 2350 2568 ipsius

1280 2566 1419 2605 Johannis
1437 2567 1529 2598 Elec'ti
1544 2590 1554 2606 ,
1573 2568 1654 2597 nobis
1674 2568 1708 2598 &
1731 2567 1837 2598 eisdem
1850 2568 1977 2598 fratribus
1992 2567 2213 2598 consideratione
2225 2566 2350 2607 praemiss

1284 2606 1379 2649 sorum
1391 2606 1522 2646 accepta,
1539 2605 1663 2645 praefatae
1679 2606 1854 2636 Artferrensis
1869 2605 2003 2636 Ecclefiae
2014 2627 2024 2644 ,
2040 2605 2076 2636 de
2094 2605 2210 2636 fratrum
2223 2605 2349 2643 ipsorum

1285 2644 1420 2683 consilio,
1438 2645 1602 2675 aurftoritate
1623 2644 1803 2684 Apostolica,
1821 2644 2012 2683 providimus,
2030 2644 2174 2683 ipsumque
2192 2644 2231 2674 illi
2248 2643 2350 2681 praefe-

1284 2683 1376 2713 cimus
1395 2684 1425 2713 in
1437 2683 1614 2723 Episcopum
1628 2684 1661 2714 &
1676 2682 1821 2713 Pastorem
1835 2694 1845 2720 ς,
1863 2693 1961 2714 curam
1976 2684 2009 2714 &
2023 2682 2293 2713 administrationem
2306 2682 2349 2720 ip-

1284 2722 1336 2751 sius
1348 2720 1483 2753 Ecclesiae
1497 2721 1674 2752 Ariserrensis
1688 2721 1780 2752 eidem
1790 2721 1916 2760 Johanni
1931 2721 2033 2752 Eleeto
2046 2744 2056 2759 ,
2070 2723 2129 2752 tam
2143 2722 2174 2751 in
2194 2721 2350 2760 Spirituali-

1285 2760 1353 2798 bus,
1365 2762 1456 2801 quam
1472 2761 1503 2790 in
1523 2760 1761 2798 Temporalibus,
1779 2761 1901 2798 plenarie
1916 2759 2149 2795 committend03
2170 2759 2251 2789 firma
2269 2758 2349 2788 ducti

1285 2798 1388 2842 fiduci&
1402 2799 1480 2837 quod
1494 2800 1642 2829 memorati
1653 2799 1791 2837 Johannis
1804 2799 1899 2829 Eleeii
1908 2799 2002 2837 aetus,
2019 2799 2053 2829 &
2067 2808 2153 2836 opera
2167 2798 2255 2835 illius,
2267 2807 2349 2836 aquo

1283 2837 1476 2868 umversorum
1497 2837 1671 2868 carismatum
1694 2837 1769 2868 dona
1791 2838 1962 2875 proveniunt
1976 2861 1986 2875 ,
2002 2836 2166 2867 Clementia
2186 2837 2324 2873 dirigente
2337 2858 2349 2872 ,

1283 2876 1395 2917 praefata
1410 2875 1586 2906 Artferrensis
1599 2875 1721 2906 Ecclesia
1734 2885 1782 2914 per
1796 2876 1870 2906 suam
1884 2876 2019 2906 curiosam
2033 2876 2170 2906 solertiam
2185 2897 2194 2913 ‚
2211 2874 2349 2910 suumque

1284 2914 1470 2946 ministerium
1485 2914 1654 2953 studiosum,
1673 2924 1786 2951 regetur
1798 2915 1900 2946 utiliter
1912 2915 1946 2945 &
1960 2915 2089 2955 prospere
2102 2913 2242 2951 dirigetur.

1324 2952 1403 2985 Cum
1423 2955 1515 2993 itaque
1529 2976 1539 2991 ,
1557 2952 1597 2983 fili
1619 2953 1756 2984 carissime
1770 2976 1781 2992 ,
1799 2954 1830 2984 sit
1847 2954 1955 2984 virtutis
1974 2962 2046 2992 opus
2066 2952 2125 2982 Dei
2137 2948 2286 2980 Ministros
2298 2949 2349 2979 be-

1285 2993 1373 3032 nigno
1389 2992 1484 3023 favore
1499 2991 1627 3033 prosequi
1640 3014 1651 3030 ,
1668 3001 1702 3023 ac
1715 3002 1764 3022 eos
1778 3015 1788 3030 ,
1805 3002 1858 3031 pro
1873 2991 1961 3032 Regis
1974 2990 2070 3022 aeterni
2084 2987 2191 3029 gloria,
2209 2988 2300 3019 verbis
2313 2988 2349 3018 δε

1286 3031 1418 3070 operibus
1431 3032 1573 3068 venerari,

1325 3070 1508 3100 Serenitatem
1521 3069 1643 3106 Refriam
1655 3078 1785 3110 rogamus
1799 3069 1833 3098 ‹Sc
1848 3068 1995 3099 hortamur
2007 3073 2127 3108 attente,
2143 3066 2270 3104 quatinus
2278 3074 2349 3095 eun-

1284 3108 1352 3140 dem
1370 3108 1533 3148 Johannem
1552 3094 1683 3138 Eledtum
1697 3131 1706 3146 ,
1730 3109 1764 3138 &
1783 3106 1925 3145 praefatam
1945 3105 2148 3136 Artferreniem
2168 3103 2321 3134 Ecclesiam
2336 3125 2348 3141 ,

1287 3150 1342 3179 suae
1364 3157 1441 3178 curae
1462 3146 1641 3177 commissam
1656 3169 1665 3183 ,
1682 3146 1787 3175 habens
1801 3154 1854 3182 pro
1867 3143 2042 3181 Apostolicae
2055 3142 2131 3172 Sedis
2146 3143 2179 3173 &
2193 3141 2288 3172 nostri
2303 3151 2347 3171 re-

1287 3186 1414 3216 verentia
1427 3184 1586 3223 propensius
1599 3182 1909 3221 conimendatos,ipsos
1923 3181 2039 3220 benigni
2052 3181 2153 3211 favoris
2165 3181 2266 3210 auxilio
2279 3189 2346 3218 pro-

1287 3226 1417 3262 sequaris;
1435 3224 1472 3253 ita
1487 3222 1564 3261 quod
1579 3222 1655 3251 idem
1673 3221 1800 3258 Elee'ms,
1819 3229 1876 3250 tuae
1893 3219 2070 3250 Celfitudinis
2083 3219 2184 3250 auxilio
2195 3219 2295 3257 fultus,
2311 3219 2343 3247 in

1287 3261 1442 3293 commiiso
1463 3260 1514 3291 sibi
1530 3270 1605 3290 curae
1624 3259 1769 3290 Pastoralis
1791 3257 1902 3289 Officio
1916 3257 2015 3297 poffit,
2035 3257 2104 3287 Deo
2121 3259 2261 3296 propitio,
2277 3265 2346 3295 pro-

1287 3301 1388 3339 sperari
1402 3323 1411 3338 ,
1429 3309 1463 3329 ac
1483 3299 1534 3328 tibi
1548 3297 1648 3328 exinde
1667 3309 1683 3328 a
1698 3297 1766 3328 Deo
1779 3298 1906 3335 perennis
1919 3298 1985 3328 vitae
1998 3298 2149 3338 praemium
2157 3319 2168 3335 ,
2185 3296 2219 3328 &
2232 3305 2248 3325 a
2261 3295 2346 3325 nobis

1289 3339 1431 3378 condigna
1442 3337 1588 3377 proveniat
1600 3336 1676 3367 aetio
1690 3337 1849 3376 gratiarum.

1327 3415 1396 3446 Dat.
1411 3414 1547 3445 Avinion.
1561 3413 1714 3445 undecimo
1729 3411 1867 3444 Kalendas
1879 3411 2058 3445 Novembris
2071 3434 2082 3451 ,
2096 3407 2281 3443 pontificatus
2294 3418 2349 3440 no-

1292 3453 1341 3485 stri
1353 3463 1429 3484 anno
1441 3453 1569 3491 septimo.

1998 3526 2087 3567 sigillo
2100 3523 2203 3564 avulso.

1362 3655 1422 3689 Ad
1438 3658 1552 3701 Papam
1560 3665 1616 3701 pro
1634 3651 1778 3700 Johanne
1793 3652 1829 3687 de
1848 3653 1997 3695 Sandale‚
2018 3649 2279 3685 commendatoria.
2367 3662 2445 3693 Am,
2459 3661 2503 3695 D·

2390 3709 2423 3740 13
2431 3711 2442 3731 1
2447 3711 2476 3732 2.

2369 3742 2422 3767 An.
2439 3742 2468 3767 6.

1293 3741 1344 3802 P
1353 3739 1453 3770 APAE
1468 3739 1535 3771 Rex
1548 3739 1650 3771 devota
1664 3738 1769 3779 pedum
1782 3739 1876 3770 oscula
1889 3739 2044 3769 beatorum.

1396 3778 1520 3809 Summo
1532 3778 1665 3809 desiderio
1677 3778 1826 3816 ducimur,
1841 3778 1874 3811 &
1885 3775 2055 3816 gratitudinis
2066 3772 2166 3803 debito
2178 3774 2350 3804 conveniens
2371 3781 2399 3804 Ε.
2420 3787 2445 3806 2.

1294 3817 1459 3848 arbitramur
1478 3825 1509 3848 ut
1528 3816 1599 3856 ipsos
1611 3838 1622 3854 ,
1639 3826 1708 3854 quos
1730 3817 1759 3846 in
1772 3816 1872 3846 nostris
1884 3813 2019 3851 obsequiis
2035 3820 2179 3855 promptos
2192 3812 2350 3855 invenimus
2368 3814 2482 3849 Rom&

1296 3857 1331 3886 &
1344 3854 1449 3892 fideles,
1467 3856 1591 3895 quosque
1602 3855 1684 3885 variis
1695 3855 1831 3886 virtutum
1845 3853 1948 3883 meritis
1959 3851 2091 3882 novimus
2103 3853 2245 3888 inligmtos
2258 3872 2269 3888 ,
2284 3859 2350 3887 gra-
2369 3857 2410 3881 Fr.
2421 3855 2450 3881 6.

1295 3894 1376 3938 tiosis.
1382 3893 1578 3933 prosequamur
1590 3892 1753 3933 affitibus,
1769 3892 1947 3934 ipsorumque
1958 3889 2081 3920 honores
2092 3888 2127 3920 ὃς
2143 3887 2296 3920 commoda
2308 3888 2349 3918 ef-
2370 3896 2402 3919 ῑ.
2420 3901 2447 3919 2.

1295 3932 1419 3968 ficanter
1433 3941 1629 3971 procuremus.
2371 3939 2408 3957 m.
2430 3927 2474 3963 ιε,

2275 3965 2355 3997 Cutn
2370 3968 2424 3997 dor.
