2562 4279
45 155 124 187 vAnii.
140 152 181 184 D.

68 201 154 240 13-34.

46 234 114 263 Edv.
135 243 162 270 3.

45 531 123 565 Arm.
134 531 174 561 D.

95 590 125 611 Μ

44 615 95 639 An.
113 612 129 636 S

43 658 130 722 Claz31s.
148 687 163 713 3
172 708 177 714 .

44 730 74 752 Ε.
84 735 108 761 3.
119 734 156 753 m.

44 773 72 790 2.
88 764 113 791 il.

42 802 58 817 ⁸
81 803 132 828 JV.

41 1401 117 1432 Ann.
131 1401 171 1433 D.

39 1450 95 1508 ,152³
102 1450 135 1507 ἒξ
141 1465 147 1470 ·

41 1541 81 1584 Eae
96 1542 168 1593 ἁγίζ-

41 1596 67 1622 in
81 1597 166 1624 Turri-

50 3500 67 3515 ⁸
83 3501 135 3527 IV.

205 87 279 119 122

204 156 338 189 Domino
357 158 434 194 Regi
454 157 553 188 serviet
574 159 601 188 in
616 158 729 188 Officio
741 157 918 195 supradisto,
937 158 970 189 ὅτ,
987 157 1113 189 Fidelem
1129 158 1264 196 Compo-

204 204 266 225 tum
281 195 314 226 ad
329 197 508 227 Scaccarium
525 197 654 236 Angliae,
671 196 707 226 de
719 197 852 226 omnibus
867 195 994 227 Exitibus
1006 198 1043 228 &
1053 197 1208 236 Receptis,
1227 195 1263 226 de

202 233 283 264 dieto
304 234 419 265 Ducaru
441 235 670 271 provenientibus
683 258 692 273 ,
710 234 824 273 reddet,
843 236 877 266 ὃ(
895 234 931 265 de
945 243 1024 266 tanto
1038 237 1181 267 annuatim
1197 235 1262 266 inde

203 272 281 309 Regi
294 273 485 313 respondebit,
498 281 611 315 ,quanto
625 283 675 311 per
687 273 808 312 aliquem
825 272 1076 306 Constabularium
1089 275 1199 306 ibidem
1213 284 1262 305 an-

202 320 245 342 tea
258 312 415 349 responderi
429 313 583 342 consuevit.

269 438 319 470 De
339 434 517 482 explorando
538 435 717 470 Adventum
734 439 926 471 Nunciorum
947 440 1035 485 Regis
1050 441 1191 472 Franciae.

200 522 253 577 R
265 519 289 550 E
299 520 329 551 X
339 545 347 558 ,
365 518 485 551 Dilec‘lo
507 522 542 552 δε
558 521 648 552 Fideli
665 522 732 562 suo,
749 522 912 553 Willielmo
925 522 961 553 de
975 522 1122 562 Clymen,
1139 522 1264 554 Consta-

151 593 156 598 ·
273 560 380 590 bulario
403 559 498 590 Castri
516 561 555 591 sui
579 561 735 592 Dovorriae
750 584 758 598 ‚
782 562 815 591 ὃς
829 561 952 592 Custodi
967 562 1107 601 Qiinque
1123 561 1262 593 Portuum

200 594 312 628 suoi-iim
322 622 332 637 2
348 598 394 628 vel
410 599 467 637 ejus
482 599 597 630 Locum
617 601 724 630 tenenti
739 599 866 638 ibidem,
885 600 1019 631 Salutem.

239 637 330 675 Quia,
351 636 526 674 Magnificus
541 637 694 676 Princeps,
710 638 871 676 Philippus,
889 638 955 670 Rex
971 639 1165 677 Francorum,
1180 637 1264 670 Con-

200 675 365 714 sanguineus
387 677 405 695 ³*
429 676 524 707 noster
545 677 698 708 cariffimus
711 701 721 716 ,
743 687 838 708 certos
858 677 996 709 Nuncios
1017 679 1080 709 suos
1092 679 1126 708 ad
1143 688 1212 716 ηοε,
1229 687 1263 708 ex

198 714 312 744 diveriis
333 715 419 745 causis
433 739 443 753 ,
467 715 538 746 infra
557 715 646 747 Breve
660 739 670 756 ,
696 717 832 757 proponit
851 716 990 747 destinare
1005 740 1015 755 ,
1032 717 1100 747 sicut
1113 726 1166 754 pro
1182 725 1264 747 certo

198 753 384 783 intelleximus
394 763 400 783 1

238 791 329 821 Vobis
343 791 524 830 mandamus,
543 792 661 824 firmiter
673 794 867 833 injungentes,
886 792 966 832 quod
988 792 1096 830 statim,
1114 791 1176 823 visis
1190 802 1264 831 prae-

200 829 338 868 sentibus,
356 831 476 869 aliquem
494 840 604 862 certum
618 832 835 870 Exploratorem
844 855 854 870 ,
868 831 904 862 de
918 842 977 870 quo
992 830 1134 861 confiditis
1143 854 1152 869 ,
1165 832 1198 862 ad
1213 841 1264 862 ex-

200 869 371 906 plorandum
395 871 559 900 Adventum
577 871 699 909 ipsorum
714 870 923 909 Nunciorum‚
941 870 1027 908 usque
1038 869 1209 909 Whitsand,
1227 878 1263 901 ex

199 907 280 938 caiisa
295 908 431 945 prtediftii
444 908 597 947 affignetis:

237 945 290 981 Et,
308 946 382 977 facia
397 948 478 977 vobis
491 948 693 978 certificatione
704 947 739 977 de
749 947 882 978 Adventu
896 945 1217 985 ipsorumNunciorum
1225 947 1260 979 ad

198 985 322 1015 eundem
337 986 434 1016 locuni
444 986 671 1025 ,Cancellarium
686 986 1017 1025 nostrum,ubicumque
1032 985 1131 1024 fuerit,
1147 996 1197 1024 per
1212 986 1262 1017 ali-

199 1033 287 1061 quem
294 1024 330 1054 de
339 1024 434 1054 vestri>=
444 1034 525 1063 ‚curn
533 1026 615 1055 omni
625 1024 803 1056 festinatione
812 1049 822 1064 ,
829 1024 885 1063 qua
893 1024 951 1055 fieri
959 1025 1078 1064 poterit,
1086 1023 1261 1064 certificetis,

236 1061 275 1092 Et
291 1063 365 1100 hoc,
386 1064 453 1094 licut
470 1064 506 1093 de
521 1065 604 1094 vobis
618 1063 807 1102 confidimus,
827 1064 981 1094 nullatenus
993 1064 1139 1095 omittatis.

273 1101 361 1132 Teste
377 1102 461 1140 Rege
476 1102 550 1140 apud
565 1102 777 1142 Rokesburgh,
798 1102 918 1141 septimo
931 1102 978 1133 die
986 1101 1119 1141 Januarii.

931 1179 986 1209 Per
1002 1178 1153 1210 Concilium.

217 1305 309 1338 Bulla
331 1304 480 1338 Bcnediffl
497 1308 578 1351 Papa
591 1332 601 1347 ‚
627 1304 662 1337 de
682 1305 830 1337 Elec‘lione
839 1305 901 1349 fi‘a
920 1307 1015 1350 Regi,
1045 1306 1123 1338 inter
1139 1315 1236 1337 omnes

361 1352 482 1386 Mundi·
499 1357 667 1400 Principes,
689 1351 932 1399 primordialiter
950 1357 1104 1386 intimata.

251 1438 406 1470 Enedi&us
421 1438 593 1477 Episcopus,
611 1438 714 1469 Servus
727 1439 873 1470 servorum
888 1438 962 1476 Dei,
981 1438 1122 1470 carissimo
1135 1439 1164 1469 in
1173 1437 1261 1469 Chri-

267 1477 311 1508 sto
330 1478 419 1515 Filio,
436 1477 579 1508 Edwardo
594 1477 670 1519 Regi
684 1477 798 1516 Angliae
810 1476 928 1518 Illustri,
946 1477 1071 1509 Salutem
1084 1478 1118 1510 ὅ(
1133 1478 1261 1516 Aposto-

198 1516 284 1548 licam
301 1516 546 1548 Benedifflonem.

237 1555 366 1587 Altitudo
386 1554 520 1586 Coelestis
541 1554 676 1593 Consilii,
696 1556 775 1594 supra
788 1555 893 1586 cuneta
907 1564 1004 1586 tenens
1018 1557 1047 1585 in
1061 1555 1183 1587 Excelsis
1198 1554 1260 1586 Irn-

197 1596 326 1633 perium‚
346 1594 384 1625 sic
405 1594 451 1625 dat
470 1593 529 1624 effe
542 1593 624 1624 rebus
647 1595 680 1626 &
694 1595 827 1634 dispensat
841 1594 977 1625 ineffabili
992 1593 1174 1625 Providentia
1189 1594 1262 1625 Mu-

196 1643 263 1664 nera
284 1633 448 1664 Gratiarum
465 1656 474 1670 ,
498 1632 536 1664 sic
556 1632 756 1664 Creaturarum
775 1632 966 1664 Conditiones
979 1634 1013 1664 &
1029 1632 1121 1664 Status
1132 1632 1262 1673 ordinat,

195 1682 230 1703 ac
253 1681 338 1712 prout
355 1672 417 1703 vult
437 1673 524 1702 variat
537 1672 572 1702 &
586 1672 724 1710 disponit,
743 1672 823 1711 quod
838 1671 939 1703 Sensus
954 1672 1122 1711 Humanus,
1138 1673 1196 1710 ejus
1209 1671 1262 1703 Se-

196 1720 273 1742 creta
287 1711 411 1741 Consilia
426 1710 588 1748 perscrutari
601 1721 662 1741 non
676 1711 771 1741 valens
782 1734 791 1749 ,
810 1714 839 1742 in
852 1710 957 1741 horum
972 1710 1198 1742 consideratione
1210 1720 1262 1750 po-

196 1750 252 1781 tius
265 1750 430 1785 hebetatur,
449 1749 518 1780 curn
537 1749 586 1779 sint
603 1749 808 1788 investigabiles
823 1749 885 1779 Viae
901 1749 1040 1788 Domini,
1059 1750 1093 1781 ὃς
1113 1750 1261 1787 Sapientiae

196 1787 255 1819 suae
270 1788 500 1828 Magnitudinem
514 1787 642 1818 Humani
657 1798 718 1818 non
734 1789 844 1826 capiant
859 1787 1035 1818 Intelledtus:

235 1827 314 1858 Facit
330 1828 405 1858 enini
420 1827 539 1857 Fortem
554 1835 587 1856 ex
603 1826 719 1865 Debili,
738 1825 960 1857 Balbutientibus
974 1825 1130 1865 Eloquium
1146 1827 1263 1866 tribuit,

197 1866 233 1897 ὃ(
255 1867 336 1904 ponit
356 1875 562 1903 nonnunquam
584 1864 715 1895 Humiles
726 1867 757 1895 in
768 1865 907 1903 Sublimi,
926 1865 1041 1903 plenam
1055 1867 1089 1897 δε
1104 1866 1262 1903 ρεῐῖεὸὶειῐῐι

196 1905 301 1973 ᾕεξεηε
313 1904 347 1934 ad
361 1904 481 1944 singula,
500 1911 634 1942 tanquam
642 1903 745 1935 Palmo
760 1903 936 1936 concludens
951 1905 1050 1935 omma‘
1057 1927 1067 1943 ,
1079 1903 1261 1935 potestatem.

252 1954 302 1973 ane

233 1968 331 2013 felicis
353 1980 556 2012 recordationis
571 2004 581 2020 ,
602 1981 736 2020 Johanne
750 1981 825 2021 Papa
839 1981 976 2012 vicesimo
990 1981 1130 2020 secundo,
1148 1980 1263 2013 Praede-

193 2021 304 2051 ceffore
328 2019 444 2058 nosti-o,
463 2030 569 2058 nuper,
589 2020 659 2051 ficut
675 2020 810 2051 Domino
826 2020 947 2060 placuit,
966 2021 1002 2051 ab
1015 2021 1068 2051 hac
1082 2021 1146 2052 luce
1156 2021 1263 2051 subtra-

194 2060 262 2095 Cto,
278 2060 313 2090 &
333 2058 368 2090 ad
390 2058 550 2089 Ccelestem
572 2059 694 2090 Patriam
715 2060 751 2090 ab
765 2059 846 2097 hujus
859 2058 964 2089 Mundi
981 2059 1113 2098 Miseria,
1131 2059 1201 2090 sicut
1214 2060 1263 2098 pie

192 2098 353 2136 credimus,
371 2106 510 2136 evocato,
527 2097 640 2137 ejusque
652 2097 789 2136 Corpore
802 2107 872 2129 cum
887 2097 1079 2137 Exequiarum
1098 2097 1263 2130 solennitate

194 2136 289 2168 debita
303 2137 462 2167 Tumulato
471 2159 480 2175 ‚

231 2175 411 2206 Vener-flbiles
434 2175 541 2206 Fratres
561 2174 649 2206 nostri
665 2200 674 2213 ,
699 2175 858 2214 Episcopi,
884 2175 1050 2214 Presbiteri,
1069 2177 1102 2207 δεῖ
1115 2176 1262 2215 Diaconi‚

193 2213 386 2246 Sacronnetae
406 2214 550 2245 Romanae
572 2213 709 2245 Ecclesiae
726 2214 888 2245 Cardinales
916 2215 965 2251 (de
988 2226 1112 2254 quorum
1136 2225 1260 2246 numero

192 2261 263 2285 tunc
286 2253 408 2288 eramus)
433 2264 486 2291 pro
509 2253 594 2283 futuri
616 2253 809 2284 substitutione
830 2253 952 2284 Pastoris
966 2256 1170 2285 convenientes
1184 2256 1212 2284 in
1229 2264 1262 2285 u-

193 2302 282 2330 num,
302 2293 351 2323 sub
367 2292 569 2322 deliberatione
585 2291 722 2331 Consilii,
740 2303 827 2331 quam
842 2294 910 2323 tanti
931 2292 1055 2333 Negotii
1071 2293 1185 2331 qualitas
1203 2295 1261 2323 exi-

193 2333 295 2369 gebat,
317 2331 416 2361 habito
429 2331 508 2369 super
524 2330 679 2362 Electionis
695 2331 781 2362 futuri
798 2331 882 2368 Papae
896 2331 1086 2363 celebratione
1103 2332 1241 2362 Tractatu
1251 2355 1260 2370 ,

194 2371 259 2400 licet
276 2370 433 2400 consentire
446 2369 599 2408 potuissent
612 2371 641 2399 in
657 2370 740 2407 alios,
762 2370 911 2409 Majorum
935 2370 1059 2401 claritate
1073 2371 1261 2409 conspicuos,

193 2408 228 2439 ὃς
250 2408 374 2446 plurium
397 2408 544 2438 Virtutum
564 2408 650 2438 titulis
674 2408 817 2447 insignitos
830 2431 840 2447 ,
856 2408 972 2438 tandem
987 2418 1100 2447 tamen,
1117 2411 1150 2439 ad
1168 2409 1261 2447 perso-

195 2456 263 2476 nam
277 2446 403 2476 nostram
418 2446 566 2485 dirigentes
582 2447 749 2477 unanimiter
765 2456 832 2476 vota
845 2445 906 2484 sua,
924 2447 990 2477 Nos
1004 2447 1039 2477 ad
1053 2448 1169 2478 Summi
1182 2447 1261 2479 Pon-

194 2484 317 2516 tificatsis
332 2485 473 2523 Apicein,
492 2485 602 2514 Divina
616 2483 796 2523 Dignationis
809 2484 989 2523 Clementia,
1009 2486 1175 2517 evocarunt.

208 2556 211 2560 ,
234 2523 304 2554 Nos
322 2524 408 2560 igitur
421 2545 431 2560 ,
457 2522 616 2554 nostrarum
636 2523 861 2554 insufficientiam
877 2523 1008 2562 Vitium,
1026 2526 1059 2557 ὃς
1077 2525 1262 2557 Administra-

195 2562 282 2593 t10nis
303 2562 362 2592 tam
382 2563 475 2592 arduae
498 2562 644 2592 Sarcinam
658 2586 667 2599 ,
691 2564 818 2600 tantique
838 2561 941 2593 Oneris
957 2562 1136 2595 Gravitatem
1154 2565 1261 2597 intenta

195 2601 422 2633 consideratione
443 2601 585 2638 pensantes
601 2624 611 2638 ,
637 2602 708 2630 intra
729 2601 823 2632 nostra
836 2602 1005 2641 praecordia,
1027 2603 1095 2641 quid
1110 2604 1182 2634 intei-
1196 2612 1258 2643 tot,

195 2639 331 2677 diversas,
349 2640 383 2670 ὃς
397 2638 819 2676 varias,SeculiFluCtuationes
833 2641 866 2670 &
883 2640 994 2678 Pugnas
1007 2642 1163 2680 agendum,
1179 2642 1263 2680 quid-

193 2689 251 2717 que
264 2678 436 2716 tenendum,
455 2677 561 2716 quidve
574 2677 761 2717 pensandum,
781 2679 928 2718 existeret,
945 2680 1043 2710 animo
1058 2679 1190 2711 duximus
1207 2690 1263 2711 tre-

195 2713 266 2756 pido
279 2716 486 2748 resolvendum.

233 2755 364 2786 Denium
379 2758 466 2793 vero,
485 2754 604 2793 Spiritus
618 2756 724 2786 virtute
738 2755 897 2794 resumpta,
912 2757 940 2786 in
957 2756 1022 2795 illo,
1041 2757 1090 2795 qui
1104 2757 1218 2796 assurgit
1231 2759 1261 2789 in

195 2793 359 2824 Occursum
381 2794 564 2824 Timentium
585 2794 618 2825 δε
641 2793 859 2832 Implorantium
881 2795 1025 2826 humiliter
1045 2805 1151 2826 nomen
1164 2796 1261 2835 suum,

196 2834 304 2870 quique
327 2833 483 2863 clementer
505 2833 533 2862 in
557 2832 671 2863 Semitis
687 2834 740 2864 suis
755 2834 874 2864 Gresius
888 2833 1025 2864 Hominis
1042 2834 1150 2872 perficit
1188 2836 1260 2865 inter

198 2870 358 2909 hujusmodi
373 2870 589 2909 Cogitationum
603 2871 742 2903 Fremitus
751 2896 760 2911 ,
773 2872 938 2903 Anchoram
953 2873 1021 2911 Spei
1033 2872 1139 2903 nostrae
1172 2876 1263 2905 ximus

196 2909 232 2938 ad
249 2909 413 2946 ferendum,
428 2910 478 2939 sub
491 2910 549 2946 ejus
563 2909 667 2940 fiducia
679 2933 687 2947 ,
701 2910 812 2948 Jugum
828 2911 974 2943 Servitutis
990 2911 1182 2951 Apostolicae,
1201 2912 1262 2943 Im-

197 2949 312 2979 becilles
329 2947 479 2978 Humeros
495 2947 638 2977 humiliter
652 2949 865 2980 summittentes.

236 2986 282 3017 Ac
304 2986 502 3024 subsequenter
525 2985 731 3017 Benedietionis
759 2989 794 3019 &
817 2987 1020 3020 Coronationis
1038 2989 1202 3029 Solemnia‚
1227 2991 1261 3022 &

197 3035 317 3062 caetera,
337 3026 494 3062 recepimus
508 3024 664 3055 secundum
680 3035 793 3056 rnorem
807 3027 929 3064 ejusdem
945 3028 1087 3059 Romanae
1106 3028 1260 3068 Eccleiiae,

198 3065 228 3092 in
243 3063 371 3094 Personis
388 3064 591 3093 Romanorum
606 3063 799 3102 Pontificum,
818 3065 1061 3097 Praedecessorum
1079 3067 1263 3107 nostrorum,

196 3102 335 3132 hatstenus
356 3103 534 3132 observatum
548 3114 559 3139 ς
587 3103 698 3133 anxiato
712 3103 744 3134 &
762 3103 908 3134 humiliato
925 3104 1031 3142 Spiritu
1047 3104 1183 3137 Domino
1198 3107 1261 3144 sup-

196 3140 330 3178 plicando
351 3150 382 3171 ut
403 3140 466 3179 Ipse
480 3164 489 3178 ,
508 3141 556 3178 qui
571 3140 639 3171 Nos
648 3141 756 3180 Jugum
771 3142 930 3180 hujusmodi
944 3143 1032 3174 subire
1045 3145 1200 3184 concessit,
1220 3147 1258 3176 iic

196 3179 232 3209 ad
249 3179 339 3216 ipsum
356 3179 528 3216 portandum
545 3178 730 3210 Debilitatem
743 3180 870 3211 nostram
892 3181 945 3210 suae
960 3181 1075 3212 Virtutis
1088 3184 1194 3214 robore
1208 3185 1264 3214 ful-

198 3218 273 3256 ciat,
293 3218 387 3255 sicque
403 3217 469 3248 illud
486 3218 568 3248 faciat
584 3218 628 3248 sua
642 3219 816 3255 benignitate
829 3220 981 3257 portabile,
1000 3221 1078 3257 quod
1093 3221 1142 3251 sub
1158 3233 1193 3252 eo
1209 3233 1262 3253 nos

198 3266 259 3286 non
279 3257 426 3295 contingat
446 3265 479 3286 ex
501 3255 597 3286 nostra
620 3256 773 3287 Debilitate
795 3258 933 3295 deficere,
949 3258 993 3287 sed
1009 3260 1045 3288 ita
1058 3259 1104 3288 sua
1117 3260 1263 3298 Omnipo-

198 3295 284 3326 tentia
305 3295 386 3325 nobis
402 3319 410 3332 ,
432 3296 466 3326 &
486 3294 579 3329 Greni
595 3295 775 3335 Dominico,
794 3296 953 3335 Vigilantiae
969 3296 1074 3326 nostrae
1090 3299 1262 3337 commisso,

198 3333 293 3373 potius
307 3332 463 3371 proficere,
483 3333 560 3370 quod
575 3333 612 3363 de
626 3334 768 3372 Talenro,
786 3335 870 3365 nobis
885 3334 1011 3372 credite,
1030 3334 1161 3373 Dignam
1174 3337 1265 3368 valea-

199 3381 262 3401 mus
275 3373 302 3401 in
318 3372 569 3410 extreniojudicio
587 3372 702 3402 reddere
720 3373 886 3403 Rationem.

237 3409 312 3440 Haec
335 3420 429 3442 autem
442 3434 451 3450 ,
479 3421 543 3448 quae
564 3419 627 3441 ante
647 3411 856 3442 Benedictionis
879 3412 912 3442 δε
931 3410 1134 3443 Coronationis
1156 3413 1262 3444 nostrae

201 3447 345 3480 Solemnia
365 3449 433 3479 nulli
453 3450 648 3479 nunciaviinus
663 3473 673 3488 ,
689 3451 756 3487 tibi,
776 3450 827 3479 Fili
842 3449 995 3488 cariffime,
1013 3459 1112 3489 utpote
1126 3452 1163 3481 illi
1177 3462 1265 3489 quem

201 3485 285 3523 Nos,
304 3488 338 3517 ὅ(
358 3487 483 3518 Ecclesia
507 3487 666 3525 praelibata,
685 3489 853 3527 specialiter,
870 3490 943 3519 inter
958 3489 1024 3519 alios
1042 3490 1186 3528 Principes
1204 3490 1265 3520 Or-

202 3524 246 3554 bis
266 3526 284 3543 *
305 3525 424 3564 Terrae,
443 3526 605 3557 Catholicae
622 3526 700 3557 Fidei
716 3526 904 3565 Professores,
924 3527 1047 3557 Brachiis
1062 3527 1266 3559 sinceraeCari-

203 3564 264 3593 tatis
277 3563 470 3604 astringimus,
488 3564 704 3603 primordialiter
721 3565 900 3596 decrevimus
913 3566 1073 3596 intimanda.

238 3601 422 3633 Serenitatem
446 3604 540 3640 itaque
559 3603 680 3643 Regiam
703 3614 834 3644 rogamus
846 3606 879 3636 ὃς
894 3605 1071 3635 obsecramus
1084 3606 1112 3634 in
1128 3603 1264 3637 Domino

198 3637 260 3677 Jesu
275 3639 407 3679 Christo,
448 3643 556 3672 uatiniis
572 3643 645 3680 apud
660 3653 742 3681 eum,
759 3644 807 3682 qui
822 3643 904 3681 Opus
920 3642 1148 3681 imperfectionis
1162 3644 1265 3674 abhor-

205 3686 263 3715 ret,
281 3681 410 3715 precibus
449 3682 539 3711 evotis
561 3681 664 3711 insistas
678 3705 687 3720 ,
703 3691 733 3712 ut
743 3705 751 3719 ,
771 3682 850 3720 quod
861 3683 951 3720 coepit
965 3684 993 3711 in
1008 3682 1106 3719 nobis,
1124 3681 1159 3711 ad
1174 3691 1266 3712 tanto-

206 3724 270 3757 rum
287 3717 429 3748 Sarcinam
445 3718 595 3758 Onerum,
611 3720 644 3749 ad
660 3720 698 3750 sui
713 3720 868 3750 Honorem
883 3723 916 3752 δε
933 3720 1140 3751 Exaltationem
1152 3720 1266 3751 Nomi-

204 3761 263 3789 ΠΒ,
282 3764 314 3797 ae
338 3756 461 3798 Salutem
482 3758 650 3788 Animarum
671 3759 754 3788 nobis
778 3759 963 3799 creditarum,
980 3759 1113 3790 divinitus
1126 3758 1265 3799 perficiat,

204 3799 398 3826 aequanimiter
414 3796 447 3825 &
460 3796 602 3827 salubriter
614 3797 816 3834 perferendam.

236 3827 300 3870 Ea,
319 3839 380 3866 quae
396 3833 429 3862 ad
443 3833 590 3876 ¹honorem
612 3836 645 3866 δε
661 3836 870 3873 beneplacitum
890 3837 1012 3875 ejusdem
1029 3835 1178 3874 Ecclesiae,
1197 3835 1265 3867 Ma-

205 3873 255 3909 tris
272 3874 328 3910 tuae
338 3889 347 3904 ,
367 3879 398 3912 ac
414 3870 586 3903 Libertatem
595 3873 818 3905 Ecclesiasticam
828 3875 1013 3914 ,Statumque
1026 3874 1176 3912 pacificum
1184 3873 1265 3919 Reg-

206 3913 236 3933 m
251 3912 290 3934 tffl
304 3907 414 3949 regalis,
433 3912 542 3940 noverit
559 3910 788 3950 Circumspeffio
810 3915 950 3950 pertinere
964 3937 973 3952 ,
993 3913 1030 3943 fic
1043 3913 1154 3943 sinceris
1169 3913 1266 3944 studiis

205 3942 241 3973 &
256 3952 395 3980 promptis
408 3943 564 3990 Effecftibus
578 3950 780 3981 nichilominus
794 3952 977 3991 exequendo,
986 3952 1066 3989 quod
1082 3950 1184 3981 exinde
1196 3952 1266 3990 tibi,

202 3980 279 4019 apud
297 3980 398 4013 Deum
413 3982 617 4018 Retributionis
632 3988 763 4021 AEternae
787 3989 943 4022 Praemium
960 4015 970 4028 ,
989 3991 1023 4022 &
1035 3990 1108 4031 apud
1121 3989 1266 4021 Homines

651 69 1458 124 CONVENTIONES,

1517 73 1904 127 LITERAE,

1305 157 1402 188 Famae
1417 157 1619 198 Praeconium,
1636 161 1812 199 acquiratur,
1831 159 1944 191 firmam
1961 161 2048 200 Spem
2069 162 2106 193 de
2116 165 2218 205 nobis,
2258 165 2374 197 lenam·
2387 162 2464 193 Ann-
2475 162 2520 194 D·

1306 206 1362 234 que
1381 197 1529 228 Fiduciam
1549 199 1693 229 habiturus
1709 223 1719 237 ,
1745 199 1825 236 quod
1847 201 1875 229 in
1891 199 1975 238 HiiS,
1994 211 2058 238 quae
2077 210 2159 233 tuum
2172 204 2207 234 &
2250 206 2315 244 egni
2330 205 2370 235 tui
2406 210 2492 241 1335-

1305 236 1498 267 commodum
1513 238 1547 268 &
1560 237 1704 267 honorem
1720 238 1886 276 respiciunt,
1904 241 2049 276 oportune
2071 240 2141 278 tibi,
2159 249 2294 279 tanquam
2312 243 2369 273 Di-
2387 242 2453 269 Edv·
2475 250 2501 279 3·

1304 273 1457 318 leffiffimo
1474 275 1546 306 Filio
1556 299 1565 315 ‚
1584 285 1721 314 quantum
1735 286 1802 307 cum
1812 276 1881 307 Deo
1898 278 2072 317 poterimus,
2093 278 2267 316 Apostolicis
2276 281 2371 314 Favo-

1304 312 1380 343 ribus
1392 312 1554 344 affistemus.

1345 351 1423 390 Qia
1446 355 1518 384 vero
1529 376 1539 392 ,
1555 353 1623 384 ficut
1644 354 1820 392 accepimus,
1838 352 1994 384 Portitores
2009 353 2181 386 Litterarum
2193 356 2372 398 hu'usmodi,

1306 387 1431 426 Propriis
1458 389 1635 422 Commodis
1656 392 1792 423 inhiantes
1807 416 1817 430 ,
1843 391 1984 422 interdum
2006 393 2212 426 consueverunt
2259 397 2373 429 etitorec

1306 427 1423 459 existere
1436 429 1610 469 importuni,
1629 431 1662 461 ὃς
1675 430 1788 461 diversis
1803 430 1896 460 modis
1909 431 1967 460 aliis
1984 431 2125 470 Onerosi,

1344 466 1548 499 Excellentiam
1569 477 1647 500 tuam
1670 470 1739 500 scire
1762 470 1893 507 cupimus
1907 493 1916 507 ,
1944 469 2025 508 quod
2047 470 2084 500 de
2103 470 2199 502 nostrii
2211 471 2370 505 intentione

1307 506 1455 544 procedit,
1473 507 1685 546 Portitoresque
1700 509 1770 546 ipsos
1782 508 1875 546 jurare
1887 507 2025 546 fecimus,
2043 517 2073 539 ut
2090 519 2106 539 a
2116 509 2164 540 tali
2177 509 2323 542 Petitione
2335 513 2370 543 ὃς

1308 543 1491 582 Receptione
1515 547 1627 584 penitus
1647 547 1794 585 desistant,
1820 546 1865 577 sed
1887 546 2020 577 volumus
2041 547 2119 586 quod
2142 549 2191 586 ipsi
2214 548 2370 581 Portitores

1307 582 1399 612 nostri
1414 586 1598 623 perceptione
1619 585 1731 616 Praemii
1754 586 1806 615 sint
1823 586 1967 624 contenti,
1986 585 2088 623 quibus
2101 589 2234 625 congrue
2248 589 2372 620 intendi·
2407 586 2411 590 ’

1307 630 1371 651 mus
1387 631 1440 659 pro
1457 632 1557 652 eorum
1574 623 1734 655 Laboribus
1749 625 1782 655 δε
1798 623 1910 654 Meritis
1923 624 2098 662 respondere.

1343 659 1413 704 Dat.
1433 659 1561 692 Avinion
1575 685 1586 700 ,
1613 663 1716 700 quinto
1736 662 1803 694 Idus
1820 662 1960 702 Januarii,
1978 662 2163 695 Pontificatsis
2175 664 2267 696 nostri
2279 665 2370 697 Anno

1307 708 1411 736 primo.

2058 739 2150 780 Sigillo
2162 741 2266 782 avuffb.

1447 866 1507 898 Pro
1527 862 1649 908 Custode
1665 867 1832 899 Puerorum
1851 868 1940 914 Regis
1959 871 1990 901 in
2011 866 2220 917 Cantabrtgia.

1308 949 1364 1004 R
1374 948 1458 995 EX,
1477 949 1684 995 Tliesaurario,
1701 951 1735 982 &
1751 950 1907 983 Batonibus
1919 952 1971 983 suis
1985 953 2022 984 de
2035 953 2201 993 scaccario,
2220 965 2253 986 ac
2262 953 2372 987 Came-
2388 973 2457 1006 Am
2473 975 2506 1007 D

1342 989 1528 1073 Cdrgiffiussig
1536 989 1759 1067 ’rigrazlcuetssgimus
1766 1027 1942 1059 Vicecomiti
1954 1029 2054 1062 nostro
2070 1031 2263 1070 Cantabrigiae
2270 1056 2281 1072 ,
2289 1033 2368 1071 quod
2384 1023 2418 1080 AI
2425 1023 2489 1054 335·

1305 1064 1429 1097 Custodi
1444 1067 1578 1106 Triginta
1593 1067 1627 1098 &
1641 1065 1777 1097 Duorum
1791 1066 1971 1107 Puerorum,
1989 1079 2059 1107 quos
2074 1071 2103 1100 in
2115 1071 2307 1102 Universitate
2314 1082 2368 1103 no-
2411 1065 2438 1081 n.
2453 1064 2483 1089 9⁹

1305 1103 1362 1136 strfi
1379 1104 1572 1142 Cantabrigiae
1587 1105 1786 1143 sustentamus,
1805 1106 1851 1144 id,
1891 1105 1948 1136 uod
1962 1107 1999 1137 eis
2020 1117 2036 1138 a
2049 1118 2127 1139 retro
2139 1110 2191 1140 fuit
2205 1110 2241 1140 de
2255 1110 2367 1150 Vadiis,
2407 1113 2413 1119 '
2435 1101 2461 1129 3'
2509 1134 2519 1142 .

1305 1144 1364 1174 tarn
1377 1146 1450 1182 proi
1474 1145 1503 1175 so
1519 1143 1659 1184 Magistro
1673 1169 1681 1183 ,
1710 1145 1796 1184 quam
1811 1155 1864 1182 pro
1907 1146 1978 1188 ueris
1992 1145 2062 1184 illis,
2079 1147 2228 1188 ordinatis,
2246 1159 2261 1180 a
2279 1149 2365 1181 Festo
2381 1131 2468 1168 Claus.
2489 1139 2520 1165 9⁴

1306 1182 1402 1214 Sancti
1469 1184 1580 1214 ichaelis
1593 1208 1603 1221 ,
1631 1183 1718 1214 Anno
1739 1183 1836 1222 Regni
1852 1182 1942 1214 nostri
1957 1183 2105 1223 Septimo,
2124 1187 2157 1217 ὃς
2172 1188 2256 1218 etiam
2271 1187 2368 1228 hujus·
2386 1173 2418 1197 E.
2438 1179 2465 1207 3⁸
2481 1179 2520 1198 m·

1304 1221 1386 1252 modi
1402 1220 1492 1252 Vadia
1510 1222 1554 1254 sua
1573 1231 1678 1253 extunc
1692 1247 1702 1261 ,
1728 1222 1874 1260 quousque
1891 1221 1966 1252 idem
1983 1221 2159 1255 vicecomes
2171 1225 2244 1257 aliud
2257 1236 2273 1257 a
2285 1228 2369 1259 nobis
2389 1217 2422 1245 35
2427 1230 2433 1236 '

1304 1261 1373 1292 inde
1394 1260 1508 1292 haberet
1527 1263 1556 1292 in
1578 1261 1714 1292 mandatis
1727 1286 1737 1299 ,
1756 1261 1792 1291 de
1805 1260 1934 1291 Exitibus
1948 1259 2059 1292 Ballivae
2075 1262 2129 1292 suae
2142 1263 2278 1304 solveret,
2297 1266 2368 1298 ficut

1303 1310 1354 1340 per
1367 1299 1574 1338 inspectionem
1588 1300 1766 1331 Rotulorum
1780 1298 1964 1331 Cancellariae
1977 1299 2082 1331 nostrae
2094 1302 2178 1332 nobis
2191 1302 2314 1336 constat:

1342 1338 1405 1376 Ac,
1424 1338 1554 1370 Diledtus
1573 1337 1703 1370 Clericus
1722 1338 1819 1369 noster
1832 1363 1842 1377 ,
1858 1339 1990 1370 Thomas
2006 1339 2114 1378 Powis,
2136 1351 2214 1372 nunc
2231 1341 2369 1382 Magister

1303 1379 1337 1410 &
1359 1376 1466 1409 Custos
1489 1377 1598 1418 Viginti
1618 1378 1652 1409 ὃς
1666 1377 1790 1408 Novem
1810 1377 1971 1408 Puerorum
1985 1378 2208 1419 praedietorum,
2225 1382 2308 1412 nobis
2320 1383 2370 1414 de-

1303 1417 1374 1448 derit
1394 1417 1511 1456 intelligi
1532 1416 1614 1456 quod
1633 1416 1763 1455 praefatus
1777 1415 1967 1453 Vicecomes,
1986 1427 2102 1455 propter
2116 1418 2234 1450 diversas
2245 1418 2371 1453 Solutio-

1303 1454 2212 1534 Effu’mqiaagissi‘issl?21¹3.'E‹i{li?lss¹⁵ss¹a'ili'vssdfil³{iiiasslfflassffrss'essss
2226 1469 2307 1529 ⁰532,
2314 1470 2369 1530 ’ἐζ

1303 1535 1373 1603 beafit-
1382 1533 1458 1565 unde
1472 1519 1632 1572 hujusmodi
1646 1533 1737 1564 Vadia
1751 1533 1786 1564 &
1800 1542 1901 1564 eorum
1915 1532 2066 1572 Arreragia
2079 1535 2113 1567 ad
2128 1521 2247 1574 praeset’is
2260 1536 2370 1570 solvere

1302 1583 1342 1612 po
1366 1582 1404 1612 πε

1340 1612 1425 1649 Nos,

1338 1650 1475 1681 Volentes
1494 1650 1613 1688 praefatis
1626 1673 1637 1689 ,
1662 1648 1787 1681 Custodi
1806 1649 1840 1682 &
1859 1649 1958 1682 Pueris
1969 1675 1980 1690 ,
2000 1651 2038 1683 de
2051 1650 2148 1683 Vadiis
2161 1652 2214 1684 suis
2225 1653 2368 1692 praedietis

1302 1689 1436 1727 satisfieri,
1455 1698 1540 1726 prout
1555 1689 1656 1728 decet,

1341 1727 1434 1759 Vobis
1455 1727 1623 1759 mandamus
1637 1750 1647 1766 ,
1671 1726 1752 1766 quod
1771 1727 1863 1758 eidem
1883 1727 2005 1759 Custodi
2029 1729 2222 1770 Qadraginta
2247 1731 2368 1772 Libras,

1301 1777 1357 1805 pro
1369 1766 1531 1805 hujusmodi
1543 1765 1639 1797 Vadiis
1652 1767 1813 1805 dierorum,
1832 1765 1967 1797 Custodis
1983 1769 2017 1800 &
2033 1767 2210 1808 Puerorum,
2235 1769 2272 1801 de
2284 1769 2368 1802 The-

1301 1807 1380 1838 sauro
1392 1804 1494 1836 nostro
1507 1804 1634 1843 solvatis,
1653 1805 1697 1836 vel
1712 1804 1748 1835 Ei
1762 1814 1977 1843 competentem
1990 1806 2233 1847 Affignationern,
2253 1810 2300 1840 ubi
2316 1809 2368 1841 fibi

1302 1845 1430 1877 celeriter
1443 1843 1562 1875 satisfieri
1576 1845 1695 1882 poterit,
1710 1844 1813 1875 habere
1825 1845 1938 1875 faciatis.

1340 1882 1431 1915 Teste
1445 1882 1529 1924 Rege
1539 1882 1614 1922 apud
1628 1881 1822 1925 Rokesburgh
1830 1907 1840 1923 ,
1858 1883 1995 1916 vicefimo
2009 1884 2086 1916 sexto
2099 1884 2145 1916 die
2154 1884 2287 1922 Januarii.

2038 1963 2092 1992 Per
2104 1961 2258 1994 Concilium.

1540 2088 1599 2120 Pro
1616 2088 1704 2121 Duce
1720 2087 1901 2129 Britanniae,
1927 2084 1964 2120 de
1980 2086 2130 2132 Respenu.

1306 2169 1363 2226 R
1373 2170 1399 2202 E
1408 2170 1439 2202 X
1448 2195 1457 2208 ,
1476 2171 1680 2211 Thesaurario,
1699 2172 1732 2203 &
1744 2171 1900 2203 Baronibus
1912 2171 1964 2202 suis
1977 2171 2014 2203 de
2028 2171 2196 2209 scaccario,
2210 2173 2344 2207 Salutem.
2517 2203 2520 2206 .

1326 2249 1330 2254 ἰ
1405 2210 1544 2242 Volentes
1560 2235 1568 2249 ,
1596 2211 1716 2242 Dilecto
1737 2213 1770 2243 &
1791 2211 1881 2242 Fideli
1895 2210 2016 2255 nostro,
2031 2210 2158 2249 johanni
2172 2211 2253 2245 Duci
2264 2213 2371 2247 Britan-
2386 2196 2462 2227 Anu·
2475 2196 2517 2229 D·

1302 2248 1794 2320 ”hermensassen
1825 2250 2269 2322 sfffflssssssffisspoeissleffos
2282 2292 2301 2323 d
2318 2293 2356 2324 be
2383 2244 2492 2310 Aer·

1302 2326 1341 2371 ad·
1353 2311 1534 2358 Scaccarium
1549 2299 1736 2368 praedictum,
1755 2337 1789 2358 ex
1803 2311 1986 2366 quacumque
2009 2300 2189 2366 caus{,qtam
2204 2329 2240 2361 de
2249 2303 2370 2362 ¹Deleaitis

1302 2365 1365 2411 suis⁴
1380 2366 1501 2404 propriis
1516 2391 1525 2402 ,
1551 2368 1637 2405 quam
1660 2367 1695 2397 de
1715 2366 1829 2398 Debitis
1846 2366 2068 2398 Antecefforum
2081 2366 2214 2405 suorum,
2232 2371 2319 2408 usque
2332 2370 2367 2400 ad

1304 2404 1491 2463 Qindenam
1505 2405 1601 2437 Sansti
1617 2405 1768 2438 Michaelis
1780 2408 1913 2445 proximo
1928 2405 2060 2436 futuram.

1380 2444 1418 2475 Et
1431 2443 1497 2489 ideo
1510 2445 1594 2489 vob‘s
1607 2445 1882 2489 mandamus,·quod
1897 2444 1991 2489 eidem
2008 2445 2088 2490 Duci
2097 2444 2272 2483 Respectum
2285 2445 2365 2477 illum
2382 2438 2430 2484 {4¹
2444 2430 2469 2479 ‘s'

1302 2483 1406 2514 habere
1425 2483 1528 2514 faciatis
1549 2494 1579 2528 in
1601 2484 1696 2515 forma
1715 2483 1850 2528 praedicsta
1867 2507 1876 2523 ,
1895 2484 1928 2514 δε
1943 2483 2187 2528 Distridtionem,
2205 2483 2224 2514 fi
2239 2494 2325 2522 quam
2338 2486 2365 2516 ei
2383 2508 2399 2533 6
2416 2469 2447 2495 u
2460 2489 2467 2495 '

1302 2522 1335 2553 ei
1348 2522 1501 2553 occasione
1515 2521 1574 2553 fieri
1590 2522 1726 2561 feceritis,
1745 2525 1857 2554 interim
1871 2522 1983 2552 relaxari
1999 2521 2102 2551 faciatis
2115 2520 2216 2552 eidem.
2404 2515 2450 2543 35·

1301 2560 1428 2631 di‘I'Festbe
1444 2561 1531 2604 Rege
1544 2561 1619 2599 apud
1632 2561 1760 2593 Novum
1775 2560 1907 2591 Castrum
1920 2559 2140 2598 superTynam,
2159 2559 2274 2592 decimo
2287 2562 2366 2594 seXto

1333 2610 1348 2630 e
1387 2610 1403 2630 e
1424 2609 1515 2630 ruarii.

2381 2351 2469 2389 Claus.
2489 2357 2520 2388 9:

2381 2394 2412 2417 E.
2424 2400 2448 2427 3.
2458 2401 2494 2418 m.

1555 2725 1615 2756 Pro
1632 2719 1761 2768 lstzbella
1779 2722 1930 2768 Comitiffiz
1951 2721 1986 2756 de
2003 2726 2116 2757 Marr.

1306 2807 1436 2866 REX
1463 2809 1626 2848 Omnibus,
1644 2809 1678 2839 ad
1692 2809 1860 2853 quos,'&c.
1881 2808 2016 2840 Salutem.
2237 2849 2242 2855 .
2346 2850 2352 2857 ι
2381 2839 2408 2870 Α
2430 2848 2448 2869 n
2472 2839 2506 2871 D

1301 2884 1330 2915 di
1344 2886 1380 2919 de
1397 2849 1543 2927 §2133ss
1552 2847 1690 2888 Isabellae,
1709 2848 1872 2880 Comitiffae
1885 2848 1921 2879 de
1936 2848 2036 2888 Marr,
2053 2857 2131 2880 nunc
2146 2847 2243 2880 Uxori
2259 2848 2366 2881 Galfri-
2409 2848 2493 2917 2335.
2505 2864 2517 2876 ε

1341 2927 1420 2967 Qiae
1441 2937 1532 2963 nuper
1547 2912 1560 2965 ,⁹
1581 2926 1676 2958 audito
1691 2937 1806 2957 rumore
1821 2926 1899 2964 quod
1913 2926 2012 2965 Scoti,
2030 2925 2191 2957 adinvicem
2202 2925 2365 2957 Confoede-
2380 2921 2432 2945 ²¹⁷²·
2446 2926 2476 2952 9·

1301 2975 1408 3005 rantes,
1427 2966 1463 2996 de
1478 2965 1591 2996 Guerra
1607 2975 1707 2996 contra
1720 2976 1773 2996 nos
1789 2966 1982 3003 surrexerunt,
2001 2964 2093 2996 versus
2107 2972 2195 3002 partes
2211 2964 2323 3004 Angliae
2337 2965 2364 2996 se
2382 2960 2410 2984 E.
2436 2965 2463 2992 3·

1299 3013 1417 3074 tprtaxerat
1431 3030 1440 3043 ,
1467 3005 1499 3035 δε
1513 3004 1583 3035 infra
1598 3003 1734 3044 Regnum
1749 3004 1880 3035 nostrum
1895 3004 1989 3035 adhuc
2003 3010 2130 3034 moratur
2145 3002 2179 3032 ad
2193 3002 2295 3034 Fidem
2309 3013 2364 3035 no·
2379 2999 2514 3069 {mg-fb!-

1329 3055 1467 3114 rCTaiiam
1483 3082 1576 3114 facere
1591 3082 1756 3123 specialem,
2034 3068 2040 3071 .
2380 3081 2430 3107 44·

1339 3121 1541 3152 Conceffimus
1562 3123 1587 3152 ei
1608 3123 1705 3151 omnia
1725 3121 1804 3151 Bona
1826 3120 1860 3151 &
1883 3118 1990 3150 Catalla
2003 3141 2013 3156 ,
2037 3128 2101 3156 quae
2122 3118 2235 3148 fuerunt
2254 3118 2361 3156 praefati

1302 3161 1442 3198 Galfridi,
1461 3161 1639 3204 ubicumque
1659 3160 1731 3214 infra
1751 3159 1887 3202 Regnum
1910 3156 2214 3225 ”Osts.um1⁶‘51st.e‘!si³2
2229 3158 2366 3226 [ξε-ςυῗ,

1302 3196 1900 3274 {5ssfidiss‘i‘lsaesssff‘ptffil&diffisis
1913 3195 2041 3265 ἔξὲξὲἓὲῃ
2049 3205 2366 3273 ,Ἓξὲῗάἓῖὶέἰῧόηὲζ

1303 3275 1418 3313 nostro,
1428 3276 1466 3318 'in
1483 3274 1629 3304 Auxilium
1642 3273 1856 3304 Sustentationis
1871 3273 1935 3304 suae.
2130 3275 2139 3281 ”

1340 3312 1616 3388 ῼεῗὶᾛῃῇἒέἕέῥυά
1630 3349 1756 3381 Novum
1772 3348 1906 3381 Castrum
1927 3351 2005 3388 super
2019 3349 2155 3389 Tyriam,
2171 3349 2310 3380 vicesimo
2323 3349 2365 3380 se-

1303 3389 1400 3422 cundo
1411 3389 1457 3420 die
1471 3388 1622 3420 Februarii.

1779 3430 1832 3458 Per
1846 3426 1929 3467 ipfitm
1941 3429 2036 3465 Regem
2050 3425 2088 3462 ὠ·
2105 3425 2257 3456 Concilium.

1522 3563 1580 3594 Pro
1600 3559 1682 3592 disla
1698 3560 1848 3605 Comitiffiz
1859 3587 1869 3602 ‚
1895 3559 1931 3593 de
1947 3562 2031 3594 Dono
2049 3561 2146 3604 Regis.

1302 3645 1356 3701 R
1367 3644 1449 3682 EX,
1468 3643 1590 3675 Dileetis
1603 3644 1637 3675 &
1650 3644 1788 3691 Fidelibus
1801 3644 1852 3675 suis
1859 3669 1870 3685 ,
1889 3644 2022 3676 Roberto
2036 3642 2175 3680 Darreys,
2195 3641 2228 3672 &
2242 3640 2360 3679 Stepha-

1376 3694 1415 3714 no
1430 3684 1466 3714 de
1478 3684 1650 3721 Thoresby,
1668 3683 1809 3715 Salutem..

1338 3719 1420 3752 Cum
1434 3732 1538 3761 nuper,

2377 3674 2454 3706 Ann.
2465 3674 2507 3705 D.

2396 3722 2480 3754 1335·

1341 3759 1419 3790 Dato
1449 3761 1532 3791 nobis
1553 3760 1670 3797 intelligi
1689 3760 1766 3795 quod
1789 3760 1966 3798 quamplures
1986 3755 2134 3799 Homines
2153 3754 2189 3784 de
2209 3754 2357 3800 Comitatu
2377 3757 2429 3780 An.
2444 3763 2476 3787 9·

1303 3797 1524 3830 Northumbriae
1537 3822 1547 3837 ,
1571 3799 1677 3829 diversa
1699 3798 1779 3830 Bona
1793 3800 1826 3830 &
1842 3797 1965 3834 Citalla,
1981 3805 2045 3833 quae
2059 3799 2172 3838 ruerunt
2186 3793 2308 3824 Galirldl
2322 3795 2358 3825 de
2376 3796 2414 3835 133
2429 3800 2456 3827 3·

1304 3835 1466 3877 Moubray,
1485 3839 1533 3876 qui
1547 3836 1656 3876 Scotis,
1675 3837 1801 3868 Inimicis
1815 3837 1848 3868 ὃ(
1862 3835 2027 3866 Rebellibus
2039 3831 2266 3870 nostn5,contra
2273 3832 2360 3872 Nos,
2377 3829 2481 3858 llnd‘m·

1304 3883 1335 3904 ut
1348 3874 1451 3906 dieitur
1487 3876 1529 3906 est
1543 3875 1717 3914 Adhaerens,
2071 3909 2076 3914 ,

1342 3911 1380 3943 Et
1388 3899 1580 3951 quaePona&
1595 3912 1702 3945 Catalla
1716 3912 1840 3952 adNos,
1854 3912 1874 3943 fi
1887 3913 1926 3942 ita
1937 3911 1989 3955 sit,
2006 3916 2145 3947 pertinere
2158 3907 2358 3954 dinoscuntur,

1341 3949 1375 3981 Iri
1398 3951 1512 3983 diversis
1530 3953 1601 3984 locis
1615 3975 1626 3992 ,
1651 3954 1681 3983 in
1694 3952 1843 3983 Comitatu
1857 3949 2011 3988 praedieto,
2028 3956 2179 3986 ceperunt,
2196 3948 2230 3979 ὃς
2244 3948 2361 3987 elonga-

1303 3997 1384 4028 runt,
1401 3991 1435 4023 &
1449 4001 1480 4022 ea
1492 3991 1622 4023 detinent
1634 3998 1790 4029 occupata,
2300 4022 2374 4057 Vor
