2562 4279
743 159 850 201 ET
933 158 1199 199 ACTA

32 234 166 271 ΑΗΒ-θ’
180 255 244 286 rum
266 245 341 276 alteri
352 270 360 284 ,
378 246 406 275 in
425 245 547 277 dicendis
567 246 667 284 vobis,
686 245 766 284 super
785 244 855 283 hiis,
872 253 907 275 ex
919 252 995 284 parte
1008 242 1121 281 nostra,
1139 241 1240 272 Fidem

59 282 141 315 1335·
181 284 332 315 Indubiam
347 284 498 322 praebeatis.

38 317 104 345 Edv·
124 322 150 350 3·
220 322 311 354 Teste
325 332 356 354 ut
368 323 453 361 supra.

868 362 921 390 Per
935 358 1017 398 ipJum
1032 360 1137 395 Regem.

507 487 600 530 Super
620 481 750 527 Subst‘dio
767 481 923 515 antediffo.

41 575 120 607 Ann.
134 570 176 602 D.
190 570 328 628 REX,
351 569 462 600 dilectis
481 570 515 600 &
536 567 664 599 fidelibus
682 568 750 605 suis,
771 566 932 604 Justiciario
948 588 958 604 ,
981 565 1159 597 Cancellario
1176 588 1187 605 ,
1212 565 1246 596 &

71 621 156 651 1335.
267 609 470 646 Thesaurario,
487 608 556 645 suis,
574 607 740 649 Hiberniae,
758 605 892 635 Salutem.
1061 644 1066 649 ι
1083 644 1089 649 .
1224 643 1229 648 1

226 648 325 686 Cum,
348 648 382 678 ad
402 645 608 685 reprimendam
626 643 795 674 obstinatam
816 643 972 674 Scotorum
995 642 1156 681 Malitiam,
1182 652 1249 680 qui,

192 696 291 718 contra
315 696 367 716 nos
386 684 423 715 de
445 683 557 715 Guerral
572 685 723 721 surgeiiteS,
743 681 821 711 Mala
835 692 897 720 quae
910 681 1024 720 possunt
1039 682 1122 712 nobis
1138 683 1172 712 ὃς
1195 690 1248 710 no-

194 727 254 756 stris
264 725 351 755 indies
365 724 458 754 facere
473 723 646 758 moliuntur,
662 720 797 757 Sumptus
810 721 844 752 δε
858 720 996 758 Expensas
1021 720 1231 758 apposuerimus
1240 741 1250 757 ,

193 773 224 795 ut
237 764 402 801 opportuit,
420 760 600 797 Exceffivos,
617 759 650 789 &
668 757 808 796 Maiores,
827 760 885 789 tam
900 769 954 796 pro
966 760 1178 790 conservatione
1197 767 1250 787 110-

193 803 242 833 stri
259 802 398 832 Nominis
409 801 442 831 ὃς
455 799 597 835 Honoris,
610 797 696 833 quam
711 796 873 828 defensione
883 798 995 837 Jurium
1008 797 1173 828 nostrorum
1189 795 1251 826 Re-

192 842 313 880 galium,
337 838 522 870 Subditorum
543 837 577 866 &
599 835 756 866 Terrarum
776 836 954 875 nostrorum,
978 835 1132 867 necessario
1152 835 1253 866 facturi

194 881 281 910 simus
293 878 364 909 infra
379 877 483 911 Breve,

233 918 313 957 Qae
327 915 439 954 quidem
456 912 647 949 Expensarum
662 912 760 944 Onera
773 924 834 945 non
847 913 996 952 possumus
1010 912 1169 944 commode
1190 911 1253 951 sup-

196 965 308 995 portare
321 955 378 984 fine
390 951 518 983 Subsidio
532 950 634 982 Gentis
648 952 767 992 nostrae,
1042 990 1045 992 q

237 993 328 1024 Vobis
342 990 521 1028 mandamus,
538 989 656 1021 firmiter
671 993 860 1032 injungentes,
878 992 1006 1030 quatinus
1019 987 1254 1029 Prael·atis,Mag-

197 1033 320 1068 natibus,
338 1030 371 1060 &
387 1028 564 1059 Hominibus
577 1029 692 1069 nostris,
711 1030 861 1061 Hiberniae
876 1030 922 1069 (de
940 1040 1063 1069 quorum
1083 1029 1255 1060 DileE'tionis

196 1069 368 1110 plenitudine
383 1067 528 1098 Sinceram
545 1067 677 1099 fiduciam
690 1070 875 1107 reportamus)
888 1070 960 1100 lianc
973 1068 1100 1100 nostram
1122 1067 1256 1106 Indigen-

199 1111 267 1139 tiam
281 1107 389 1145 plenius
403 1107 561 1144 exponatis,
581 1107 614 1138 ὃς
630 1107 717 1146 ipsos,
732 1108 768 1139 ad
782 1108 944 1139 faciendum
959 1109 1056 1145 nobis,
1075 1108 1103 1137 in
1124 1107 1257 1136 Subven-

195 1148 304 1177 tionem
326 1145 518 1182 Expensarum
540 1146 714 1184 hujusmodi,
732 1147 786 1178 tale
807 1147 988 1185 Subsidium,
1007 1145 1086 1184 quod
1109 1144 1186 1182 Ipsos
1206 1144 1257 1174 de-

196 1193 275 1223 ceat,
295 1184 327 1214 &
340 1183 439 1214 Nobis
453 1192 563 1221 gratum
577 1184 633 1215 effe
645 1185 747 1216 debeat
760 1187 793 1217 &
808 1193 960 1224 acceptum
969 1209 978 1223 ,
997 1186 1066 1222 viis,
1085 1184 1186 1222 quibus
1205 1192 1259 1220 po-

197 1225 300 1261 teritis,
318 1222 470 1253 efficaciter
484 1222 635 1261 inducaris,

235 1260 425 1292 Praedicentes
439 1260 542 1291 eisdem
558 1262 639 1307 quod
653 1272 714 1293 non
728 1262 769 1293 est
784 1263 949 1294 intentionis
962 1261 1067 1292 nostrae
1078 1268 1108 1291 ut
1121 1260 1167 1299 id,
1181 1259 1260 1298 quod

197 1309 232 1330 ex
253 1299 310 1330 sola
335 1300 514 1330 Liberalitate
531 1300 578 1330 sua
596 1301 678 1330 nobis
697 1301 818 1332 fecerint
840 1301 893 1331 ista
907 1302 989 1338 vice,
1007 1300 1130 1330 trahatur
1143 1300 1206 1329 alias
1224 1298 1260 1328 ad

197 1338 455 1377 Consequentiam,
473 1339 518 1368 vel
533 1339 594 1377 ipsis
608 1339 802 1377 praejudicium
816 1339 913 1370 afferat
935 1340 964 1369 in
986 1339 1132 1376 futurum,
1150 1338 1187 1368 set
1210 1347 1260 1367 eo-

197 1387 264 1408 rum
286 1377 513 1415 Gratitudinern,
532 1387 618 1415 quarn
638 1379 722 1408 nobis
740 1378 858 1409 fecerint
874 1379 904 1408 in
916 1378 969 1408 hac
984 1386 1080 1416 parte,
1097 1387 1162 1415 quae
1182 1385 1261 1406 nunc

200 1418 229 1446 in
246 1415 405 1446 necessitate
416 1415 507 1455 posset
522 1417 624 1446 claritis
638 1417 839 1456 comprobari,
858 1417 896 1447 fic
916 1416 1174 1453 remunerabimus,
1193 1414 1263 1445 Deo

199 1455 304 1492 Duce,
325 1454 405 1492 quod
419 1453 582 1491 gaudebunt
597 1455 678 1485 nobis
693 1455 754 1485 talia
764 1456 791 1486 se
803 1455 909 1486 fecisse.

238 1493 346 1524 Taliter
367 1501 461 1523 autem
482 1503 535 1524 vos
559 1493 679 1524 habeatis
700 1495 729 1524 in
750 1493 916 1532 praemiffis,
934 1501 965 1524 ut
976 1493 1099 1525 vestram
1113 1491 1266 1522 debeamus

200 1531 499 1569 Circumspefflonem
513 1532 546 1562 &
564 1531 754 1570 Diligentiam
768 1532 988 1570 commendare,
1008 1533 1043 1563 ὃς
1058 1541 1112 1561 nos
1125 1531 1162 1560 de
1174 1530 1267 1568 singu-

201 1571 250 1609 lis,
268 1581 333 1606 quae
345 1570 484 1608 feceritis,
499 1571 533 1601 &
548 1570 584 1600 dc
598 1570 765 1610 Responsis,
783 1572 861 1610 super
875 1572 933 1602 hoc
955 1570 1038 1602 vobis
1058 1569 1137 1600 factis
1155 1579 1206 1606 per
1225 1568 1269 1598 di-

203 1610 266 1640 &os
278 1608 430 1647 Praelatos,
448 1608 618 1647 Magnates,
636 1611 669 1641 &
683 1610 829 1641 Homines
844 1610 974 1648 nostros,
987 1607 1139 1640 Hiberniae
1154 1606 1269 1645 (quibus

203 1657 257 1693 pro
270 1647 350 1678 dieto
365 1646 496 1691 Subsidio
510 1647 618 1692 nostras
641 1649 777 1680 mittimus
798 1649 905 1679 Literas
924 1646 1065 1686 speciales)
1088 1644 1208 1676 reddatis
1228 1645 1270 1675 ci-

204 1694 276 1724 tius,
296 1696 355 1724 quo
370 1694 513 1725 poteritis,
531 1696 671 1718 certiores.

242 1720 333 1756 Teste
348 1732 381 1756 ut
394 1724 482 1763 supra.

42 656 96 681 An.
110 661 138 686 9.

42 696 72 719 E.
96 700 121 727 3·

43 734 109 757 Scot.
127 737 153 763 9.

45 772 75 796 E.
93 777 117 803 3.
133 776 169 794 m.

47 808 93 844 36.

895 1764 948 1793 Per
962 1759 1044 1801 ipficm
1059 1763 1165 1799 Regem.

207 1890 257 1922 De
273 1887 432 1920 tractando
448 1898 517 1920 cum
538 1890 649 1920 Comite
666 1885 815 1920 Flandriae
825 1886 916 1933 fhper
935 1882 1219 1933 ‘sian-[graffionibus
1233 1887 1270 1923 ὠ·

513 1938 665 1982 Dampnis
680 1934 748 1968 hinc
762 1934 829 1968 inde
847 1936 953 1972 illatis.

63 2027 141 2086 ‘³¹¹3'ss
150 2025 192 2056 D·
213 2021 514 2103 Rmibgiinii'e'ii'iist}
530 2020 568 2103 θεᾶς
584 2020 1066 2099 ἶῗὲῗωδῷἶὰὸῑὲἷῗζῗωὺῑιεᾱοτυω
1086 2059 1120 2090 st
1134 2057 1276 2103 Fideiiiim

159 2123 165 2130 ,
211 2097 397 2140 nostrorum,
416 2097 568 2127 Willielmi
584 2097 659 2127 dela
674 2097 911 2136 Pole,Johannis
930 2098 968 2128 de
988 2096 1135 2134 Causton,
1153 2096 1278 2127 Williel-

214 2145 254 2165 mi
270 2135 350 2173 Fox,
368 2136 401 2166 &
415 2135 566 2166 Willielmi
581 2135 599 2155 ²*
614 2135 650 2166 de
666 2135 802 2175 Preston,
821 2137 932 2175 plenam
947 2136 1079 2167 fiduciam
1095 2143 1279 2173 reportantes,

216 2174 309 2212 Ipsos,
327 2174 419 2212 Tres,
434 2175 466 2205 &
482 2174 564 2205 Duos
579 2184 680 2205 eorum
696 2175 831 2213 (quorum
906 2176 994 2206 fatum
1009 2175 1051 2204 W
1055 2175 1201 2204 illielmum
1218 2173 1281 2204 Fox

215 2222 305 2243 unum
325 2212 382 2242 effe
404 2214 548 2251 volumus)
570 2213 616 2243 vel
642 2214 764 2244 eundem
779 2214 844 2244 Wil
855 2215 974 2245 ielmum
988 2213 1050 2244 Fox
1063 2223 1113 2251 per
1126 2213 1153 2242 se
1165 2212 1283 2250 deputa-

219 2260 296 2289 mus,
315 2251 532 2291 constituimus,
548 2253 581 2282 &
602 2253 719 2283 facimus
742 2252 853 2284 nostros
868 2253 1086 2290 Procuratores,
1104 2250 1284 2282 Commissa-

219 2291 274 2320 rios
285 2313 295 2328 ,
313 2290 346 2320 &
360 2290 495 2320 Nuncios
509 2290 636 2328 speciales
650 2303 660 2328 ἦ

255 2328 366 2358 Dantes
392 2329 514 2367 eisdem,
540 2329 720 2367 willielmo,
741 2330 883 2369 Johanni,
901 2329 1077 2368 WillielmO,
1096 2329 1131 2359 &
1157 2327 1283 2358 Williel-

219 2377 288 2405 mo,
308 2367 432 2404 Tribus,
451 2369 484 2399 &
505 2367 616 2398 duobus
635 2379 735 2398 eorum
759 2369 894 2407 (quorum
915 2368 1063 2405 praefatum
1086 2367 1281 2398 Willielmum

219 2406 282 2435 Fox
295 2415 384 2436 unum
398 2406 455 2436 esse
467 2406 611 2443 volumus)
630 2407 673 2438 vel
688 2407 781 2437 eidem
795 2407 955 2438 Willielmo
971 2407 993 2437 F
994 2416 1033 2437 ox
1048 2416 1099 2444 per
1114 2407 1156 2445 se,
1170 2405 1284 2444 plenam

218 2443 391 2474 Potestatcm
404 2446 438 2475 &
454 2444 625 2476 Mandatum
639 2446 772 2483 speciale,

253 2482 299 2512 Ad
317 2483 493 2513 tractandum
515 2494 601 2523 cum,
620 2484 726 2514 Nobili
748 2484 838 2523 Viro,
858 2483 993 2514 Domino
1017 2483 1198 2520 Lodowico,
1221 2481 1286 2512 Co·-

218 2522 288 2551 mite
304 2520 456 2559 Flandriae,
477 2521 701 2559 consanguineo
715 2522 814 2553 nostro
829 2522 990 2560 carissimo,
1006 2532 1040 2553 ac
1053 2520 1286 2561 Burtriniagistris,

219 2559 364 2596 Scabinis,
383 2559 573 2599 Consulibus,
597 2563 631 2592 &
649 2562 707 2592 aliis
726 2562 922 2600 Hominibus,
950 2560 1090 2591 Villarum
1108 2546 1144 2590 de
1165 2560 1287 2598 Bruges,

219 2596 256 2628 de
270 2597 487 2636 Gandano,&
495 2598 530 2629 de
546 2598 629 2638 Ipre,
647 2600 692 2630 seu
708 2610 778 2631 cum
792 2600 844 2630 illis
860 2610 931 2638 quos
947 2599 1033 2630 iidem
1043 2624 1052 2638 ,
1071 2599 1197 2636 Comes,
1216 2599 1287 2629 Bur-

219 2635 391 2705 {imagistri5
407 2636 539 2676 Scabini,
556 2637 716 2675 Consules,
735 2640 768 2669 &
783 2638 827 2668 alii
839 2638 876 2668 de
888 2638 969 2668 Villis
982 2638 1143 2676 praedietis,
1160 2637 1229 2668 loco
1248 2636 1288 2667 sui

240 2676 431 2712 eputaverint,
450 2675 530 2713 super
553 2675 846 2716 Transgreffionibus‚
866 2677 1023 2715 Dampnis,
1042 2676 1169 2715 Injuriis,
1184 2675 1289 2706 Robe-

220 2714 284 2752 riis,
300 2714 334 2744 &
349 2713 406 2743 aliis
422 2713 570 2744 Maleficiis
585 2716 830 2753 quibuscumque,
847 2725 899 2753 per
919 2714 1030 2745 Gentes
1049 2716 1082 2746 δε
1105 2714 1289 2745 Habitatores

223 2751 322 2787 Regni
335 2750 425 2780 nostri
439 2761 472 2781 ex
488 2761 563 2789 parte
578 2753 649 2791 una,
668 2754 702 2784 &
717 2754 826 2785 Gentes
842 2755 876 2786 &
889 2752 1073 2785 Habitatores
1086 2753 1188 2784 Terrae
1208 2753 1291 2784 Flan-

224 2789 293 2820 driae
307 2798 340 2819 eir
356 2789 455 2828 altera,
473 2790 542 2820 hinc
556 2791 623 2821 inde
638 2792 731 2822 illatis:

262 2827 462 2858 Promittentes
475 2838 527 2858 nos
540 2829 669 2859 Firmum
684 2831 717 2860 δε
731 2831 835 2861 Stabile
855 2831 1000 2861 habituros
1020 2830 1157 2869 quicquid
1178 2840 1228 2870 per
1249 2830 1291 2861 di-

227 2865 290 2895 &os
306 2865 526 2904 Procuratores,
545 2866 779 2907 Commissarios,
798 2870 831 2899 &
845 2869 980 2899 Nuncios
993 2869 1120 2907 nostrOS,
1140 2869 1230 2906 Tres,
1245 2868 1291 2899 vel

229 2903 314 2933 Duos
326 2913 427 2933 eorum
443 2905 579 2942 (quorum
596 2905 743 2943 praefatum
756 2907 950 2938 Willielmum
967 2907 1028 2938 Fox
1043 2917 1132 2938 unum
1153 2907 1211 2937 effe
1235 2917 1291 2938 vo-

227 2941 332 3010 lurrsilus)
347 2942 393 2972 vel
409 2945 533 2974 eundem
545 2944 738 2975 Willielmum
754 2945 813 2975 Fox
829 2955 877 2982 per
889 2946 934 2983 se,
949 2945 1057 2977 Adrum
1072 2946 1154 2977 fuerit
1167 2947 1196 2976 in
1217 2955 1291 2983 prae-

229 2990 267 3010 mi
293 2991 323 3010 is.

265 3018 299 3049 In
313 3020 411 3056 cujus,
430 3020 491 3050 &c.

304 3056 372 3088 Dat.
393 3058 466 3096 apud
481 3057 615 3097 Cowyk,
632 3059 748 3091 decimo
763 3061 841 3091 sexto
855 3059 901 3090 die
914 3059 996 3090 Maii.

65 2149 95 2171 E.
126 2152 151 2179 3.

64 2186 163 2214 Pat.9.

66 2225 163 2256 E.3.p.
177 2227 199 2243 1.

66 2268 104 2286 m.
127 2267 170 2291 19.

69 2298 86 2313 ²*
106 2298 161 2323 IV.

67 2335 136 2371 646.

235 3198 292 3233 Ad
315 3199 429 3233 diuam
458 3204 622 3245 Comitem,
649 3205 754 3236 Litera
781 3200 1067 3236 recommendatoria
1089 3214 1144 3250 pro
1167 3205 1298 3236 Nunciis

713 3255 813 3300 Regis.

308 3332 392 3370 EX,
417 3333 522 3364 Nobili
543 3333 637 3375 Viro,
662 3336 844 3376 Lodowico,
867 3338 979 3370 Comiti
1000 3337 1152 3375 Flandriae,
1172 3337 1301 3368 Consan-

90 3343 218 3376 Amo.
240 3335 296 3388 R

112 3392 195 3422 1335·
239 3373 427 3440 &umguineo
449 3373 498 3402 suo
519 3374 678 3412 carissimo,
705 3375 844 3414 Salutem,
863 3378 896 3408 ὃς
918 3378 1032 3409 fincerae
1053 3377 1213 3408 dilefflonis
1232 3375 1303 3407 affe-

87 3426 187 3498 gn?
276 3448 356 3492 Cum
376 3458 467 3486 nuper
486 3449 558 3479 inter
579 3450 647 3494 Vos·
660 3451 693 3481 &
713 3459 806 3481 certos
830 3452 1031 3485 Procuratores
1049 3453 1176 3492 nostros,
1195 3454 1229 3484 ad
1251 3464 1303 3485 vos

90 3499 176 3536 Claus.
196 3508 225 3534 9,
242 3487 355 3524 missos,
376 3486 597 3518 Concordatum
610 3488 717 3527 fuisset,
756 3498 821 3520 rout
835 3492 919 3521 nobis
933 3502 983 3530 per
1004 3492 1110 3523 Literas
1132 3492 1234 3523 vestras
1260 3503 1304 3522 re-

90 3541 122 3564 E.
138 3547 161 3574 3·
181 3548 217 3566 m·
241 3526 399 3564 scripsistis,
416 3525 513 3563 quod,
532 3527 599 3556 citra
613 3527 725 3571 Festum
765 3528 923 3560 entecostes
938 3531 1073 3567 proximo
1084 3531 1304 3569 futui·um,mit-

95 3576 137 3603 26,
151 3576 176 3604 d·
241 3573 363 3595 teremus
379 3564 412 3594 ad
427 3572 515 3601 partes
531 3564 667 3595 Flandriae
682 3574 770 3596 certas
782 3567 927 3607 personas,
945 3568 980 3598 ad
997 3569 1174 3599 traCtandum
1190 3570 1223 3599 &
1237 3579 1305 3606 pro-

241 3602 403 3633 cedendum
425 3612 493 3632 curn
515 3603 590 3640 aliis,
609 3613 658 3641 per
682 3614 734 3635 vos
755 3604 933 3644 deputandis,
951 3606 1032 3644 super
1054 3606 1195 3644 Dampnis
1208 3607 1241 3637 ὅ(
1257 3607 1305 3637 In-

236 3642 330 3709 fflriis,
347 3641 522 3672 Hominibus
537 3641 637 3672 nostris
653 3642 686 3673 ὅ(
699 3642 796 3673 vestris
811 3644 878 3675 hinc
892 3645 976 3683 inde,
995 3654 1026 3676 ut
1038 3644 1156 3683 dicitur,
1176 3645 1254 3676 factis
1270 3647 1304 3677 ὃς

271 3689 322 3710 atis
332 3704 341 3717 ,

278 3718 365 3756 Nos,
383 3719 510 3749 volentes
526 3729 589 3756 quae
606 3718 642 3748 sic
655 3728 704 3756 per
720 3718 919 3752 Procuratores
932 3722 1044 3753 nostros
1058 3721 1230 3753 concordata
1243 3721 1305 3753 fue-

241 3764 319 3795 rant,
347 3766 377 3788 ut
397 3759 549 3794 convenit,
572 3757 740 3796 adimplere,
766 3760 904 3790 mittimus
923 3760 957 3790 ad
975 3769 1064 3798 partes
1085 3761 1228 3797 praefatas,
1251 3771 1305 3799 pro

241 3793 336 3826 debita
358 3796 552 3834 completione
575 3796 783 3833 praemisssn-um
802 3820 811 3835 ,
838 3798 969 3829 Dileeios
988 3800 1022 3830 &
1046 3799 1154 3829 Fideles
1175 3799 1306 3838 nostrOS,

244 3830 439 3864 Willielmum
459 3833 494 3864 de
518 3834 542 3864 la
563 3834 652 3872 Pole,
668 3835 828 3873 johannem
843 3835 880 3865 de
896 3836 1045 3874 Causton,
1058 3837 1248 3868 Willielmum
1270 3838 1307 3869 de

246 3868 308 3913 Fox
324 3871 357 3901 &
370 3873 561 3902 Willielmum
574 3873 610 3903 de
625 3873 759 3910 preston,
779 3872 978 3905 Procuratores
1003 3875 1132 3914 nostros,
1150 3876 1196 3906 seu
1217 3876 1307 3907 Nun-

246 3916 321 3945 cios,
339 3909 373 3938 ad
390 3910 447 3941 hoc
462 3911 613 3949 specialiter
626 3911 813 3949 constitutos,
833 3913 935 3951 Qios,
953 3914 987 3944 δε
1001 3923 1104 3944 eorum
1122 3914 1309 3955 Qemlibet,

246 3944 352 4014 hild-³553
362 3948 428 3979 velit
440 3950 531 3980 vestra
550 3949 679 3981 Dileffitio
700 3951 934 3990 commend-itm,
952 3960 1038 3989 prout
1057 3952 1157 3982 melius
1178 3954 1308 3994 expedire

245 3993 265 4013 V
312 3993 332 4013 Π
355 3994 381 4014 s:

268 4019 455 4069 ,ordinantes
468 4034 516 4064 ut,
533 4026 567 4057 ad
583 4026 762 4058 nutriendum
781 4026 985 4058 Diled‘tionem*
993 4027 1101 4058 solitam
1115 4027 1151 4060 δὲ
1164 4029 1311 4061 Commu·
1347 4040 1539 4069 receptarum,
1556 4041 1644 4068 nuper
1663 4031 1800 4061 lnvadiari
1814 4030 2030 4068 fecimus,unde
2046 4031 2128 4062 vobis
2145 4031 2227 4069 plene
2240 4030 2406 4060 satisfactum
2428 4024 2441 4038 '⁶
2476 4060 2481 4067 x

246 4067 364 4113 nlo-nem
384 4062 530 4098 pacificam
553 4067 626 4096 inter
648 4066 759 4097 nostros
780 4067 812 4097 ὃς
832 4066 940 4098 vestros
961 4065 1096 4099 Subditos
1112 4068 1192 4106 (quas
1212 4068 1315 4101 nostris
1351 4070 1410 4107 est,
1436 4070 1453 4089 ³*
1476 4068 1643 4101 Canierariis
1662 4068 1779 4106 nostris,
1807 4078 1878 4107 quos
1898 4069 1932 4099 ad
1953 4077 2040 4106 partes
2060 4070 2117 4100 illas
2140 4071 2279 4101 mittimus
2300 4077 2333 4099 ex
2357 4066 2410 4096 liae
2427 4061 2494 4095 645.

1281 148 1759 202 PUBLICA.
2259 174 2338 214 127

1280 245 1457 281 temporibus
1468 246 1598 282 cupimus
1614 246 1756 284 adaugeri)
1771 244 1921 277 Trmftarus
1935 245 2092 278 hu'usmodi
2110 246 2149 278 fic
2171 247 2342 279 rationabili-
2353 238 2429 270 Atm-
2438 240 2478 271 D-

1281 288 1323 324 ter
1344 282 1378 311 &
1397 283 1576 314 amicabiliter
1597 284 1748 324 dirigatur,
1768 284 1864 324 quod,
1883 294 1917 315 ex
1937 295 1956 316 o
1984 286 2096 317 cnsione
2108 286 2250 317 (116ὶο111111
2263 285 2337 316 Sub-
2374 287 2458 318 1335-

1279 317 1406 349 ditorum
1427 320 1586 352 vestrorum
1608 332 1692 360 penes
1712 332 1763 353 nos
1783 324 1816 353 δε
1837 324 1950 354 nostros
1970 325 2170 356 benivolentiae
2182 348 2193 365 ,
2218 324 2280 363 ipsis
2301 324 2336 356 ad
2352 319 2417 346 de·
2439 327 2465 354 ὃ·

1279 355 1368 387 Grata
1383 357 1532 389 reddamur
1545 361 1575 390 in
1589 362 1842 398 opportunitatibus
1856 364 2053 401 promptiores.

1314 394 1385 426 Dat.
1403 396 1532 434 utsupra.

1495 525 1655 568 Consimilis
1674 528 1779 559 Litera
1798 525 1841 559 ad
1856 527 2114 575 Burgimagistros.

1283 606 1413 663 REX,
1440 607 1561 652 Diledtis
1580 610 1645 655 sibi,
1669 610 1856 656 Consulibus,
1880 612 2117 660 Burgirnagistris,
2141 614 2175 646 ὅτ,
2191 613 2338 661 §cabiniffi
2354 613 2486 646 Anu-D,

1284 655 1390 714 tem’ac
1411 654 1464 677 toti
1486 646 1713 687 Communitati,
1736 649 1819 680 Villae
1840 649 1876 680 de
1896 650 2016 691 Brugges
2035 662 2065 682 in
2087 652 2236 690 flandria,
2261 651 2340 682 Salu-
2381 662 2464 694 13352
2498 660 2501 664 '

1322 722 1354 752 In
1376 721 1514 754 defideriis
1534 725 1633 755 votive
1652 726 1774 764 gerimus
1799 734 1843 764 ut,
1870 737 1934 765 quae
1954 738 2003 765 per
2023 728 2155 760 Subditos
2176 728 2289 760 nostros
2307 737 2342 758 ex
2355 696 2453 767 ‘gn-3?

1285 760 1342 805 unz}⁴
1353 770 1451 805 parte,
1470 763 1504 793 &
1519 762 1649 795 vestrates
1663 772 1697 793 ex
1709 764 1776 801 alia,
1793 765 1854 795 sunt
1869 766 1992 796 indebite
2006 776 2176 806 perpetrata,
2194 775 2278 806 prout
2300 777 2344 797 re-
2358 770 2423 798 ibid.

1287 808 1371 837 quirit
1385 799 1510 840 Justitia,
1537 801 1631 832 debite
1654 801 1860 840 reformentur,
1887 805 1920 834 &
1940 806 2109 842 extirpentur
2130 808 2260 837 radicitus
2281 816 2345 844 quae

1287 838 1399 875 possent
1412 840 1482 869 inter
1496 850 1544 870 cos
1560 839 1714 870 Divifionis
1728 840 1879 871 Materiam
1894 842 2027 872 suscitare.

1327 876 1408 907 Cum
1431 879 1523 917 itaque
1542 889 1594 909 vos
1615 878 1642 908 id
1664 878 1811 910 credamus
1831 888 1978 918 appetere,
2005 881 2056 919 &,
2073 891 2106 911 ex
2127 882 2181 913 hac
2200 882 2347 913 confiden-

1290 915 1328 946 tia
1344 939 1354 954 ,
1367 916 1515 958 ‘mittimus
1533 917 1567 946 ad
1586 926 1676 957 partes
1696 917 1833 948 Flandriae
1848 942 1858 956 ,
1881 918 2012 949 Dileeios
2035 922 2068 950 δε
2091 920 2197 951 Fideles
2219 921 2347 958 nostros,

1290 954 1483 985 Willielmum
1503 955 1540 986 de
1556 955 1580 985 la
1602 955 1690 994 Pole,
1707 954 1768 990 ὀνο.
1784 956 1906 995 utfiaepra
1920 955 1998 996 usque
2019 958 2055 987 ibi
2074 958 2274 989 Procuratores
2293 970 2348 989 no-

1291 993 1379 1032 stros,
1405 994 1440 1024 ad
1460 993 1656 1025 Tra&andum
1679 994 1760 1032 super
1776 995 1977 1025 reformatione
1997 995 2201 1033 Dampiiorum
2223 999 2256 1028 δι’
2275 997 2351 1036 inju-

1290 1035 1394 1064 riarum
1409 1033 1478 1064 hinc
1494 1032 1578 1070 inde,
1596 1042 1627 1063 ut
1639 1033 1758 1071 dicitur,
1773 1034 1928 1071 illatorum,
1943 1034 2095 1071 specialiter
2110 1034 2307 1074 Constitutos,

1328 1071 1552 1103 Univerfitatem
1574 1071 1697 1101 vestram
1719 1074 1825 1102 attente
1846 1081 1976 1111 rogamus
1991 1095 2001 1110 ,
2025 1075 2161 1111 quatenus
2184 1083 2250 1103 cum
2271 1074 2353 1104 distis

1291 1111 1527 1142 Procuratoribus
1540 1109 1658 1148 nostris,
1676 1110 1709 1140 &
1725 1120 1824 1140 eorum
1839 1111 1979 1148 quolibet,
1998 1111 2032 1141 ad
2045 1112 2102 1141 hoc
2118 1111 2291 1142 Potestatem
2305 1113 2354 1142 ha-

1294 1151 1396 1187 bente,
1413 1148 1494 1187 super
1508 1148 1652 1187 praemissis
1665 1148 1753 1180 velitis
1773 1149 1811 1178 sic
1830 1149 2012 1179 amicabiliter
2030 1151 2063 1181 δε
2081 1151 2277 1181 rationabiliter
2294 1161 2356 1189 pcr-

1294 1188 1427 1225 traetare,
1443 1196 1474 1218 ut
1498 1187 1678 1225 AEquitatem
1699 1188 1732 1218 ὃ(
1751 1187 1891 1225 Justitiam
1913 1187 1931 1206 ’¹‘
1954 1197 2094 1227 quaerere,
2112 1189 2355 1220 &Communio-
2372 1197 2391 1217 ἡ*
2413 1199 2467 1226 lv,

1294 1237 1361 1257 nem
1376 1225 1524 1264 pacificam
1539 1226 1671 1264 diligere,
1690 1235 1741 1256 vos
1755 1226 1899 1264 probetis,
1915 1235 1947 1254 ac
1963 1225 2031 1255 Nos
2044 1227 2078 1257 ad
2099 1227 2176 1257 Vota
2195 1228 2285 1258 vestra
2307 1228 2356 1259 ha·
2373 1237 2439 1272 647,

1295 1266 1394 1334 hezitDis,
1415 1273 1449 1295 ex
1463 1265 1538 1334 Poe,
1557 1274 1610 1303 pro
1624 1273 1770 1305 tempore,
1785 1271 1861 1304 grata
1871 1263 2058 1295 vicissitudine
2070 1267 2266 1305 promptiores.

1368 1312 1402 1334 at.
1421 1312 1452 1334 ut
1476 1313 1551 1342 upra.

1335 1380 1501 1410 Consimilia
1519 1379 1654 1411 Mandata
1672 1379 1827 1419 diriguntur
1846 1379 2033 1418 Consulibus,
2059 1379 2299 1419 Burgimagistris,
2323 1381 2358 1412 &

1299 1420 1441 1457 Scabinis,
1458 1429 1491 1449 ac
1507 1418 1789 1457 Communitatibus,
1809 1417 1947 1449 Villarum
1962 1419 1998 1449 de
2017 1417 2161 1449 Gandano
2177 1420 2209 1450 ὅ(
2232 1419 2313 1458 lpre,
2330 1421 2359 1450 in

1299 1457 1444 1494 Flandria,
1459 1457 1611 1494 separatim.

1338 1495 1405 1526 Dat.
1422 1503 1453 1526 ut
1467 1495 1554 1533 supra.

1644 1618 1703 1652 Ad
1720 1621 1834 1652 Ducem
1853 1622 2021 1655 Britannia.

1306 1703 1440 1764 REX,
1457 1705 1561 1736 Nobili
1574 1702 1675 1747 Viro,
1686 1704 1805 1736 Dilec‘lo
1819 1706 1851 1736 &
1867 1705 1955 1736 Fideli
1971 1705 2038 1744 suo,
2050 1705 2188 1746 johanni,
2206 1708 2285 1740 Duci
2307 1708 2368 1740 Bri·
2385 1714 2463 1747 Arm,
2474 1710 2515 1745 1)ss

1378 1745 1498 1783 tanniae,
1513 1744 1547 1775 δε
1564 1743 1678 1773 Comiti
1692 1743 1934 1784 Richemondiae,
1951 1744 2172 1782 Conianguineo
2193 1746 2242 1777 suo
2264 1747 2369 1779 cariffi·
2406 1761 2489 1794 1335„

1307 1790 1377 1822 mo,
1396 1782 1538 1820 Salutem,
1556 1783 1589 1813 &
1606 1782 1718 1812 sincerae
1732 1782 1907 1813 Dilectionis
1919 1782 2066 1813 affectum.
2386 1798 2438 1822 An,
2453 1804 2480 1828 9,
2533 1801 2537 1803 —

1345 1822 1390 1852 Ex
1406 1821 1594 1851 Insinuatione
1608 1821 1796 1859 lamentabili,
1818 1821 1925 1852 Dileffl
1941 1823 2041 1860 nobis,
2056 1822 2194 1861 Joliannis
2212 1823 2369 1864 Perbroun,
2387 1837 2414 1860 E.
2437 1841 2463 1868 3,

1307 1860 1344 1891 de
1360 1860 1467 1899 Magna
1478 1859 1666 1900 Jernemuth,
1684 1861 1842 1900 recepimus
1855 1861 1935 1898 quod
1944 1884 1953 1898 ,
2387 1872 2451 1899 thid.

1346 1899 1428 1930 Cum
1443 1898 1572 1937 quaedam
1588 1897 1698 1937 Navis,
1716 1898 1777 1936 sua,
1795 1907 1897 1929 vocata
1912 1899 1936 1929 la
1952 1899 2033 1928 Pater
2049 1899 2162 1938 noster,
2181 1910 2270 1938 nuper
2281 1926 2290 1938 ,
2308 1902 2371 1934 casu

1309 1938 1443 1976 fortuito,
1462 1938 1541 1974 super
1557 1935 1709 1967 Costerarn
1723 1936 1759 1966 de
1773 1936 1914 1968 Garound
1930 1939 1958 1967 in
1977 1937 2130 1976 Britannia,
2148 1940 2299 1976 periclitata
2321 1942 2373 1972 fuit

1310 1987 1361 2016 per
1374 1975 1590 2015 Tempestatem
1605 1976 1774 2005 maritimam
1788 1976 1820 2006 &
1840 1976 1991 2044 (ffiiassata,

1325 2027 1327 2029 ·
1349 2015 1398 2047 Set
1422 2015 1555 2054 Qiatuor
1575 2014 1721 2044 Anchorae
1742 2014 1827 2044 dietae
1884 2016 1955 2052 avis,
1975 2015 2029 2045 una
2050 2024 2118 2045 cum
2139 2014 2243 2046 Cordis
2264 2018 2297 2048 &
2314 2017 2375 2058 Ap-

1312 2054 1459 2094 penditiis,
1473 2063 1523 2091 per
1544 2052 1678 2090 quosdam
1700 2052 1834 2082 Subditos
1857 2053 1964 2084 vestros
1985 2053 2063 2090 super
2085 2053 2189 2083 ‹lietam
2206 2054 2376 2094 Costeram,

1317 2102 1348 2124 ut
1367 2093 1489 2131 dicitur,
1508 2092 1569 2121 sunt
1590 2092 1732 2127 inventae,
1747 2090 1869 2120 arestatae
1890 2092 1923 2122 &
1947 2091 2082 2130 detentae,
2103 2102 2169 2129 quas
2183 2092 2253 2123 dicti
2266 2094 2376 2125 Subditi

1316 2131 1402 2162 vestri
1418 2131 1535 2169 praefato
1545 2129 1670 2168 Johaniii
1685 2129 1828 2160 restituere
1843 2140 1903 2160 non
1919 2139 2065 2169 curarunt,
2084 2129 2163 2168 super
2178 2131 2236 2162 hoc
2252 2143 2320 2164 cum
2333 2134 2376 2163 in-

1317 2171 1414 2201 stantia
1429 2168 1567 2207 requisiti,
1852 2191 1854 2193 »

1354 2208 1440 2246 Nos,
1454 2207 1572 2246 jafturae
1588 2206 1643 2237 suae
1656 2208 1875 2246 compatientes,
1895 2216 1929 2237 ex
1942 2207 2045 2238 intimis
2059 2207 2209 2244 specialiter
2224 2219 2275 2240 vos
2294 2219 2377 2248 roga-

1319 2258 1402 2286 mus,
1424 2255 1559 2283 qiiatenus
1581 2246 1719 2284 praedicto
1737 2245 1862 2284 Johanni
1883 2255 2043 2286 congruum
2064 2246 2168 2277 faciatis
2189 2246 2249 2277 fieri
2268 2248 2380 2279 Reme-

1317 2287 1399 2318 dium
1422 2286 1450 2315 in
1469 2285 1632 2323 praemiffis,
1650 2284 1803 2323 praedic‘tos
1826 2284 1957 2315 Subditos
1977 2284 2084 2314 vestros
2107 2284 2141 2314 ad
2154 2284 2382 2318 Restitutionem

1319 2327 1503 2356 inventorum
1524 2323 1699 2360 hujusmodi,
1719 2332 1803 2361 prout
1818 2323 1925 2361 J'ustum
1940 2323 2041 2361 fuerit,
2060 2323 2280 2363 compellendo,
2301 2325 2394 2356 favo-'

1319 2373 1381 2395 rem
1406 2363 1490 2393 talem
1513 2361 1594 2392 dieto
1613 2362 1712 2392 nostro
1733 2361 1868 2400 Subdito,
1885 2363 1919 2392 &
1938 2361 2175 2400 Prosequentibus
2184 2372 2242 2431 1pro
2258 2363 2382 2402 eodem,

1321 2401 1498 2471 εκξίὶέεηρο,
1516 2401 1628 2439 qualem
1641 2402 1671 2430 in
1686 2400 1748 2431 casu
1763 2400 1901 2431 consimili
1915 2410 1965 2438 per
1978 2410 2030 2431 nos
2044 2401 2133 2431 velitis
2147 2411 2183 2432 ve
2209 2403 2245 2432 ris
2257 2402 2382 2433 Subditis

1321 2451 1354 2473 ex
1378 2451 1385 2470 i
1408 2450 1454 2470 eri.

1359 2479 1434 2510 Data
1446 2477 1519 2515 apud
1532 2477 1662 2508 Eborum
1671 2501 1680 2514 ,
1698 2476 1837 2508 vicesimo
1852 2477 1929 2508 sexto
1942 2476 1988 2507 die
2002 2476 2085 2507 Maii.

1444 2562 1503 2592 Pro
1521 2558 1634 2589 comite
1651 2554 1688 2587 de
1706 2553 1836 2601 Julers,
1875 2565 1946 2601 uper
1965 2555 2097 2598 Perfione
2105 2555 2263 2601 sblvendti.
2403 2569 2489 2607 Claus,
2506 2578 2533 2604 9·

2400 2614 2428 2637 Ε.
2450 2619 2476 2646 3.
2492 2618 2528 2637 m.

1361 2643 1430 2675 Dat.
1447 2642 1520 2682 apud
1535 2641 1684 2679 Eborum,
1702 2640 1840 2671 vicesimo
1853 2639 1972 2678 septimo
1986 2639 2032 2670 die
2046 2639 2128 2670 Maii.
2403 2657 2417 2674 2
2421 2658 2449 2683 4,

1329 2774 1379 2805 De
1398 2769 1577 2804 Proteffione
1586 2777 1640 2814 pro
1656 2764 1836 2813 quibusdam
1855 2765 1891 2798 de
1911 2768 2062 2798 Comitiva
2084 2764 2277 2799 Nunciorum
2306 2769 2393 2814 Regis

1789 2817 1931 2848 Franciae.

1331 2902 1466 2957 REX,
1484 2900 1711 2932 Vicecomitibus
1747 2898 1873 2937 Ballivis,
1891 2898 2048 2939 Ministris,
2065 2901 2098 2932 ὃ(
2121 2899 2267 2931 Omnibus
2289 2900 2390 2932 Fideli-
2403 2912 2479 2943 Arm,
2495 2911 2537 2943 D,

1409 2942 1460 2972 bus
1473 2941 1538 2979 suis,
1556 2940 1616 2971 t‘am
1633 2938 1703 2969 infra
1714 2924 1885 2977 Libertates,
1904 2939 1992 2978 quam
2006 2948 2098 2977 extra,
2115 2938 2150 2969 ad
2167 2939 2325 2977 quos,&c.
2340 2939 2390 2970 Sa-
2432 2958 2516 2991 1335,

2403 2994 2457 3018 An.
2474 3000 2501 3024 9.

1328 2979 1424 3010 lutem.

1364 3017 1462 3049 Sciatis
1499 3016 1571 3055 uod,
2405 3033 2435 3055 E.
2459 3038 2484 3064 3·

1367 3057 1466 3094 Cum,
1517 3056 1614 3086 iledtus
1637 3054 1737 3092 nobis,
1752 3053 1920 3092 Radulphus
1937 3053 1974 3085 de
1997 3053 2180 3092 Campionis,
2197 3054 2230 3085 δε
2246 3053 2391 3085 Henricus
2409 3070 2503 3100 lant-9⁴

1331 3095 1367 3126 de
1384 3095 1491 3126 Monte
1507 3094 1612 3131 Felici,
1629 3093 1666 3124 de
1679 3092 1881 3130 Normannia,
2405 3109 2435 3132 E.
2452 3115 2464 3134 χ
2490 3111 2514 3141 Ρ,

1407 3135 1434 3163 ui
1454 3134 1482 3162 111
1504 3131 1670 3169 (Ξοτηίῑίνὲι,
1686 3131 1860 3162 Venerabilis
1874 3131 1977 3169 Patris,
1993 3130 2019 3169 J.
2042 3130 2218 3160 Abrincensis
2240 3129 2392 3169 Episcopi,
2411 3138 2477 3171 ΗΞ),
2500 3140 2552 3169 ,3ῥ

1333 3173 1385 3210 &,
1439 3171 1521 3201 obilis
1542 3171 1616 3207 Viri,
1637 3169 1713 3200 Petri
1733 3169 1770 3199 de
1790 3170 1943 3207 Tierssieu,
1962 3170 2165 3207 Nunciorum,
2190 3168 2394 3200 Excellentissi-

1334 3211 1376 3240 mi
1396 3209 1533 3248 Principis
1547 3233 1556 3247 ,
1581 3209 1705 3239 Domini
1729 3207 1876 3247 Philippi,
1902 3208 1989 3246 Regis
2010 3207 2133 3237 Francia:
2149 3231 2159 3245 ,
2185 3205 2395 3247 Coniangiiinei

1334 3248 1425 3279 nostri
1439 3247 1585 3284 carissimi,
1603 3257 1691 3284 nuper
1704 3246 1738 3276 ad
1755 3246 1822 3276 Nos
1838 3248 1867 3276 in
1880 3246 2012 3284 Angliam
2028 3245 2195 3283 missorum,
2213 3255 2370 3285 venerunt,

1369 3286 1435 3325 Jam
1452 3287 1504 3316 sint
1518 3286 1551 3316 ad
1565 3287 1676 3323 propria
1690 3285 1726 3315 de
1740 3284 1836 3315 nostr&
1850 3285 1962 3314 licentii
1975 3284 2106 3322 redituri,
2123 3293 2156 3314 ac
2172 3283 2238 3314 inde
2259 3294 2312 3322 pro
2334 3286 2397 3322 qui-

1336 3325 1452 3356 busdam
1468 3326 1591 3363 negotiis
1606 3326 1635 3355 iii
1658 3324 1794 3363 Regnum
1815 3324 1941 3360 venturi,
1960 3321 2116 3360 iteratoque
2135 3322 2169 3352 ad
2191 3323 2304 3361 propria
2326 3322 2398 3352 redi-

1338 3374 1391 3396 turi

1376 3388 1552 3439 Siiscepimus
1567 3401 1657 3440 ipsos,
1671 3400 1855 3438 Radulphum
1869 3400 1902 3431 &
1916 3398 2097 3437 Henricum,
2116 3397 2176 3434 ὠς.
2190 3405 2273 3438 prout
2294 3401 2323 3429 in
2345 3401 2398 3429 Li-

1342 3445 1406 3471 teris
1421 3442 1452 3470 de
1467 3442 1612 3470 ConduHu.

1378 3480 1411 3510 In
1427 3480 1521 3517 cujus,
1539 3480 1600 3510 &c.
1620 3477 1705 3516 usque
1717 3477 1751 3507 ad
1766 3476 1880 3506 Festum
1894 3476 1988 3507 Sancti
2010 3475 2180 3514 Michaelis,
2199 3476 2332 3513 proximo
2355 3476 2400 3507 fii-

1339 3528 1454 3556 turum,
1472 3518 1620 3547 duraturas.
2200 3552 2204 3556 ᾗ

1376 3556 1465 3587 Teste
1477 3556 1560 3596 Rege
1573 3553 1647 3594 apud
1663 3553 1810 3592 Eborum,
1827 3552 1963 3585 vicesimo
1978 3562 2058 3583 nono
2073 3551 2118 3582 die
2132 3550 2214 3582 Maii.

2032 3630 2085 3658 Per
2099 3627 2180 3667 ipfttm
2193 3630 2296 3665 Regem.

1341 3758 1390 3790 De
1410 3759 1528 3789 Coronis
1546 3759 1657 3789 Aureis
1673 3754 1858 3796 invadiatis,
1886 3757 1916 3784 in
1935 3751 2175 3797 Thcslzurariam
2206 3751 2399 3795 restituendis.
2423 3754 2497 3785 Aiin.
2511 3754 2553 3784 D,

1753 3821 1757 3825 -
2442 3803 2523 3827 1³⁶5.

1408 3839 1484 3878 EX,
1499 3839 1623 3869 Dileeto
1646 3839 1763 3869 Clerico
1783 3839 1847 3876 suo,
1867 3836 2006 3877 Magistro
2029 3837 2118 3869 Paulo
2138 3838 2175 3869 de
2198 3837 2307 3870 Monte
2335 3838 2402 3869 Flo·
2419 3816 2515 3865 Anii).

1342 3848 1405 3911 R
1428 3888 1508 3915 rum,
1526 3878 1657 3908 Salutem.
2421 3876 2450 3898 Ε
2470 3880 2506 3911 3.¹

1382 3916 1553 3946 Mandamus
1573 3917 1655 3947 vobis
1675 3915 1773 3954 quod,
1791 3915 1852 3945 visis
1874 3914 2068 3952 praesentibus,
2087 3915 2180 3946 versus
2202 3915 2402 3953 Londonham,
2422 3910 2508 3941 Clffl‘l·
2527 3916 2554 3940 9,

1343 3956 1426 3986 omni
1438 3954 1613 3985 excusatione
1628 3955 1768 3990 cessante,
1786 3964 1837 3984 vos
1851 3953 2030 3991 transferatis,
2048 3954 2082 3984 &
2106 3954 2164 3984 illas
2185 3954 2252 3985 duas
2274 3954 2405 3985 Coronas
2424 3951 2450 3973 E.
2470 3955 2493 3981 Ξ·
2510 3955 2548 3972 ⁷³⁵¹

1346 3994 1467 4030 Aureas,
1487 4002 1553 4030 quas
1568 3992 1650 4022 vobis
1664 4002 1716 4028 pro
1732 3992 1814 4022 0610
1828 3991 1947 4021 Milibus
1964 3991 2146 4031 Mai-carum,
2163 4003 2180 4023 a
2202 3993 2284 4023 vobis
2304 3994 2404 4022 mutuo
2426 3984 2506 4047 stig·

2356 4115 2421 4135 CAH-
