2562 4279
773 184 884 224 ET
966 181 1232 224 ACTA
1316 152 1792 225 PussticA.

28 262 154 295 Arm-D-
169 275 191 303 ri
213 281 272 302 non
293 271 383 309 posset
404 273 432 302 in
456 267 573 302 Ducatu
594 270 751 308 proedicto,
775 280 843 300 cum
860 268 925 300 Alta
939 269 972 300 ὃς
988 269 1066 299 Bassai
1077 267 1189 306 Justitia
1203 267 1231 296 in

30 311 138 372 z3339·
170 312 239 345 illis·,
258 321 326 349 quas
340 310 416 340 idem
436 310 579 340 Gastonus
593 310 699 339 tenebit
714 308 747 338 ad
765 308 869 339 eodem
882 307 1016 338 Domino
1032 308 1132 338 nostro
1150 307 1233 346 Rege

43 358 45 361 ⁴
71 353 95 369 ³·
118 351 141 377 3·
172 352 205 382 &
220 350 306 380 Duce
337 357 367 379 ut
380 349 408 379 su
433 359 467 378 ra.

212 375 360 419 Concc'ffit
382 359 467 417 eiiam
481 387 572 417 dicius
588 385 734 416 Dominus
747 384 931 422 Senescalius,
950 385 1069 413 nomine
1082 383 1151 413 disti
1167 382 1234 413 Do-

176 429 245 458 mini
261 426 348 457 nostri
363 426 451 461 Retzis
464 426 497 456 &
514 424 620 461 Ducis,
639 424 719 454 dioto
736 423 872 460 Falquero
887 445 895 460 ,
915 423 1032 452 nomine
1047 423 1115 453 dieti
1129 421 1236 452 Gasto-

176 468 223 505 ni,
241 467 274 497 δε
291 463 460 495 Hieredibus
475 463 597 502 ejusdem
611 462 734 493 Gastoni
748 486 756 499 ,
776 463 809 491 &c
824 462 880 498 ejus
895 460 1107 491 Succefforibus
1123 462 1235 491 univer-

176 506 226 543 sis,
245 514 278 534 ac
299 502 422 532 Ordinio
436 526 445 539 ,
471 510 565 532 totum
586 501 635 539 Jus
648 524 657 539 ,
677 500 752 538 quod
768 499 844 528 idem
858 498 1001 528 Dominus
1015 499 1110 530 noster
1124 499 1189 529 Rex
1203 499 1235 529 &

178 543 249 573 Dux
271 543 356 574 habet
368 566 377 578 ,
404 542 436 571 &t
452 541 554 570 habere
568 540 666 575 debet,
686 541 713 568 in
727 537 857 573 Bastidis,
877 537 980 575 Locis,
997 538 1030 568 &
1046 538 1187 568 parochiis
1201 537 1237 567 de

180 582 207 611 V
211 583 272 611 iana
292 582 325 611 δε
347 579 443 610 Sancti
459 577 561 617 Juliani
584 579 620 608 de
634 576 797 608 Caborbizsz
813 599 822 613 ,
840 575 874 605 δε
888 575 1002 606 illorum
1017 578 1189 614 pertinentiis
1203 577 1237 606 &

179 619 379 655 Districtibus‚
399 628 467 648 cum
482 617 548 648 Alta
562 618 594 647 ὃς
608 614 894 653 BissaJui-isdiffione
909 637 918 651 ,
934 624 1015 644 mero
1029 616 1063 645 ὃς
1077 617 1167 646 mixm
1180 614 1240 644 Im-

180 659 278 697 perio,
296 658 329 688 &
345 656 570 694 quibuscumque
583 656 640 685 aliis
656 653 785 683 Deveriis
807 654 840 682 δί
856 652 989 691 Juribus,
1006 663 1069 691 que
1082 655 1158 684 idem
1173 653 1240 683 Do-

183 697 278 727 minus
300 694 398 726 noster
413 694 478 724 Rex
500 696 534 726 &
549 694 617 723 Dux
641 692 762 722 habebat
776 715 785 728 ,
810 691 843 721 &
857 691 958 722 habere
972 692 1092 730 sozebat,
1111 702 1240 730 tempore

180 735 262 765 Pacis
278 758 287 771 ,
310 735 339 764 in
362 732 476 764 Bastidis
492 756 502 771 ,
528 732 631 768 Locis,
650 732 682 761 &
701 729 845 760 parochiis
859 729 1033 768 supradit‘tis,
1052 732 1086 762 Sc
1102 731 1242 770 Bayingiis

178 774 292 804 illorum
309 795 319 811 ,
341 773 374 803 ὃς
396 782 464 802 cum
483 770 707 809 quibuscumque
728 769 784 798 aliis
797 767 954 806 Censibus,
970 769 1157 807 Reddizibus,
1174 770 1242 799 Ho-

182 813 280 852 magiis
294 836 304 849 ,
330 811 364 841 ad
389 811 419 841 T
430 820 447 840 E
457 819 480 839 N
492 820 509 839 n
519 817 541 838 N
551 818 571 838 D
581 816 601 837 U
614 816 640 837 M
665 818 713 845 per
735 807 856 837 eundem
883 807 1048 839 Gastonum
1059 832 1068 846 ,
1087 810 1122 839 ab
1137 809 1240 838 eodem

182 851 318 881 Domino
337 849 437 880 nostro
458 848 545 883 Rege
564 847 597 877 ὅ(
620 845 705 876 Duce
720 870 729 884 ,
748 846 884 877 modo&
900 846 994 877 fornia
1006 847 1162 885 praedic‘tis3
1182 847 1244 877 Re-

184 890 262 920 sotto
280 889 313 919 &
337 887 538 925 Superioritate
556 894 652 914 tamen
674 885 782 923 semper
802 885 879 915 ialvis
893 908 903 923 ,
926 888 955 915 in
975 885 1027 915 illis
1040 909 1050 924 ,
1071 886 1089 905 ἠὲ
1108 885 1242 916 Domino

182 927 284 959 nostro
296 927 375 964 Regi
387 927 420 956 &
435 924 513 954 Duci
526 923 673 963 predicto.

222 965 355 996 Promisit
375 964 484 1000 insuper
499 985 508 1001 ,
535 964 567 994 ἃ
587 963 743 1000 promittit,
762 961 838 992 idem
856 961 1002 993 Dominus
1016 961 1112 994 noster
1128 962 1194 993 Rex
1208 963 1242 994 &

184 1005 255 1036 Dux
276 1004 356 1034 dieto
377 1002 510 1032 Gastono
525 1026 534 1038 ,
551 1002 583 1031 ἃ
600 1002 655 1039 ejus
668 1000 839 1031 Haeredibus
853 1003 885 1031 &c
902 1001 1115 1032 Successoribus
1129 1002 1242 1031 univer-

181 1045 232 1083 sis,
250 1044 283 1074 ὃς
305 1040 431 1071 Ordinio
446 1063 455 1079 ,
478 1040 554 1070 dabit
574 1040 607 1070 δε
620 1039 754 1070 concedit
769 1041 981 1077 imperpetuum
996 1050 1084 1070 omne
1092 1039 1109 1078 J
1113 1050 1160 1078 us,
1175 1050 1242 1069 om-

180 1091 250 1113 nem
271 1080 431 1111 Actionem
443 1104 452 1117 ‚
479 1079 636 1109 Rationem
649 1103 658 1116 ‚
683 1079 716 1108 &
733 1078 908 1117 Deverium,
928 1089 991 1117 quae
1003 1079 1080 1109 idem
1096 1078 1244 1108 Dominus

179 1118 278 1150 noster
302 1118 369 1148 Rex
391 1119 424 1150 ὃς
445 1117 516 1148 Dux
539 1117 654 1148 haberet
668 1140 677 1154 ,
703 1118 748 1147 vel
772 1118 874 1147 habere
895 1117 1004 1155 poiset,
1019 1118 1053 1149 &
1067 1117 1198 1154 deberet,
1213 1118 1243 1147 in

182 1157 356 1189 Haereditate
369 1181 378 1195 ,
406 1157 492 1187 Locis
506 1180 516 1196 ,
536 1156 616 1186 Villis
632 1181 641 1195 ,
667 1155 769 1186 Castris
785 1179 794 1193 ,
821 1155 1008 1193 Redditibus,
1028 1155 1072 1186 seu
1086 1155 1171 1186 Bonis
1185 1155 1243 1185 aliis

183 1196 361 1234 Mobilibus,
382 1206 445 1234 que
467 1195 612 1233 quondam
637 1195 748 1225 fuerunt
764 1194 888 1224 Domini
899 1194 1014 1232 jordani
1028 1194 1063 1225 de
1075 1193 1167 1224 Insula
1180 1193 1243 1224 Mi-

181 1236 236 1266 litis
258 1235 402 1271 defuncti,
422 1234 516 1265 Patrui
532 1234 679 1271 quondam
695 1234 818 1263 Domini
830 1232 972 1271 Gastoni3
989 1233 1047 1263 tam
1063 1243 1096 1263 ex
1111 1233 1244 1271 Incursu,

183 1274 482 1312 Condemptionibus,
502 1274 588 1311 quiin]
604 1282 637 1302 ex
653 1272 707 1302 alio
721 1273 820 1311 quovis
835 1271 925 1302 modo
939 1284 948 1309 ς
968 1271 1054 1301 nichil
1069 1271 1160 1302 eidem
1178 1271 1246 1301 Do-

2281 197 2333 241 55

1311 264 1399 308 Teste
1418 264 1563 297 Edwardo
1584 267 1845 313 Duce-Cornubiae
1866 271 1900 301 ὃ(
1920 268 2043 303 Comite
2056 269 2193 313 Cestriae,
2211 268 2271 304 filio
2282 275 2332 305 suo
2352 271 2428 303 Ann·
2443 268 2481 305 i).

1274 303 1414 334 carissimo
1420 326 1430 341 ,
1450 303 1579 335 Custode
1592 306 1722 346 Anglrae,
1740 309 1847 340 οξὶανο
1857 309 1903 340 die
1917 309 2109 342 Novembris.
2375 321 2448 350 1339

2003 389 2056 417 Per
2071 383 2223 420 Concilium.
2357 352 2421 379 Edon.
2443 361 2467 387 ii

1276 506 1324 536 De
1355 500 1548 547 potestatibus
1574 505 1618 538 ad
1642 508 1853 602 Tra‘lganjulpz
1868 520 1937 544 cum
1955 510 2103 545 Flandriae
2121 516 2234 549 Comite
2243 516 2335 563 sitper

1720 567 1778 602 pon
1792 570 1810 589 a
1825 572 1833 589 ι
1854 571 1899 592 m.

1281 637 1413 700 REX
1424 678 1429 683 ἢ
1441 637 1604 681 Omnibus,
1621 639 1655 669 ad
1672 651 1742 679 quos
1757 644 1817 673 δῖε.
1835 643 1970 675 Salutem.
2358 642 2435 676 Ann.
2449 640 2492 674 De

1383 676 1480 720 Sciatis
1494 677 1574 715 quod
1591 689 1661 717 nos,
2381 693 2467 725 1339,

1319 714 1368 758 De
1387 715 1518 760 fidelitate
1556 718 1653 747 rohai&
1675 718 1708 748 &
1729 720 1982 758 circumspectione
1997 723 2133 763 provida,
2152 724 2338 757 Dileciorum
2358 728 2409 752 Aa.
2433 733 2475 760 13·

1283 753 1316 784 ὃς
1331 753 1470 784 Fidelium
1488 764 1528 795 iio
1555 765 1651 798 rorum
1664 778 1673 793 ,
1688 756 1846 793 gw'illielmi
1866 758 1903 789 de
1919 760 2025 792 Monte
2039 761 2135 794 Acuto
2149 763 2273 795 Comitis
2290 764 2340 801 Sa·
2357 767 2379 791 E
2409 772 2435 801 3·

1283 801 1346 821 rum
1361 794 1394 823 δι’
1413 792 1568 822 Mareicalli
1590 793 1715 832 Angiiae,
1735 795 1857 826 Henrici
1869 797 1905 828 de
1919 798 2047 830 Ferrariis
2061 799 2217 832 Camerarii
2230 802 2338 841 nostri,
2359 807 2417 830 Par.
2435 801 2494 828 coni

1284 829 1404 860 Galsridi
1427 831 1452 860 le
1474 831 1567 876 Sciop
1581 853 1597 874 ³.
1617 833 1649 863 &
1669 830 1796 864 Mauritii
1808 835 1844 864 de
1856 835 1974 876 Berkle,
1989 838 2210 871 Secretariorum
2223 840 2340 872 nostro-
2363 839 2493 877 ceffiHom.

1284 878 1348 898 rum
1358 893 1366 906 ,
1385 869 1508 916 ⁶plenarie
1521 870 1712 910 confidentes,
2364 879 2440 914 Angl.
2451 875 2484 908 ό·

1319 906 1368 951 ιΑά
1393 908 1414 938 Γ
1419 907 1583 939 metandum
1606 909 1639 939 δε
1654 908 1900 942 Concordandum
1919 923 1970 951 pro
1984 912 2098 954 Nobis,
2115 917 2149 947 &
2168 917 2267 948 nostro
2286 927 2340 948 no·
2364 919 2427 946 Vrsa
2452 925 2494 951 13„

1285 955 1363 976 mine
1378 970 1387 985 ,
1413 956 1482 990 cum
1498 971 1507 984 ,
1532 947 1675 984 speeiabili
1695 948 1768 980 Viro
1783 974 1792 988 ,
1820 950 1983 983 Ludowico
1999 952 2118 984 Comite
2134 955 2287 992 Flanclriae,
2304 959 2337 987 ὃς
2359 953 2434 992 1:532
2457 963 2496 983 m*

1284 984 1460 1029 Depiitandis
1472 986 1507 1015 ab
1521 995 1574 1029 eo,
1591 987 1671 1029 super
1685 987 1862 1025 Sponsalibus
1877 990 1911 1020 &
1928 990 2134 1031 Matriinonio,
2153 995 2224 1024 inter
2240 994 2341 1025 Filium
2365 1004 2393 1028 9·

1285 1022 1516 1092 Primogenitugn
1532 1023 1600 1092 gusti
1614 1024 1756 1064 Comitis,
1775 1027 1808 1058 &
1823 1026 1966 1059 Isabellam
1981 1029 2082 1060 Filiam
2103 1031 2228 1062 nostram
2242 1032 2345 1063 cariffi-

1284 1070 1362 1091 main
1378 1071 1477 1092 contra
1498 1072 1531 1092 en
1554 1073 1574 1092 is

1299 1139 1303 1144 .
1322 1099 1454 1144 Necnon
1476 1100 1553 1140 super
1574 1087 1655 1145 Dore
1667 1126 1676 1140 ,
1701 1101 1857 1146 DotalitiO,
1875 1105 1908 1137 &
1923 1105 2110 1147 Donatione‚
2127 1116 2243 1146 propter
2257 1107 2346 1147 Nup-

1285 1146 1333 1168 tias
1347 1148 1376 1169 in
1390 1139 1444 1169 hac
1460 1148 1536 1176 parte
1549 1139 1768 1178 constituendis,

1320 1175 1362 1220 *Et
1376 1186 1422 1216 ea,
1441 1187 1506 1215 quae
1521 1178 1559 1207 sic
1575 1177 1709 1209 Tmetata
1721 1182 1754 1211 δε
1765 1178 1949 1213 concordata
1965 1183 2086 1223 suerint,
2103 1184 2287 1223 quacumque
2301 1183 2348 1216 fir·

1285 1223 1381 1245 mirate
1396 1216 1574 1254 vallandum,

1324 1254 1371 1285 Ad
1392 1254 1590 1285 Tractandum
1612 1256 1696 1285 etiam
1711 1257 1745 1287 &
1760 1255 2008 1289 Concordandum
2024 1271 2092 1291 cum
2105 1261 2223 1299 praefato
2238 1259 2346 1293 Comi-

33 903 168 936 *V.133,

182 1315 264 1343 mino
289 1312 386 1342 nostro
408 1312 483 1350 Regi
506 1315 539 1343 ὃς
562 1311 641 1341 Duci
664 1310 790 1340 Retento
806 1310 917 1348 inillis,
937 1320 1122 1348 praeterquam
1141 1309 1244 1340 Resor-

182 1362 244 1382 tum
267 1352 300 1382 Sc
321 1351 553 1388 Superiorizaoem
574 1350 717 1380 dumtaxat
740 1348 821 1379 dioto
845 1348 979 1379 Domino
1001 1349 1101 1379 nostro
1121 1348 1198 1388 Regi
1212 1350 1246 1379 ὃς

184 1391 282 1428 Duci,
301 1392 334 1420 &
349 1391 406 1428 ejus
420 1389 591 1419 Hieredibus
603 1389 635 1418 &
652 1388 867 1418 Succefforibus
881 1388 1024 1418 universis.

224 1429 368 1459 Promittit
382 1427 491 1465 insuper
504 1427 594 1457 dicius
611 1426 760 1457 Dominus
772 1426 953 1465 Senescallus,
973 1427 1092 1457 nomine
1104 1425 1249 1456 dietiDo-

186 1469 257 1498 mini
272 1467 361 1498 nostri
375 1465 467 1503 Regis
481 1468 514 1498 &
531 1465 642 1502 Ducis,
659 1465 724 1495 dare
740 1466 774 1497 δε
787 1464 895 1495 solvere
909 1464 989 1495 dicto
1005 1463 1154 1503 Gastono,

224 1506 283 1536 Pro
301 1506 352 1536 suis
372 1505 467 1536 vadiis
482 1529 491 1543 ,
508 1505 541 1536 &
557 1504 652 1534 Vadiis
665 1503 794 1534 Centum
810 1503 976 1534 Hominum
991 1503 1127 1541 Equitum
1145 1502 1249 1532 Arma-

185 1553 285 1576 torum
300 1567 309 1582 ,
337 1544 374 1574 de
394 1542 576 1574 Communia
596 1542 657 1581 susi,
674 1544 706 1573 &
723 1543 960 1581 Qn'ngentorum
974 1542 1105 1572 Peditum
1119 1541 1250 1571 Servien-

186 1593 264 1622 tum,
282 1582 328 1613 vel
351 1582 475 1621 plurium
500 1583 531 1618 (si
552 1581 644 1619 plures
665 1581 720 1618 ipse
735 1582 860 1618 haberet)
876 1582 924 1619 qui
939 1590 1008 1610 cum
1024 1580 1128 1610 eodem
1143 1579 1250 1610 Casto-

183 1632 225 1653 no
241 1624 337 1653 venire
351 1622 457 1651 debent
479 1622 512 1651 ad
535 1620 690 1650 Servitium
705 1619 775 1650 dicsti
790 1620 916 1650 Domini
929 1618 1019 1649 nostri
1034 1618 1120 1658 Regis
1135 1619 1168 1649 sc
1182 1617 1250 1648 Du-

185 1663 243 1698 cis,
263 1662 296 1691 &
312 1661 339 1689 in
353 1660 402 1690 illo
417 1660 474 1690 effe
489 1661 518 1689 in
533 1658 647 1689 Guerra
662 1658 805 1696 praesenti,

221 1699 276 1730 Vel
293 1709 347 1738 pro
359 1700 440 1729 tantis
455 1698 604 1736 Equitibus
619 1698 652 1728 ὃς
666 1696 830 1735 PeditibuS,
849 1706 922 1735 quos
934 1696 1105 1727 inveniretur
1126 1704 1193 1726 eum
1208 1703 1251 1725 te-

184 1749 252 1769 nere
267 1739 300 1769 &
315 1738 419 1768 habere
433 1739 461 1767 in
476 1737 598 1767 Servitio
613 1735 789 1773 supradicio,

224 1777 261 1807 Et
276 1778 305 1807 in
319 1776 501 1807 Solutionem
515 1775 561 1805 seu
576 1784 685 1812 partem
699 1774 854 1804 Solutionis
867 1772 1013 1803 dic'torum
1028 1771 1206 1809 Vadiorum,

220 1816 291 1846 Tria
309 1814 391 1845 Milia
398 1814 594 1845 Denariorum
603 1812 691 1849 Auri,
707 1821 876 1842 vocatorum
896 1812 915 1842 S
925 1822 941 1841 c
949 1820 972 1841 U
982 1821 994 1841 s
1005 1821 1017 1841 s
1028 1821 1046 1841 E
1055 1819 1075 1840 L
1085 1819 1105 1840 L
1117 1820 1136 1840 o
1148 1820 1170 1840 R
1182 1819 1204 1841 U
1214 1818 1254 1849 M,

1287 1300 1334 1331 te,
1353 1293 1386 1323 &
1401 1293 1579 1323 Hominibus
1593 1294 1629 1323 de
1644 1293 1789 1333 Flandria,
1806 1297 1985 1335 conjunc'tim
1998 1300 2031 1329 &
2048 1299 2159 1330 divisim
2175 1325 2184 1339 ,
2203 1301 2280 1339 super
2296 1301 2348 1332 Al-

1286 1330 1403 1369 ligantiis
1416 1332 1449 1363 &
1467 1332 1606 1363 Amicitiis
1620 1335 1774 1371 perpetuis,
1791 1336 1862 1365 inter
1877 1334 1961 1375 Nos,
1979 1337 2012 1368 ὃς
2025 1338 2173 1375 praefatum
2188 1337 2349 1379 Comitem,

1287 1380 1320 1400 ac
1335 1369 1426 1400 dictos
1441 1370 1584 1401 Homines
1600 1370 1636 1401 de
1649 1371 1792 1409 Flandria,
1810 1373 1955 1412 ineundis,

1324 1408 1362 1439 Et
1375 1408 1408 1438 ad
1422 1410 1535 1453 antiqua
1548 1410 1703 1446 libertates,
1722 1412 1916 1450 inmunitates,
1932 1414 1966 1444 δε
1983 1413 2125 1452 privilegia
2141 1437 2150 1453 ,
2169 1424 2232 1452 quae
2247 1413 2352 1445 Comi-s

1288 1455 1329 1477 tes
1352 1448 1385 1478 ὃς
1405 1447 1551 1491 Homines
1575 1448 1713 1479 Flandriae
1727 1473 1736 1487 ,
1763 1460 1827 1487 quse
1840 1450 1955 1482 fuerunt
1971 1461 2024 1489 pro
2038 1459 2169 1489 tempore
2181 1453 2298 1492 nostrO,
2315 1455 2349 1485 δι’

1289 1487 1466 1522 temporibus
1486 1485 1711 1523 progenitorum
1731 1487 1897 1520 nostrorum
1913 1512 1923 1527 ,
1946 1489 2067 1526 Regum
2083 1491 2230 1530 Franciae,
2248 1491 2283 1521 ad
2299 1501 2352 1522 nos

1286 1524 1345 1561 jam
1357 1523 1426 1561 jure
1440 1524 1627 1556 eri‘editai'io
1646 1525 1785 1557 devoluto
1800 1550 1809 1566 ,
1834 1527 1922 1565 quam
1937 1529 1967 1557 in
1984 1528 2091 1568 Regno
2105 1529 2205 1560 nostro
2221 1529 2353 1570 Angliae,

1288 1571 1321 1591 ac
1337 1563 1366 1591 in
1384 1562 1527 1601 Flandrifi,
1548 1564 1581 1594 &
1593 1564 1678 1602 alibi,
1694 1564 1866 1602 habuerunt,
1885 1576 2020 1603 quatenus
2041 1567 2076 1598 ad
2096 1578 2148 1599 nos
2170 1569 2285 1607 attinet,
2305 1567 2359 1599 In-'

1289 1600 1506 1669 vagndsmd&
1523 1600 1781 1642 Confirmandurn,
1805 1605 1839 1635 &
1858 1604 1963 1635 Novas
1978 1605 2137 1641 Libertates
2153 1607 2186 1638 ὃς
2206 1605 2356 1648 Privilegia

1320 1649 1340 1667 o
1362 1649 1395 1669 ce
1416 1649 1451 1669 en
1474 1650 1539 1677 um,

1328 1677 1461 1720 Necnon
1476 1678 1510 1721 ad
1527 1677 1749 1709 Restituendum
1771 1681 1804 1711 &
1820 1679 2085 1720 Redintegrandum
2100 1683 2259 1715 Comitatui
2273 1683 2356 1715 Fian-

1291 1714 1376 1753 driae,
1395 1717 1429 1747 &
1445 1715 1596 1747 Distrit‘Jtui
1618 1717 1763 1748 diciorum
1787 1717 1912 1749 Comitis
1928 1721 1962 1750 &
1976 1719 2141 1752 Hominum
2154 1722 2191 1753 de
2208 1723 2356 1761 Flandria‚

1292 1756 1391 1799 omnia
1414 1756 1448 1786 &
1469 1754 1576 1799 singula
1591 1754 1690 1786 Castra
1702 1780 1711 1795 ,
1731 1755 1835 1795 Villas,
1853 1757 1973 1796 Terras,
1992 1759 2025 1789 ὃς
2039 1759 2138 1798 Loca,
2158 1770 2221 1798 quae
2235 1761 2295 1791 sunt
2311 1763 2356 1791 in-

1293 1793 1335 1823 fra
1352 1793 1434 1824 Fines
1454 1793 1526 1824 droti
1545 1793 1710 1825 Comitatus
1723 1819 1732 1833 ,
1751 1796 1784 1826 ὃς
1800 1796 1921 1834 subjecta
1934 1797 2044 1829 fuerant
2062 1797 2227 1830 Comitibus
2242 1799 2275 1830 &
2286 1800 2358 1832 Ho-

1293 1832 1418 1862 minibus
1435 1831 1575 1863 Flandriae
1588 1833 1624 1863 ab
1635 1834 1768 1871 antiquo,

1331 1869 1370 1900 Et
1388 1871 1427 1914 adq
1448 1869 1690 1910 Distinguendum
1706 1872 1739 1903 δε
1753 1872 1967 1904 Declatandum
1982 1874 2065 1906 Fines
2082 1875 2152 1906 diCti
2169 1874 2357 1916 Comitatus,

1294 1908 1314 1938 si
1330 1909 1366 1939 de
1381 1910 1442 1947 ipiis
1457 1909 1581 1941 dubietas
1596 1911 1715 1950 oriatur,

1333 1947 1379 1977 Ad
1399 1947 1538 1979 Dandum
1560 1950 1645 1980 etiam
1669 1949 1702 1980 &
1723 1948 1954 1980 Concedendum
1969 1975 1978 1989 ,
2002 1951 2037 1982 ad
2059 1952 2234 1983 Terminum
2258 1953 2360 1985 Anno⁴

1295 1996 1376 2024 rum,
1394 1988 1428 2018 ὃς
1450 1988 1661 2025 imperpetuum
1676 2012 1686 2026 ,
1712 1987 1815 2018 nostris
1838 1988 1978 2019 Benivolis
1999 1991 2031 2021 &
2054 1990 2227 2022 Valitoribus
2242 1991 2360 2032 Castra,

1294 2025 1398 2055 Terras
1409 2049 1418 2062 ,
1442 2026 1475 2056 ὃ(
1491 2025 1631 2056 Dominia
1645 2051 1654 2065 ,
1672 2026 1706 2057 ad
1721 2037 1773 2057 nos
1787 2028 1818 2057 in
1828 2027 1909 2058 dictis
1923 2027 2033 2068 Regnis
2049 2031 2232 2069 pertinentia,
2250 2040 2283 2062 ac
2298 2032 2361 2063 An-

1294 2073 1361 2093 nuas
1373 2063 1524 2095 Peniiones
1540 2066 1573 2096 &
1590 2065 1702 2103 Feoda,

1332 2101 1370 2132 Et
1391 2102 1464 2141 ipsos
1478 2126 1487 2141 ,
1514 2104 1615 2141 quibus
1627 2104 1692 2135 tales
1708 2103 1886 2135 Donationes
1899 2106 1933 2137 &
1949 2104 2156 2137 Conceffiones
2170 2107 2306 2146 fecerint,
2325 2107 2362 2139 de

1295 2140 1333 2172 sic
1349 2141 1471 2172 Donatis
1486 2142 1519 2172 δε
1532 2141 1683 2173 Conceslis
1698 2142 1906 2174 investiendum
1925 2144 1959 2175 &
1975 2144 2157 2184 seifiendum,

1331 2179 1464 2211 Necnon
1485 2179 1520 2211 ad
1542 2180 1789 2212 Consentiendum
1809 2182 1843 2213 ὃς
1864 2182 2097 2214 Concedendum
2114 2207 2125 2223 ,
2155 2193 2186 2215 ut
2207 2194 2309 2216 omnes
2326 2186 2361 2217 &

1296 2218 1397 2256 singuli
1416 2219 1564 2250 Processus
1588 2221 1621 2252 &
1643 2220 1815 2259 Sententiae,
1832 2219 1867 2252 ad
1881 2220 2040 2252 instantiam
2055 2221 2190 2262 Regum,
2208 2224 2254 2255 vel
2268 2225 2362 2262 cujus*

1296 2267 1423 2296 cumque
1444 2256 1533 2297 Regis
1553 2258 1678 2289 Franciae
1691 2281 1700 2297 ,
1726 2268 1826 2289 contra
1845 2259 1988 2291 Homines
2012 2261 2045 2292 &
2062 2261 2264 2293 inhabitatores
2279 2262 2363 2293 Flan-

1301 2296 1386 2335 driae,
1403 2306 1453 2339 per
1468 2296 1572 2327 Sedem
1586 2297 1784 2338 Apostolicam
1799 2298 1883 2337 facti,
1898 2299 1962 2337 lati,
1982 2299 2028 2329 seu
2041 2300 2364 2339 promulgati,rela.xen-

1297 2343 1344 2366 tur
1358 2336 1392 2366 &
1404 2334 1611 2373 subducantur,
2207 2347 2215 2355 ·

1335 2372 1373 2404 Et
1393 2373 1426 2404 ad
1445 2374 1518 2411 ipsos
1536 2373 1687 2406 Processus
1711 2375 1744 2406 &
1758 2375 1930 2415 Sententias,
1949 2385 2087 2415 quantum
2099 2377 2132 2408 in
2146 2378 2230 2409 nobis
2245 2378 2302 2418 est,
2319 2388 2365 2411 re-

1298 2411 1448 2442 laxandum
1461 2413 1495 2442 &
1508 2412 1723 2444 subducendum
1731 2438 1739 2451 ,

1333 2450 1370 2481 Et
1385 2450 1525 2489 praemissa
1539 2461 1720 2490 quacumque
1735 2452 1879 2483 securitate
1894 2452 2065 2484 firmandum
2075 2477 2085 2493 ,

1336 2488 1374 2520 Et
1397 2490 1494 2520 omnia
1515 2490 1565 2519 alia
1585 2492 1619 2522 ὃ(
1643 2491 1751 2529 singula
1771 2491 1933 2522 faciendum
1957 2493 1991 2523 δε
2007 2493 2235 2533 excercendum,
2255 2503 2320 2532 quae
2334 2495 2365 2526 in

1299 2528 1446 2566 praemiffis
1460 2552 1469 2566 ,
1494 2528 1528 2559 &
1551 2530 1627 2560 circa
1648 2540 1679 2559 ea
1693 2554 1702 2567 ,
1721 2529 1870 2560 necessaria
1890 2530 1936 2562 vel
1951 2541 2094 2569 oportuna
2107 2532 2228 2571 fuerint,
2246 2535 2331 2564 etiam
2346 2532 2368 2566 fi

1301 2566 1466 2598 mandatum
1477 2568 1588 2599 exierant
1601 2568 1727 2606 speciale.

1341 2605 1466 2636 Praefatis
1480 2630 1489 2643 ,
1544 2608 1626 2637 omiti
1646 2607 1748 2638 Sarum
1765 2630 1775 2645 ,
1799 2606 1933 2638 Henrico
1946 2631 1956 2645 ,
1982 2607 2115 2639 Galfrido
2130 2632 2139 2648 ,
2164 2608 2198 2640 δε
2214 2608 2369 2650 Mauriti0‚

1301 2643 1429 2712 ξτίὶᾜε,
1447 2645 1481 2675 &
1499 2643 1622 2676 Duobus
1637 2656 1739 2677 eorum
1750 2671 1757 2684 ‚
1776 2645 1890 2684 plenam
1911 2648 2118 2678 committimus
2131 2649 2165 2678 &
2181 2649 2369 2680 concedimus

1328 2693 1376 2712 ote
1403 2692 1494 2721 atem·⁷

1342 2721 1557 2761 Promittentes,
1576 2733 1630 2761 pro
1643 2722 1760 2761 Nobis,
1780 2724 1813 2755 &
1828 2722 1998 2754 Haeredibus
2013 2723 2130 2762 nostris,
2148 2734 2201 2754 nos
2215 2723 2368 2757 Rarum&

1305 2759 1429 2791 Gratum
1446 2761 1588 2792 habituros
1601 2761 1736 2800 quicquid
1753 2772 1801 2800 per
1816 2763 1962 2801 praefatos,
1981 2761 2130 2792 Comitem
2147 2762 2266 2803 Sarum,
2286 2763 2370 2794 Hen-

1304 2800 1417 2838 ricum,
1436 2799 1617 2839 Galfridum,
1637 2801 1670 2831 ὃς
1689 2800 1874 2838 Mauritium,
1890 2800 1963 2830 Tres
1973 2801 2023 2838 ,&
2037 2800 2122 2832 Duos
2135 2811 2253 2841 eorum,
2269 2803 2368 2834 aetum

1304 2837 1386 2906 fulerit
1400 2840 1431 2882 in
1443 2839 1603 2909 praergiffis,
1622 2839 1654 2870 &
1669 2839 1797 2877 quolibet
1810 2839 2030 2877 praernifforum.

1353 2887 1370 2906 n
1386 2886 1484 2916 cujus,
1525 2887 1564 2908 ἐ.

183 1854 230 1886 vel
247 1855 374 1885 valorem
389 1852 559 1884 eorumdem
575 1852 605 1881 in
617 1851 668 1881 alia
683 1850 808 1881 Moneta
825 1873 836 1889 ,
859 1851 928 1882 hinc
948 1850 984 1881 ad
997 1850 1114 1880 Festum
1130 1849 1254 1879 Penthe-

184 1892 296 1931 costes,
314 1893 449 1961 {ic-oximo
463 1900 634 1928 venturum,
649 1889 695 1921 vel
710 1897 741 1920 ut
754 1889 837 1920 citius
851 1891 955 1927 poterit
967 1888 1031 1927 post
1044 1913 1055 1927 ,
1072 1888 1118 1920 vel
1133 1897 1198 1918 ante
1210 1888 1254 1919 di-

183 1931 267 1962 &um
283 1931 324 1961 Fe
349 1940 414 1960 um:

223 1969 339 2008 Quibus
354 1969 463 1999 Tribus
478 1967 598 1998 Milibus
612 1966 743 1997 Denariis
757 1966 829 1996 Auri
844 1965 938 1997 solutis
951 1988 960 2003 ,
978 1965 1025 1995 vel
1040 1975 1142 1996 eorum
1156 1964 1254 1996 valore

186 2008 217 2038 in
239 2001 290 2038 aiiii
315 2007 440 2038 Monet&
454 2031 463 2046 ,
490 2007 554 2044 post
575 2005 765 2045 Qiindenam
784 2005 839 2035 diei
855 2029 865 2043 ,
884 2005 934 2035 sibi
950 2005 1031 2035 sanstae
1046 2004 1201 2034 Solutionis
1215 2004 1252 2034 de

185 2046 264 2077 diets
279 2046 407 2077 Pecunia
425 2045 518 2076 Aurea
531 2068 540 2084 ‚
565 2046 610 2076 vel
633 2046 689 2083 ejus
708 2044 806 2075 valore
826 2045 853 2073 in
870 2043 994 2073 Moneta
1009 2042 1078 2081 alifi,
1098 2043 1175 2072 idem
1191 2041 1254 2072 Ga-

187 2085 286 2115 stonus
309 2085 454 2114 Guerram
476 2093 587 2114 tenetur
607 2083 701 2114 facere
721 2083 755 2113 δε
771 2092 890 2113 movere
906 2081 1030 2112 Inimicis
1045 2081 1112 2112 dieii
1127 2081 1254 2112 Domini

185 2122 276 2153 nostri
291 2122 379 2162 Regis
395 2123 430 2152 &
444 2122 552 2160 Ducis,
570 2132 655 2160 quam
673 2121 817 2152 Guertam
832 2121 968 2158 faciendi,
987 2122 1021 2151 ὃς
1036 2121 1108 2158 ipsos
1116 2119 1255 2151 Inimicos

185 2161 340 2201 gravandi,
368 2161 461 2191 dictus
478 2161 626 2191 Dominus
650 2160 819 2190 Senescailus
832 2159 877 2190 dat
891 2161 924 2190 ὃς
941 2160 1077 2190 concedit
1094 2159 1253 2189 Licentiam

186 2199 322 2270 Pastgno
336 2199 492 2238 praedicto,
511 2200 545 2231 &
558 2199 639 2238 super
654 2199 712 2230 hoc
726 2199 866 2237 promittit
882 2198 975 2229 eidem
996 2197 1130 2228 Gastono
1145 2197 1254 2228 Literas

199 2249 247 2269 uas
281 2249 335 2269 are.

224 2277 262 2307 Et
276 2286 379 2308 caetera
392 2276 421 2307 V
423 2276 482 2308 adia
497 2276 629 2308 consueta
642 2275 736 2307 eidem
753 2275 887 2306 Gastono
902 2275 972 2307 solvi
984 2274 1106 2313 debent,
1123 2274 1159 2305 de
1166 2274 1257 2305 Men-

187 2315 216 2346 se
231 2317 260 2346 in
276 2315 430 2354 Mensem,
448 2316 494 2346 vel
508 2317 611 2354 citius,
628 2314 707 2346 bona
721 2314 794 2353 fide,
812 2316 846 2346 ὅτ.
862 2315 919 2346 fine
932 2314 1030 2345 fraude
1040 2337 1051 2354 ,
1067 2324 1136 2345 cum
1148 2313 1182 2344 ad
1196 2315 1256 2345 hoc

187 2354 324 2393 optulerit
337 2355 364 2385 se
381 2354 515 2385 Facultas.

228 2393 364 2431 Dampna
378 2395 481 2432 etiam,
500 2403 566 2431 quae
579 2392 656 2423 idem
670 2392 831 2430 Gastonus,
849 2392 882 2423 &
897 2392 955 2431 ejus
969 2391 1048 2422 Socii
1062 2414 1071 2430 ,
1089 2390 1134 2422 seu
1151 2390 1259 2430 Sequa-

190 2442 256 2470 ceS,
273 2433 306 2463 δε
319 2431 445 2470 Gentes,
463 2434 622 2469 patientur,
641 2433 674 2463 &
690 2441 756 2470 quae
771 2433 900 2462 amittent
913 2441 967 2469 pro
983 2429 1098 2460 Guerra
1113 2431 1240 2468 praesenti
1250 2454 1260 2469 ,

189 2471 417 2501 emendabuntur
438 2471 542 2501 eisdem
562 2471 591 2500 in
611 2470 728 2501 Ducatu
745 2494 754 2508 ,
772 2471 860 2508 inque
873 2470 942 2500 locis
957 2470 1115 2501 valentibus
1130 2470 1163 2500 &
1177 2479 1261 2499 cotn-

189 2510 367 2547 petentibus,
386 2509 431 2540 vel
450 2510 479 2539 in
494 2509 601 2548 Regno
617 2509 749 2548 Angliae,
769 2509 788 2539 si
803 2509 833 2538 in
841 2508 959 2540 Ducatu
975 2508 1153 2546 Aequitaniae
1169 2508 1261 2546 supra-

188 2547 272 2617 didtg
296 2547 382 2579 dieiae
401 2547 531 2578 Emenda
553 2549 599 2579 seu
620 2547 863 2586 Recompensatio
884 2557 945 2578 non
966 2547 1078 2585 possent
1092 2546 1168 2586 fieri,
1184 2546 1261 2585 justo

191 2595 244 2617 mo
265 2596 294 2616 0.

231 2624 269 2661 Et
286 2624 382 2661 dic‘tus
405 2624 552 2655 Dominus
566 2624 752 2663 senescallus,
772 2625 894 2656 nomine
906 2634 965 2662 quo
979 2623 1074 2661 supra,
1093 2623 1221 2661 promisit
1235 2623 1261 2654 se

193 2671 376 2701 curaturum,
397 2663 540 2694 faffiturum
550 2688 559 2700 ,
579 2665 612 2694 ὃς
628 2673 863 2701 procuraturum,
882 2673 951 2693 cuin
967 2663 1048 2692 dieto
1063 2662 1199 2693 Domino
1208 2672 1262 2692 no-

193 2701 252 2732 stro
265 2701 349 2742 Rege
360 2703 394 2733 &
405 2702 493 2732 Duce
502 2726 511 2740 ,
530 2702 612 2740 quod
625 2703 723 2732 omnia
739 2702 772 2732 ὃς
785 2702 890 2740 singula
906 2701 1060 2739 supradicta
1076 2711 1124 2738 per
1139 2701 1262 2732 eundem

193 2740 358 2771 Dominum
370 2740 501 2770 nostrum
518 2740 633 2779 Regem
647 2742 680 2771 &
698 2740 816 2771 Ducem
831 2739 1265 2778 ratificabuntui·,approbabun-

195 2787 256 2816 tur,
274 2778 479 2815 laudabuntur,
498 2779 532 2813 ὃς,
546 2778 807 2817 confirmabuntur,
825 2779 859 2809 ὃς
875 2778 912 2808 de
927 2788 1008 2808 novo
1023 2778 1089 2808 fient
1105 2803 1114 2816 ,
1134 2779 1154 2808 si
1168 2788 1266 2808 neces-

195 2817 229 2885 ἓ
236 2817 336 2860 fuerit,
355 2817 405 2846 sub
428 2816 531 2853 Sigillo
551 2817 664 2856 Magno
685 2817 768 2848 viridi
786 2817 868 2856 ipsius
883 2817 1008 2848 Domini
1023 2817 1114 2847 nostri
1127 2817 1216 2855 Regis
1232 2818 1266 2848 δε

233 2865 301 2885 ucis.

235 2893 270 2923 In
299 2902 423 2932 quorum
442 2893 579 2923 omnium
599 2892 817 2924 Testimonium
841 2895 875 2925 &
897 2893 999 2924 Fidem
1014 2919 1022 2933 ‚
1049 2894 1143 2932 Sigilla
1166 2893 1265 2924 Curie

197 2931 349 2963 Vasconiae
370 2932 403 2963 ὅτ
417 2931 486 2963 dieti
501 2931 625 2962 Gastoni
640 2933 702 2963 sunt
715 2932 875 2963 alternatim
889 2933 1007 2971 appensa
1022 2933 1202 2972 praesentibus
1216 2932 1267 2962 In-

198 2970 332 3002 demuris·
1343 2944 1411 2976 Dat.
1431 2946 1491 2976 &c.
1510 2946 1582 2983 apud
1602 2945 1767 2991 Andewerp
1780 2970 1790 2986 ,
1807 2945 1924 2979 decimo
1938 2948 2022 2980 tertio
2037 2947 2084 2979 die
2096 2947 2293 2988 Novembris,
2309 2947 2372 2979 An-

1305 2993 1346 3014 no
1362 2983 1458 3024 Regni
1471 2984 1561 3016 nostri
1576 2985 1808 3016 Tertiodecnno.

236 3039 306 3070 Dat.
325 3038 497 3078 Burdegaliae
511 3063 521 3077 ,
539 3038 586 3070 die
601 3039 699 3071 ultima
715 3039 831 3078 Martii,
851 3040 940 3071 Anno
952 3040 1078 3072 Domini
1092 3039 1267 3079 Millefimo,
2002 3027 2055 3055 Per
2071 3024 2152 3065 ’.ΝΜΖ
2163 3028 2268 3063 Regem.

201 3078 440 3117 Trecentesimo,
458 3077 622 3109 Tricesimo
637 3078 672 3110 N
674 3089 743 3110 ono.

238 3147 307 3179 Nos
326 3157 421 3179 autem
439 3147 581 3187 praemiffa
595 3171 605 3186 ,
629 3149 727 3179 omnia
749 3150 782 3179 &
797 3148 920 3187 singula,
939 3159 990 3187 per
1003 3148 1114 3179 dicium
1129 3147 1270 3179 Senescal-
1352 3144 1380 3171 ’ἓ
1400 3148 1478 3180 Aliae
1495 3145 1648 3189 potestates
1669 3145 1714 3179 ad
1734 3146 1929 3180 trastana'um
1949 3146 1985 3180 de
2003 3145 2143 3189 Subfia'iis
2160 3160 2228 3181 cum
2246 3147 2324 3181 disto

609 3188 613 3192 Α
643 3188 648 3193 .
782 3189 786 3193 .
2391 3161 2525 3201 *V.i35.‘

200 3186 262 3216 lum
284 3186 414 3217 nostrum
428 3210 438 3225 ,
463 3196 493 3217 ut
515 3195 695 3225 prceniittitur
709 3211 719 3226 ,
745 3187 817 3218 Inita
830 3212 839 3226 ,
865 3186 1036 3226 Conventa,
1055 3187 1214 3224 Concessa,
1233 3187 1267 3218 &
1780 3199 1904 3229 Comite.

201 3225 342 3256 Promiffa
358 3250 368 3263 ,
393 3225 584 3270 Acceptantes
600 3249 610 3266 ,
634 3236 665 3256 ea
689 3236 742 3264 pro
763 3226 863 3257 Nobis
879 3251 888 3264 ,
916 3227 949 3257 &
963 3226 1133 3257 Haeredibus
1149 3226 1268 3263 nostris,

200 3272 340 3308 quantum
360 3266 390 3294 in
412 3265 495 3294 nobis
516 3265 558 3295 est
571 3289 582 3305 ,
608 3265 793 3296 Ratificamus
807 3288 817 3304 ,
843 3264 1044 3303 Approbamus
1059 3289 1068 3304 ,
1092 3266 1126 3296 ὃ(
1140 3290 1150 3304 ,
1169 3274 1269 3296 tenore
1379 3280 1445 3311 EX
1473 3280 1618 3311 Omnibus
1653 3280 1687 3311 ad
1704 3290 1776 3319 quos
1812 3281 1864 3312 &c
1892 3280 2016 3312 Salutem
2387 3283 2456 3316 Ann
2481 3283 2514 3316 D

204 3302 404 3341 prazsentium,
419 3301 642 3334 Confirmamus.
1308 3280 1370 3342 R
1626 3305 1635 3319 '
1782 3303 1792 3319 ²
1867 3304 1873 3310 ”
2021 3303 2026 3310 “
2459 3309 2465 3315 ’
2516 3308 2525 3317 ’

240 3340 274 3370 In
295 3341 373 3379 cujus
394 3342 434 3371 rei
446 3340 663 3373 Testimonium
683 3342 730 3372 has
747 3342 866 3373 Litteras
880 3342 988 3373 nostras
1004 3342 1064 3374 fieri
1081 3343 1200 3374 fecimus
1215 3340 1271 3372 Pa-
1410 3320 1508 3350 ὅπως
1523 3320 1603 3358 quod
1619 3330 1687 3358 nos'

204 3387 304 3410 tentes

242 3417 310 3448 Dat.
319 3416 393 3456 apud
407 3416 582 3450 Gandauum
590 3441 600 3456 ,
619 3417 754 3450 Secundo
771 3418 816 3449 die
828 3419 1009 3452 Novembris
1018 3443 1028 3459 ,
1037 3419 1125 3452 Anno
1139 3428 1169 3451 ut
1183 3419 1269 3458 supra.

1344 3356 1393 3388 De
1407 3358 1559 3389 dilectione
1591 3358 1665 3395 tatii,
1684 3359 1717 3389 &
1734 3357 1989 3394 circumspectione
2004 3357 2143 3397 provida,
2161 3356 2275 3389 Illustris
2293 3356 2370 3398 Viri,
2392 3331 2506 3400 A12233193J.

1303 3397 1443 3440 Jolnannis
1459 3397 1550 3427 Ducis
1566 3367 1755 3440 &othringiztp
1774 3396 1930 3426 Biabantiae
1945 3398 1978 3428 &
1994 3396 2178 3437 Lemburgh,
2195 3395 2309 3427 Consan
2331 3399 2372 3428 ui·
2393 3405 2420 3428 Ε.
2441 3410 2467 3439 3.

1309 3446 1354 3465 nei
1369 3435 1458 3466 nostri
1473 3435 1620 3473 cariffimi,
1637 3445 1688 3473 ac,
1707 3434 1892 3465 Dileetorum
1907 3434 2090 3466 &Fidelium
2105 3435 2285 3473 nostrorum,
2339 3436 2372 3467 il·
2391 3442 2526 3468 Pat.Con-*

1306 3474 1393 3505 lielini
1406 3474 1528 3504 Northt.
1548 3474 1700 3504 willielmi
1716 3474 1816 3504 Sarum
1829 3498 1838 3511 ,
1864 3473 1898 3503 &
1914 3473 2037 3504 Roberti
2050 3498 2059 3509 ,
2078 3473 2226 3504 Suffolciae
2239 3498 2248 3512 ‚
2267 3474 2373 3505 Comi·
2390 3478 2524 3515 ceffflom.

1309 3522 1391 3551 tum,
1410 3512 1531 3543 Henrici
1544 3511 1581 3542 de
1595 3512 1723 3542 Ferrariis
1736 3511 1891 3542 Camerarii
1907 3511 2013 3550 nostri,
2034 3511 2156 3543 Galfridi
2168 3512 2195 3543 le
2209 3512 2319 3553 Scrop,
2338 3514 2372 3545 &
2391 3516 2512 3553 Δημύ-

538 3543 598 3574 Pro
619 3540 745 3574 Roberto
761 3540 797 3575 de
814 3544 931 3576 Artois.
1310 3551 1439 3582 Mauritii
1455 3551 1490 3581 de
1507 3551 1620 3589 Berkle,
1641 3550 1789 3589 Militum,
1809 3551 1910 3581 intime
1927 3550 2117 3589 confidentes,
2395 3556 2460 3593 Vasc.
2482 3565 2525 3592 ¹3·

57 3609 136 3641 Ann.
149 3609 194 3641 D.

905 3613 906 3616 η
1349 3589 1396 3620 Ad
1412 3589 1610 3620 Tractandum
1626 3590 1659 3619 &
1674 3588 1920 3620 Concordandum
1935 3598 2001 3619 cum
2012 3611 2022 3627 ,
2039 3588 2182 3626 spestabili
2194 3587 2269 3621 Viro
2283 3614 2293 3630 ,
2311 3590 2374 3622 Lo·
2392 3597 2423 3621 Ε.
2441 3603 2466 3631 3.
2488 3603 2526 3622 m.

211 3625 360 3688 REX,
383 3626 503 3659 Dilecto
523 3627 556 3658 &
578 3625 667 3657 Fideli
686 3626 758 3665 suo,
775 3626 939 3658 Willielmo
954 3625 1097 3666 Truffess,
1116 3626 1275 3658 Admirallo
1312 3628 1429 3659 dowico
1450 3628 1570 3658 Comite
1594 3627 1730 3658 Flandriae
1747 3652 1756 3665 ‚
1782 3630 1814 3659 δε
1835 3637 1904 3657 cum
1919 3627 2023 3658 Probis
2038 3627 2217 3658 Hominibus
2228 3629 2372 3660 bonarum
2397 3641 2439 3660 10.

86 3657 172 3687 ¹339·
291 3666 313 3696 F
315 3665 381 3697 lotae
399 3665 548 3704 Navium,
566 3664 602 3695 ab
616 3664 678 3696 Ore
693 3664 787 3703 Aquae
801 3665 957 3697 Thamisiae
970 3689 980 3704 ,
997 3666 1090 3697 versus
1103 3675 1194 3703 partes
1211 3665 1275 3696 Oc·
1311 3666 1451 3698 Villarum
1473 3668 1506 3698 &
1530 3666 1631 3697 Patriae
1653 3665 1790 3696 Flandrice
1804 3690 1813 3703 ‚
1837 3666 1917 3703 super
1932 3665 2091 3706 Alligantiis
2105 3667 2138 3697 &
2152 3666 2295 3698 Amicitiis
2311 3677 2376 3705 pei·-

58 3690 113 3754 {w'
132 3698 174 3725 ¹3·
210 3704 379 3743 cidentales,
398 3705 534 3736 Salutem.
1312 3707 1420 3744 petuis,
1439 3706 1510 3735 inter
1526 3705 1595 3735 Nos
1609 3705 1642 3735 &
1659 3704 1770 3734 nostros
1786 3704 1938 3742 Subditos,
1957 3704 1991 3734 &
2004 3704 2116 3735 dietum
2132 3703 2284 3737 Comitem
2292 3706 2375 3738 Flan-

59 3748 92 3792 εὶ
115 3735 141 3762 3⁸
249 3744 327 3783 Qua
340 3744 472 3775 volumus
486 3741 567 3781 quod
576 3741 686 3780 Navis,
705 3749 806 3773 vocata
819 3742 846 3773 la
854 3742 933 3773 Nief
943 3743 979 3774 de
995 3742 1073 3774 Seint
1081 3741 1137 3780 Jak
1150 3741 1275 3773 deBaio-
1313 3744 1397 3782 driae,
1415 3754 1448 3773 ac
1464 3744 1593 3781 praefatos
1607 3742 1751 3773 Homines
1770 3742 1923 3780 Flandriee,
1939 3742 2086 3781 ineundis,

60 3807 82 3831 E
92 3765 195 3800 ‘³4¹3'
210 3781 263 3822 nfi,
280 3783 356 3814 unde
373 3783 567 3821 Domyngton
582 3780 691 3820 Bydard
705 3780 748 3810 est
760 3779 916 3820 Magister,
933 3783 963 3812 in
977 3781 1067 3812 Portu
1080 3780 1117 3812 de
1133 3780 1276 3814 Sandewi-
1352 3782 1390 3813 Et
1403 3782 1439 3812 de
1454 3782 1585 3812 Subsidiis
1597 3783 1700 3811 mutuis
1716 3781 1783 3811 hinc
1800 3780 1864 3811 inde
1879 3780 2058 3819 praestandis,

63 3812 137 3879 ἐξ·
151 3810 182 3877 ξὲ
212 3830 249 3851 co
268 3822 386 3853 existens
402 3845 413 3860 ,
437 3820 557 3852 Dilecto
578 3819 612 3850 &
632 3818 721 3850 Fideli
745 3818 861 3857 nostro,
879 3818 1014 3852 Roberto
1030 3819 1065 3852 de
1081 3819 1200 3859 Artoys,
1222 3831 1276 3858 pro
1352 3821 1392 3851 Et
1407 3830 1454 3858 ea,
1469 3830 1533 3858 quae
1545 3820 1582 3850 slc
1599 3819 1732 3851 Trai-stata
1747 3820 1780 3851 &
1793 3818 1981 3850 Concordata
1993 3819 2098 3850 fuerint
2111 3843 2121 3858 ,
2139 3819 2323 3860 quacumque
2337 3821 2377 3853 se-

211 3857 361 3898 Obsequio
384 3860 484 3892 nostro
507 3859 640 3890 liberetur
661 3858 701 3887 ob
724 3867 811 3889 certas
831 3857 939 3897 causas,
958 3860 984 3890 ei
998 3858 1134 3896 expositas
1149 3867 1182 3888 ex
1198 3868 1278 3898 parte
1313 3861 1428 3890 curitate
1442 3858 1629 3895 firmandum,

60 3924 82 3946 *ι
211 3895 324 3936 nostri,
1351 3898 1396 3928 Ac
1419 3898 1503 3928 etiam
1524 3897 1558 3927 ad
1579 3896 1756 3927 transtandum
1777 3906 1846 3927 curn
1862 3896 1995 3935 pioefatis,
2022 3896 2157 3936 Comite,
2184 3898 2217 3929 ὅ(
2238 3898 2377 3930 Homini-

60 3958 64 3960 >
91 3929 195 3965 V·¹34·
249 3935 267 3954 ³*
284 3935 375 3968 Vobis
390 3936 556 3968 mandamus
571 3934 741 3979 qtiod,xfisis
754 3935 1080 3974 praesentibus,Navem
1095 3935 1277 3975 praedietam,
1312 3937 1366 3966 bus
1388 3936 1411 3966 F
1414 3936 1526 3966 landriae
1539 3960 1548 3973 ,
1573 3936 1606 3966 ὃ(
1623 3935 1696 3973 aliis,
1714 3945 1836 3973 quorum
1851 3934 1981 3974 interest,
2000 3935 2079 3974 super
2096 3936 2252 3968 Refusione
2266 3939 2299 3969 ὃς
2316 3939 2375 3969 Re-

211 3972 353 4012 Duppiici
373 3976 596 4016 Eskippamento
615 3983 754 4006 munitam
769 3998 778 4011 ,
804 3974 850 4003 vel
871 3983 957 4004 unam
971 3975 1053 4005 aliam
1066 3974 1206 4013 Navem,
1226 3975 1279 4005 bo-
1315 3975 1460 4006 stitutione
1482 3974 1687 4011 Dampnorum
1704 3998 1713 4012 ,
1737 3984 1826 4012 nuper
1848 3975 1877 4003 in
1898 3973 1988 4004 Insula
2003 3974 2038 4004 de
2053 3973 2190 4047 Cagentl5
2199 3986 2249 4014 per
2264 3977 2375 4007 nostros

209 4021 276 4042 nam
288 4015 321 4044 &
335 4013 522 4047 sufficientem
537 4038 546 4053 ,
564 4014 602 4044 sic
617 4014 755 4043 munitam
769 4036 779 4051 ,
797 4012 816 4043 fi
832 4012 906 4043 dieta
918 4012 1029 4051 Navis,
1045 4021 1146 4044 vocata
1161 4013 1187 4043 la
1201 4013 1280 4045 Seint
1315 4014 1450 4044 Subditos
1473 4012 1612 4043 illatorum
1629 4037 1638 4050 ,
1656 4023 1689 4043 ac
1703 4012 1740 4043 de
1754 4011 1831 4043 cert&¹
1846 4012 1976 4051 Summa,
1995 4022 2049 4052 pro
2062 4013 2144 4046 dietis
2192 4017 2299 4052 ampnis
2312 4025 2375 4053 per-

205 4050 280 4089 jak,
297 4052 356 4082 aliis
368 4053 483 4085 liberata
497 4053 609 4090 existat,
628 4052 768 4090 proedicto
782 4051 916 4081 Roberto
931 4051 988 4082 sine
1004 4052 1138 4082 dilatione
1154 4052 1277 4084 liberetis
1315 4051 1466 4090 solvenda,
1483 4050 1738 4089 concordandum,

204 4099 258 4129 pro
274 4088 422 4130 Obsequio
443 4093 543 4123 nostro
560 4090 737 4130 supradict03
754 4091 787 4122 ὃς
804 4090 862 4121 hoc
877 4089 1034 4122 nullatenus
1049 4091 1194 4122 omittatis.
1354 4090 1478 4129 Nosque
1494 4091 1528 4122 &
1541 4089 1678 4122 Haeredes
1690 4089 1802 4121 nostros
1813 4089 1850 4121 ad
1863 4089 2046 4123 Solutionem
2058 4090 2144 4123 dietae
2157 4091 2302 4129 Summae,
2315 4099 2379 4134 cer·

2353 4136 2392 4160 [13
