2562 4279
749 231 856 271 ET
942 232 1204 272 ACTA

40 340 118 372 Ann.
130 336 173 368 D.

39 385 148 454 2232·

259 408 308 439 De
330 403 471 448 Potestase
486 431 497 448 ‚
531 404 574 438 ad
592 403 801 438 Trac‘bandum
819 403 856 437 de
871 405 997 450 Stapula
1015 407 1172 439 Lanarum

630 451 821 486 concedenda.

41 540 95 567 An.
112 548 152 567 ιι.
194 537 324 595 REX
349 537 515 576 Universis,
531 537 565 569 ad
580 546 667 576 quOS,
682 537 741 568 &c.
760 536 893 568 Salutem.

41 581 72 605 Ε.
93 587 119 614 3.
289 577 386 608 Sciatis
399 576 478 615 quod
491 576 574 614 Nos,
842 613 847 618 ¹

40 619 99 645 Pac.
113 625 154 644 11.
229 616 279 647 De
297 615 562 653 Circumspectione
584 613 700 652 provida
719 613 752 643 &
773 612 904 644 fidelitate
917 613 1051 652 probata,
1071 614 1243 647 Venerabilis

42 659 73 682 Σ.
86 664 110 691 3.
118 661 172 692 p.i.
190 652 220 682 in
235 653 354 686 Christo
370 653 459 684 Patris
472 676 483 692 ,
500 652 543 684 H.
562 650 765 683 Lincolniensis
780 650 926 690 Episcopi,
943 663 992 691 ac,
1010 652 1194 685 Diletstorum
1208 656 1242 686 &

43 702 80 721 m.
97 692 123 720 8.
191 691 331 723 Fidelium
352 691 514 722 nostrorum
529 714 540 730 ,
564 689 712 720 wiliielmi
732 688 774 732 de·
787 687 895 720 Monte
916 690 1013 722 Acuto
1028 716 1038 730 ,
1062 692 1161 722 Sarum
1176 718 1186 731 ,
1208 695 1243 724 &

190 730 343 800 Nfilgssllielmi
353 730 390 760 de
403 729 546 771 Clymen,
564 725 802 766 Huntyngdoniae
817 751 827 766 ,
845 727 1016 768 Comitum,
1034 730 1154 768 plenarie
1170 742 1243 762 con-

201 787 204 789 ·
250 779 310 801 ntes

231 807 279 839 Ad
289 792 484 844 trZiCtandum,
502 802 751 840 conveniendum,
769 805 803 835 δε
819 806 1147 844 concordandum,cum
1162 808 1246 839 Con-

193 846 335 879 foederatis
350 868 360 885 ,
384 846 430 876 seu
449 844 556 876 Amicis
570 865 580 880 ,
596 843 630 872 &
645 841 787 872 Benivoiis
801 842 900 874 nostris
918 846 999 881 (cum
1014 846 1114 882 quibus
1127 847 1248 877 viderint

195 884 336 925 expedire)
354 883 390 913 de
404 881 515 919 Stapula
528 881 688 918 Lanarum,
707 889 781 911 eXtra
795 881 930 920 Regnum
952 884 985 914 ὃς
1005 883 1178 914 Potestatem
1193 895 1247 916 no-

196 923 250 953 stra
271 921 478 954 educendarum
494 942 503 956 ,
526 920 556 949 in
572 919 639 950 loco
655 928 735 949 certo
750 920 783 949 &
799 929 945 960 congruo,
961 922 992 951 in
1008 923 1129 959 partibus
1142 923 1249 953 Trans-

196 962 324 999 marinis,
342 956 525 991 concedenda
540 958 573 987 &
584 957 719 994 tenenda,

234 1000 273 1030 Et
287 999 324 1028 de
337 996 451 1033 Modo,
471 996 504 1026 ὃς
519 995 641 1033 Formi,
660 997 693 1026 &
708 995 876 1034 Tempore,
891 997 992 1035 quibus
1008 999 1096 1028 teneri
1109 998 1227 1037 debeat,

235 1038 274 1068 Et
287 1037 323 1104 ge
337 1035 527 1104 laibertatibus
537 1033 792 1074 &praerogatum
809 1035 934 1066 Subditis
945 1036 1047 1067 nostris
1063 1038 1091 1066 in
1105 1037 1157 1068 hac
1173 1046 1251 1076 parte

197 1086 289 1107 conce
309 1083 344 1104 en
366 1084 386 1103 is

231 1113 278 1144 Ac
292 1112 348 1143 aliis
360 1096 511 1148 or'nnibiis,
530 1112 678 1148 oportunis
689 1111 735 1142 vel
750 1111 905 1142 necessariis
918 1113 947 1142 in
960 1112 1121 1150 praemiffis,

233 1151 271 1183 Et
287 1162 337 1189 ea,
353 1160 418 1189 quae
432 1151 469 1181 sic
481 1149 630 1188 Trmstata,
649 1149 803 1181 Conventa
837 1151 870 1181 &
885 1150 1067 1182 Concordata
1083 1176 1093 1190 ,
1106 1153 1208 1184 fuerint
1222 1153 1252 1182 in

195 1189 359 1230 praemissis,
372 1198 551 1227 quacumque
564 1188 694 1219 firmitate
708 1173 882 1226 vallandum,

235 1228 273 1259 Et
287 1230 385 1258 omnia
397 1228 430 1259 &
445 1227 548 1266 singula
561 1226 741 1265 faciendum,
759 1237 823 1264 quae
835 1229 863 1257 in
879 1227 1022 1266 praemiffis
1037 1228 1186 1259 necessaria
1193 1229 1254 1259 fue-

197 1268 269 1304 rint,
289 1268 371 1297 etiam
383 1266 402 1296 si
417 1265 588 1297 Mandatum
602 1266 712 1303 exigant
724 1266 856 1302 speciale,

236 1305 394 1343 Praenes,
411 1304 570 1342 Episcopo,
591 1304 624 1334 &
638 1302 817 1342 Comitibus,
835 1305 868 1335 δε
886 1303 1011 1335 Duobus
1024 1315 1142 1344 eorum,
1156 1314 1255 1336 tenore

198 1344 376 1383 praesentium
386 1366 396 1382 ,
411 1342 598 1374 Comittimus
612 1344 645 1373 &
660 1341 856 1372 Concedimus
869 1341 1059 1381 Potestatem3

237 1382 434 1413 Promittentes
469 1391 522 1419 pro
538 1380 651 1418 Nobis,
669 1382 703 1412 &
717 1379 887 1411 Haeredibus
900 1380 1002 1411 nostris
1016 1404 1026 1419 ,
1044 1382 1112 1412 Nos
1128 1382 1234 1413 Rarum
1244 1406 1254 1420 ,

202 1421 327 1452 Gratum
339 1443 349 1458 ,
371 1421 405 1452 &
426 1404 554 1450 Eirmum
568 1442 578 1457 ,
600 1420 739 1456 ⁴perpetuis
749 1420 942 1457 temporibus,
958 1420 1103 1450 habituros
1118 1421 1255 1459 quicquid

200 1470 251 1498 per
263 1459 371 1497 ὀίἃοε,
389 1458 562 1496 Episcopum
577 1458 610 1488 &
626 1456 774 1495 Comites,
792 1458 825 1488 &
840 1457 922 1487 Duos
936 1468 1054 1499 eorum,
1073 1459 1256 1497 TraCtatum,

203 1497 442 1567 Cffncordatung,
460 1497 493 1527 &
509 1496 617 1527 Actum
630 1496 712 1527 fuerit
725 1497 755 1526 in
765 1495 921 1534 praemiffis.

260 1546 277 1566 n
293 1546 328 1566 cu
339 1546 370 1566 us
426 1545 466 1565 ἐ,

279 1546 368 1605 Teiie
378 1560 470 1612 'Rege
482 1573 555 1612 apud
567 1572 749 1613 Wyndesore
757 1596 768 1612 ,
786 1572 901 1605 decimo
917 1575 1018 1612 quinto
1032 1574 1077 1604 die
1093 1574 1204 1611 Aprilis.

273 1650 425 1682 Onfirniles
448 1650 554 1681 Literas
573 1650 784 1681 procuratorias
804 1649 909 1680 habent
927 1650 1056 1688 praedieti
1069 1674 1078 1687 ,
1104 1649 1261 1687 Episcopus

285 1690 318 1721 ὃς
331 1689 461 1720 Comites
470 1712 479 1727 ,
497 1699 530 1719 ac
544 1688 719 1725 Reginaldus
732 1689 768 1718 de
783 1687 937 1726 Cobham,
955 1688 1127 1718 Willielmus
1134 1689 1260 1726 Triiflel,

209 1728 243 1759 &
262 1728 422 1759 Nicholaus
445 1727 481 1758 de
501 1728 526 1758 la
544 1726 654 1765 Beche,
673 1726 780 1756 Milites
788 1727 975 1803 ,Effinquffi
995 1727 1127 1765 Qatuor
1142 1727 1175 1757 &
1190 1727 1263 1757 Tres

205 1767 456 1805 eorum(quorum
471 1765 556 1796 Duos
576 1765 613 1796 de
629 1765 748 1802 praefatis
763 1789 772 1801 ,
862 1774 938 1801 copo
952 1766 985 1795 &
998 1764 1179 1803 Comitibus,
1197 1765 1262 1795 Rex

206 1805 269 1835 vult
280 1805 337 1835 esle
350 1805 446 1841 Duos)
458 1804 493 1834 ad
506 1803 718 1841 Tractandum,
736 1802 977 1834 Conveniendum
990 1825 1001 1841 ,
1019 1805 1052 1834 &
1069 1802 1261 1834 Concordan-

207 1842 293 1882 dum,
310 1842 370 1878 ὠς.
390 1850 419 1872 ut
426 1842 521 1881 sitpra.

245 1880 281 1911 In
295 1882 390 1919 cujus,
407 1882 469 1912 δῖε.

282 1919 373 1951 Teste
387 1919 469 1958 Rege
480 1918 553 1957 apud
567 1917 764 1958 Wyndesore,
781 1918 897 1949 decimo
911 1919 1014 1957 quinto
1026 1918 1073 1948 die
1088 1917 1200 1956 Aprilis.

210 2046 260 2079 De
285 2044 407 2088 diveifis
423 2041 668 2078 Procuratoribus
692 2047 728 2081 ὠ*
747 2045 874 2076 Nunciis
889 2043 1051 2087 constitutis
1071 2044 1115 2077 ad
1132 2043 1268 2077 trustem-

302 2092 377 2125 dum
388 2094 479 2139 sicper
495 2090 630 2125 omnibns
648 2090 822 2135 Proceffibus
840 2105 908 2126 cum
929 2095 1007 2139 Rege
1023 2095 1166 2126 Franciae.

212 2178 282 2240 U
291 2176 588 2247 Ῑὲῖῑιέειὲίξὶἅῐέῐξίῑςυοε
609 2176 756 2215 praesentes
770 2159 874 2209 Literae
889 2179 1081 2217 pervenerint,
1100 2177 1273 2217 Edwardus,

252 2254 349 2285 Sciatis
361 2253 442 2294 quod
455 2254 524 2285 Nos
532 2277 541 2293 ,

258 2292 308 2324 De
327 2293 460 2324 fidelitate
479 2293 512 2324 ὃ(
527 2293 781 2333 circumspectione
792 2293 926 2332 provida,
945 2293 1127 2325 Dilectorum
1144 2295 1178 2326 &
1191 2293 1275 2325 Fide-

216 2332 289 2362 lium
305 2331 323 2352 ²*
338 2332 519 2373 nostrorum,
536 2330 709 2363 Venerabilis
722 2331 827 2371 Patris,
841 2332 963 2364 Henrici
980 2333 1185 2364 Lincolniensis
1206 2332 1275 2371 Epi-

218 2370 313 2409 scopi,
330 2368 390 2406 &a
398 2377 484 2415 ‘prout
489 2369 574 2409 supra
586 2369 665 2411 usque
680 2371 736 2400 haec
748 2371 855 2408 verba,
875 2375 937 2401 viz.

64 2192 144 2222 Anu.
153 2188 194 2220 D.

98 2237 185 2270 1337·

66 2274 120 2298 An.
143 2278 184 2296 11.

68 2351 128 2375 ΡΜ.
142 2355 183 2373 ii.

69 2389 99 2412 Ε·
116 2394 141 2421 3·
159 2390 185 2421 Ρ·
257 2408 367 2439 Dantes
380 2419 436 2448 eis,
454 2410 487 2440 ὅ(
503 2408 627 2439 Duobus
640 2420 757 2446 eorum,
774 2410 886 2448 plenam
900 2408 1089 2448 Potestatem,
1107 2410 1140 2441 &
1153 2409 1277 2440 Manda-

69 2432 200 2488 12'177351'
220 2455 283 2478 tum
301 2448 417 2485 speciale
433 2471 443 2486 ,
466 2447 623 2478 Tractandi
643 2458 696 2487 pro
718 2448 816 2478 Nobis
831 2471 842 2487 ,
868 2449 902 2479 &
924 2448 1023 2479 nostro
1038 2450 1174 2486 nomine,
1190 2458 1277 2486 cum,

71 2499 138 2534 746·
221 2485 382 2525 Magnifico
402 2485 536 2524 Principe
549 2509 559 2524 ,
584 2486 720 2517 Domino
740 2486 895 2525 Philippo,
922 2486 1007 2523 Rege
1020 2486 1145 2517 Francia:
1158 2486 1277 2525 illustri,

218 2525 264 2555 seu
285 2523 462 2562 Deputandis
481 2525 519 2554 ab
538 2534 575 2554 eo
589 2549 599 2563 ,
624 2524 704 2563 super
717 2525 940 2563 quibuscumque
957 2525 1189 2564 Qaestioiiibus,
1208 2525 1279 2555 Liti-

218 2563 272 2593 bus
285 2587 295 2601 ,
321 2562 452 2601 Querelis
466 2584 475 2599 ,
500 2562 657 2594 Demandis
670 2588 680 2601 ,
700 2562 923 2602 Controversiis,
940 2563 1043 2594 Arestis
1078 2564 1123 2594 seu
1138 2563 1276 2601 Debatis,

218 2611 253 2632 ac
269 2601 496 2640 Adjornamentis
509 2624 519 2639 ‚
542 2601 575 2631 &
591 2601 790 2641 Proceffibus,
809 2604 837 2632 in
851 2602 942 2633 Curia
955 2603 1035 2640 ipsius
1051 2587 1175 2634 bomini
1190 2600 1279 2642 Regis

240 2639 406 2670 endentibus
417 2663 428 2677 ,
451 2649 568 2669 necnon
589 2639 775 2670 Petitionibus
790 2663 800 2677 ,
823 2641 857 2671 &
874 2641 1062 2680 Actionibus,
1080 2641 1230 2680 Realibus,
1246 2650 1280 2671 ac

219 2651 414 2710 {ersonalibus
461 2688 495 2708 ac
512 2676 633 2717 Mixtis,
656 2688 721 2716 quae
741 2678 818 2708 idem
832 2678 978 2710 Dominus
998 2679 1063 2709 Rex
1084 2689 1152 2716 erga
1166 2679 1235 2710 Nos
1248 2689 1281 2710 ac

220 2716 354 2747 Subditos
375 2701 484 2746 nostros
498 2740 507 2753 ,
525 2716 626 2754 habet,
644 2717 690 2747 vel
710 2717 812 2747 habere
827 2719 955 2756 poterit,
974 2718 1019 2748 vel
1028 2717 1097 2748 Nos
1111 2727 1175 2756 erga
1191 2719 1282 2756 ipsum

222 2755 388 2785 Dominum
412 2754 527 2794 Regem
541 2777 551 2792 ,
575 2754 621 2784 seu
636 2755 769 2785 Subditos
788 2755 867 2794 suOS,
882 2757 991 2787 ratione
1003 2757 1158 2787 Terrarum
1174 2756 1282 2787 nostra-

222 2803 290 2823 rum
304 2794 335 2822 iri
349 2792 464 2822 Ducatu
479 2792 652 2831 Aquitaniae,
671 2793 717 2824 vel
732 2794 815 2832 alibi,
830 2795 859 2823 in
873 2796 995 2832 partibus
1008 2795 1214 2825 Transmarinis
1226 2797 1284 2825 exi-

225 2831 377 2869 stentium,
389 2830 434 2861 seu
449 2840 629 2868 quacumque
642 2831 693 2862 alis
708 2832 877 2870 occasione,
891 2833 1045 2872 habemus,
1057 2833 1103 2865 vel
1115 2833 1216 2864 habere
1231 2844 1285 2871 po-

226 2870 340 2901 terimus
355 2870 456 2906 quovis
471 2867 577 2906 modo,

265 2905 303 2937 Et
324 2906 359 2937 ad
381 2907 479 2936 omnia
493 2906 527 2936 &
539 2906 663 2944 singula,
683 2917 747 2945 quae
759 2907 893 2939 Tractata
906 2909 952 2941 vel
966 2909 1151 2941 Concordata
1165 2910 1268 2941 fuerint
1277 2933 1287 2949 ,

229 2954 412 2984 quacumque
424 2944 553 2975 firmitate
566 2945 683 2976 vallandi
691 2969 701 2983 ,

265 2983 336 3014 Nec
357 2993 418 3013 non
435 2982 554 3013 Petendi
567 3006 577 3022 ,
599 2983 756 3021 Stipulandi
770 3006 780 3022 ,
798 2983 985 3023 Recipiendi,
1004 2985 1175 3024 Retinendi,
1194 2985 1287 3017 Com-

227 3021 370 3060 ponendi,
388 3021 569 3059 Paciscendi,
584 3021 786 3060 Transigendi,
804 3023 833 3052 in
847 3023 1012 3060 Arbitrum,
1023 3025 1068 3054 vel
1084 3025 1227 3063 Arbitros,
1242 3027 1288 3056 seu

229 3060 400 3128 tExFiicaRiles
419 3058 636 3097 Compositores
651 3083 661 3099 ,
689 3059 893 3091 Consentiendi
907 3084 917 3100 ,
936 3062 970 3092 &
985 3062 1144 3100 hujusmodi
1157 3063 1290 3094 Arbitros

268 3108 276 3128 ι
297 3108 333 3129 en
354 3109 362 3128 i

272 3108 311 3167 Et
332 3120 428 3166 oit'inia
451 3135 502 3166 alia
522 3137 556 3168 &
577 3136 679 3176 singula
695 3137 813 3167 faciendi
854 3148 899 3168 uae
920 3139 949 3168 in
970 3138 1116 3176 praemiffis
1131 3161 1141 3177 ‚
1164 3139 1197 3170 ὃς
1218 3141 1293 3171 circa

235 3174 375 3213 praemiffii
388 3197 398 3213 ,
421 3174 525 3205 fuerint
537 3184 694 3213 oportuna,
714 3177 799 3206 etiarn
813 3176 832 3206 si
888 3177 1018 3208 andatum
1037 3178 1147 3215 exigant
1159 3177 1291 3216 speciale;

274 3212 475 3243 Promittentes
495 3212 563 3243 Nos
577 3238 586 3251 ,
611 3224 664 3252 pro
678 3214 776 3244 Nobis
786 3239 795 3252 ,
814 3215 847 3245 ὃς
862 3214 1033 3246 Haeredibus
1048 3215 1166 3254 nostris,
1184 3215 1293 3247 Rarum

236 3252 271 3283 &
283 3251 412 3282 Firmum
423 3251 538 3289 habere,
558 3253 592 3283 &
605 3252 768 3291 habituros,
787 3254 923 3291 quicquid
944 3264 994 3294 per
1008 3254 1101 3285 dietos
1119 3253 1293 3285 Procurato—

237 3300 300 3327 τες,
318 3289 351 3320 &
372 3288 507 3320 Nuncios
520 3290 631 3320 nostros
643 3314 654 3329 ,
670 3293 704 3323 «Sc
719 3291 803 3322 Duos
817 3302 934 3329 eorum,
951 3292 1096 3330 Gestum,
1115 3293 1240 3331 Actum,
1258 3295 1292 3324 δε

240 3328 383 3395 Εαέὶυςῑὲ,
408 3327 454 3357 seu
470 3329 554 3358 etiam
572 3327 760 3360 Procuratum
773 3354 783 3368 ,
808 3330 890 3361 fuerit
911 3332 940 3360 in
959 3330 1104 3371 praemiffis
1118 3332 1152 3363 ὃς
1165 3332 1294 3370 quolibet

240 3376 342 3406 praemi
366 3375 459 3396 orum.

275 3404 311 3436 In
326 3405 419 3442 cujus,
437 3404 497 3435 &c.

315 3441 385 3474 Dat.
403 3441 477 3480 apud
492 3442 687 3482 Wyndesore,
704 3443 820 3475 decimo
833 3444 939 3477 octavo
951 3446 997 3477 die
1010 3446 1121 3487 Aprilis.

243 3519 460 3583 COnfimiles
481 3518 587 3550 Literas
605 3519 817 3551 procuratorias
839 3521 943 3552 habent
965 3523 1093 3560 praediCti
1107 3548 1117 3562 ,
1142 3523 1300 3562 Episcopus

322 3559 356 3590 &
369 3558 515 3596 Comites,
531 3567 564 3587 ac
577 3558 750 3596 Reginaldus
765 3560 802 3590 de
813 3558 950 3590 Cobham
960 3583 969 3598 ,
983 3561 1155 3593 Willielmus
1170 3562 1301 3593 deTrus-

244 3597 297 3635 sel,
313 3598 346 3628 &
366 3595 527 3627 Nicholaus
547 3596 583 3626 de
602 3596 627 3626 la
646 3595 738 3627 Beche
752 3620 762 3635 ,
780 3597 906 3636 Milites,
927 3598 1081 3638 Quinque,

245 3635 319 3666 Tres
333 3645 434 3666 eorum
451 3636 588 3673 (quorum
602 3634 687 3664 Duos
699 3634 735 3665 de
752 3637 870 3672 praefatis
881 3661 892 3674 ,
915 3636 1057 3676 Episcopo
1073 3639 1106 3669 &

248 3673 315 3704 Rex
328 3674 389 3705 vult
400 3673 457 3704 esse
471 3673 594 3712 Duos,)
614 3670 674 3707 &a
691 3680 721 3703 ut
729 3673 825 3712 supra.

285 3711 321 3743 Iri
333 3714 427 3750 cujus,
446 3713 506 3743 &c.

324 3750 392 3782 Dat.
412 3760 442 3782 ut
455 3750 539 3790 supra.

1135 3609 1249 3638 uatuor,
1267 3601 1300 3631 &

1150 3639 1285 3669 omitibus
1293 3662 1303 3678 ,

390 3886 437 3919 De
461 3883 598 3927 l‘otejsffate
614 3884 658 3917 ad
671 3883 866 3917 tratiandum
878 3885 969 3932 sitper
986 3886 1175 3934 Alltgantiis.

110 3972 237 4005 spinal),
257 3967 388 4022 REX
411 3969 579 4008 Univerfis,
597 3970 742 4011 praesentes
756 3969 862 4000 Literas
877 3968 1054 4008 inspecturis,
1070 3970 1202 4002 Salutem.

137 4020 223 4053 1337,
352 4006 449 4050 Sciatis
464 4009 644 4053 qluod'Nosss
713 4048 718 4052 Ι
744 4047 753 4055 Α
892 4047 898 4053 ⁴
975 4031 979 4035 s
1077 4047 1087 4056 Α
1269 4049 1294 4055 Ν

111 4056 163 4079 An.
183 4061 225 4088 ii.
259 4080 264 4086 ,
294 4042 344 4073 De
361 4047 616 4090 ciicuniipeffione
638 4045 757 4092 provida
776 4047 810 4078 &
827 4046 958 4091 fidelitate
974 4047 1091 4085 probata
1100 4070 1116 4091 ,Ι
1135 4046 1307 4080 Venerabilis

112 4093 140 4117 E.
162 4099 187 4126 3¹
257 4090 288 4123 in
302 4081 419 4125 Cbristo
430 4082 535 4125 Patris,
552 4086 594 4116 H.
613 4085 815 4130 Lincolmensis
828 4084 982 4124 Episcopi,
1008 4095 1060 4125 ac,
1077 4085 1259 4118 Dilectorum
1271 4087 1306 4117 ὃς

112 4127 175 4156 zbia.
259 4118 396 4151 Fidelium
416 4120 578 4155 nostrorum
591 4148 601 4162 ,
627 4124 778 4157 Willielrru
798 4124 835 4156 de
858 4123 963 4156 Monte
981 4123 1078 4157 Acuto
1090 4147 1101 4163 ,
1124 4124 1222 4155 Sarum
1237 4149 1247 4162 ,
1270 4125 1304 4156 ὃς

1288 229 1754 275 PUBLICA.

1279 313 1428 389 ggsslrlliteelbrni
1442 314 1478 345 de
1493 314 1641 354 Clynton,
1659 318 1912 359 Huntyngdoniae,
1929 321 2083 352 Comitum
2095 344 2105 359 ,
2123 321 2246 359 plenarie
2259 331 2330 351 con·
2349 321 2481 400 A1n3n3.7D.

1319 390 1363 432 Ad
1378 390 1554 434 ti‘ad‘candum
1570 392 1848 435 &concordandum
1867 407 1933 427 cum
1949 396 2172 435 quibuscumque
2184 397 2331 436 Personis,
2352 404 2415 429 Edv.
2438 412 2464 437 3.

1279 426 1436 471 Nobilibus
1448 430 1481 460 ὃς
1498 429 1680 473 Potentibus,
1696 442 1729 462 ac
1742 433 1816 471 aliis,
1834 444 1918 471 prout
1933 436 2063 473 expedire
2078 436 2217 474 viderint,
2235 436 2271 466 de
2280 436 2332 467 Al-

1282 465 1403 505 ligantiis
1416 467 1448 496 &
1463 467 1485 495 F
1487 468 1645 507 oederibus,
1665 471 1735 499 inter
1751 471 1819 502 Nos
1834 474 1866 503 ὃς
1880 473 1946 510 ipsas
1959 474 2101 512 ineundis,

1281 504 1467 573 neffd&riisque
1489 505 1619 537 Personas
1639 508 1788 539 nobiscum
1815 519 1913 541 contra
1933 511 2042 542 Gentes
2060 513 2248 552 quascumque
2270 513 2336 544 reti-

1359 553 1374 572 U
1416 565 1426 580 >

1321 580 1370 610 De
1385 580 1408 610 F
1410 580 1486 611 eodis
1502 582 1534 612 &
1549 581 1644 613 Vadiis
1657 585 1907 624 conveniendum,

1320 618 1558 662 Securitatemque
1579 631 1596 650 a
1618 620 1747 665 Personis
1767 624 1906 660 praedhstis
1920 649 1930 662 ,
1953 625 1989 656 dc
2009 625 2138 657 faciendo
2161 628 2243 658 nobis
2257 626 2335 666 quod

1280 656 1443 702 debebunt,
1455 666 1532 695 Juxta
1543 658 1665 703 formam
1680 661 1892 700 Alligaiitiarum
1907 663 1941 693 &
1956 664 2164 696 Retentionum
2187 667 2332 705 hujusmo-

1281 695 1328 733 di,
1347 695 1501 733 petendum
1515 697 1548 726 &
1561 698 1752 736 recipiendum

1318 733 1366 777 ‘Ac
1382 743 1430 771 ea,
1451 743 1514 771 quae
1527 734 1564 764 sic
1576 734 1728 779 Tradtata,
1746 721 1946 777 Concordata,
1959 740 1992 770 ὃς
2002 740 2092 779 Aeta,
2106 741 2210 772 fuerint
2223 743 2252 772 in
2260 751 2335 780 prae-

1283 771 1388 810 millis,
1407 781 1588 810 quacumque
1604 772 1734 804 firmitate
1748 775 1926 814 vallandum,

1316 810 1367 854 ⁴Ac
1382 812 1479 853 onmia
1495 811 1528 842 δε
1541 811 1644 855 lingula
1658 812 1776 843 faciendi
1785 823 1848 850 quae
1862 816 1891 844 in
1906 815 2050 852 praemiffis
2062 818 2211 849 necessaria
2225 818 2337 856 fuerint,

1285 856 1369 878 etiam
1381 851 1399 878 11
1417 848 1586 879 Mandatum
1602 859 1713 888 exigant
1727 852 1842 888 speciale
1851 874 1860 889 ‚

1324 886 1490 925 praedietis,
1515 886 1658 931 Episcopo
1680 890 1714 919 &
1735 889 1901 920 Comitibus
1917 914 1927 928 ‚
1952 901 1984 921 ac
2002 891 2125 922 Duobus
2145 904 2245 924 eorum
2257 919 2266 932 ,
2286 895 2345 932 ple-

1288 934 1354 954 nam
1370 948 1380 963 ,
1398 934 1496 956 tenore
1514 927 1691 964 praesentium
1706 950 1716 966 ,
1731 929 1939 959 committimus
1960 931 1993 960 &
2014 931 2196 961 concedimus
2220 933 2348 963 Potesta-

1289 971 1362 994 tem·

1328 987 1528 1033 Piomittentes
1551 1012 1605 1040 pro
1621 1003 1720 1034 Nobis
1733 1026 1743 1042 ,
1760 1004 1793 1035 &
1807 1003 1978 1036 Haeredibus
1991 1005 2109 1044 nostris,
2128 1006 2252 1047 Rarum,
2273 1009 2348 1041 Gra-

1291 1048 1370 1082 tum,
1388 1042 1420 1071 &
1445 1040 1591 1083 Firmum,
1610 1044 1745 1080 perpetuis
1765 1044 1956 1081 temporibus,
1975 1044 2118 1075 habituros
2140 1047 2276 1084 quicquid
2299 1057 2348 1085 per

1291 1077 1382 1108 dictos
1399 1100 1409 1116 ,
1434 1077 1609 1116 Episcopum
1630 1081 1663 1110 &
1686 1079 1837 1118 Comites,
1864 1081 1897 1111 δε
1922 1081 2007 1112 Duos
2025 1093 2144 1121 eorum,
2164 1084 2350 1123 Tractatum,

1291 1116 1510 1184 CQRCOsdssmm
1523 1140 1532 1155 ,
1556 1118 1590 1148 ὃς
1613 1117 1739 1157 Actum,
1757 1119 1838 1150 fuerit
1858 1120 1886 1149 in
1906 1121 2068 1159 praemiffis,
2088 1124 2120 1152 ὃς
2137 1123 2264 1160 quolibet
2279 1134 2351 1161 prae-

1294 1164 1333 1185 mi
1359 1165 1461 1185 orum:

2257 242 2335 288 165

1333 1193 1476 1223 Omnibus
1497 1193 1555 1223 aliis
1577 1193 1835 1225 Commissionibus
1852 1218 1862 1232 ,
1880 1196 1923 1226 seu
1940 1195 2161 1236 Procuratoriis,
2180 1198 2303 1229 Dilecstis
2317 1199 2351 1230 &

1296 1231 1436 1262 Fidelibiis
1458 1232 1559 1262 nostris
1574 1256 1583 1269 ,
1603 1231 1730 1270 Johanni
1752 1233 1787 1263 de
1811 1233 1919 1264 Monte
1934 1234 2057 1265 Gomeri
2069 1261 2078 1273 ,
2097 1239 2130 1267 δ’(
2146 1237 2288 1275 Magistro
2301 1237 2355 1276 Jo-

1295 1271 1381 1300 hanni
1396 1270 1557 1308 Wauwayn
1571 1294 1580 1308 ,
1606 1269 1759 1302 Canonico
1776 1271 1975 1311 Derlyngton,
1994 1274 2038 1303 vel
2059 1275 2116 1303 aliis
2132 1270 2357 1314 quibuscumque

1296 1308 1441 1376 PeIrsonis',
1459 1319 1527 1378 pezc
1522 1308 1590 1339 Nos
1604 1308 1700 1348 fastis,
1719 1311 1749 1340 in
1764 1310 1814 1340 suo
1828 1311 1932 1341 robore
1946 1311 2147 1343 nichilominus
2161 1314 2306 1345 duraturis.

1349 1357 1367 1376 n
1383 1357 1477 1385 quuS,
1530 1357 1555 1378 c.

1371 1385 1439 1416 Dat.
1458 1385 1531 1423 apud
1543 1385 1740 1425 Wyndesore,
1756 1385 1872 1417 decimo
1882 1397 1963 1418 nono
1975 1388 2020 1418 die
2035 1388 2148 1426 Aprilis.

1360 1461 1512 1492 Onsimiles
1534 1462 1642 1492 Literas
1664 1462 1873 1493 Procuratorias
1894 1464 1998 1496 habent
2020 1464 2164 1503 praedicti,
2184 1465 2358 1504 Episcopus,

1377 1502 1410 1531 ὃς
1425 1499 1571 1538 Comites,
1588 1511 1621 1530 ac
1636 1500 1806 1539 Reginaldus
1819 1501 1855 1531 de
1869 1501 2025 1541 Cobham,
2040 1504 2211 1534 Willielmus
2226 1505 2360 1542 Trnii'ell,

1301 1538 1334 1568 δε
1356 1537 1516 1569 Nicholaus
1535 1538 1571 1568 de
1589 1539 1614 1568 la
1628 1538 1738 1577 Beche,
1757 1538 1880 1579 Milites,
1900 1541 2053 1579 Qiinque,
2128 1551 2227 1579 atuor,
2241 1542 2360 1572 &Tres

1301 1586 1403 1606 eorum
1426 1579 1561 1613 (quorum
1578 1576 1663 1606 Duos
1684 1577 1721 1606 de
1736 1578 1855 1614 praefatis
1888 1578 2031 1616 Episcopo
2046 1581 2078 1611 ὃς
2093 1581 2258 1611 Comitibus
2293 1579 2360 1610 Rex

1303 1614 1363 1645 vult
1377 1614 1434 1644 ess'e
1449 1615 1543 1650 Duos)
1558 1615 1593 1644 ad
1606 1615 1803 1645 Tractandum
1812 1638 1822 1653 ,
1841 1601 1902 1651 &a
1921 1624 1952 1645 ut
1960 1616 2054 1656 fitpra.
2266 1605 2276 1619 ³

1341 1651 1374 1681 In
1389 1654 1482 1691 cujus,
1503 1654 1564 1684 &c.

1377 1690 1447 1721 Dat.
1463 1701 1493 1722 ut
1507 1691 1595 1729 supra.

1307 1813 1335 1839 ³&
1360 1814 1419 1849 Ad
1446 1812 1641 1848 imitandum
1667 1825 1736 1846 cum
1759 1813 1906 1847 flandria
1927 1817 2039 1848 comite
2056 1816 2148 1863 ficper
2167 1816 2362 1864 Sponfizlibus.
2382 1823 2397 1839 ⁴¹
2416 1824 2470 1850 IV.

1307 1899 1435 1957 REX
1461 1898 1628 1936 Universis,
1645 1898 1791 1935 praesentes
1805 1898 1909 1930 Literas
1923 1900 2102 1939 inspecturis,
2119 1902 2254 1934 Salutem.
2453 1922 2458 1927 ·
2475 1897 2517 1929 D·

1401 1939 1498 1969 Sciatis
1513 1937 1593 1975 quod
1605 1936 1693 1975 Nos,
2406 1945 2491 1976 1337.

1345 1976 1394 2007 De
1409 1976 1665 2014 circumspectione
1678 1973 1797 2014 provida
1809 1976 1842 2006 ὃς
1856 1975 1987 2008 fidelitate
2002 1977 2134 2016 probata,
2149 1978 2322 2010 Venerabilis
2339 1982 2369 2011 in
2386 1981 2437 2005 Aa.
2457 1987 2466 2004 ¹
2476 1986 2499 2004 1-

1309 2013 1427 2047 Christo
1442 2015 1548 2052 Patris,
1565 2014 1607 2044 H.
1624 2013 1827 2044 Lincolnienlis
1843 2013 1993 2053 Episcopi,
2011 2026 2061 2054 ac,
2081 2016 2265 2048 Dilectorum
2279 2019 2313 2049 &
2324 2019 2370 2048 Fi-
2388 2023 2413 2042 Ε.
2437 2027 2462 2051 3-

1310 2053 1416 2084 delium
1436 2053 1600 2083 nostrorum
1613 2076 1622 2091 ,
1647 2051 1796 2081 Willielmi
1811 2052 1847 2082 de
1862 2052 1967 2084 Monte
1981 2054 2093 2093 Acuto,
2110 2055 2228 2093 Sarum,
2246 2057 2279 2086 &
2293 2057 2373 2086 Wil-
2387 2058 2443 2082 Pae.
2461 2062 2501 2080 ¹1-

1308 2092 1397 2123 lielrni
1411 2092 1448 2122 de
1462 2091 1611 2131 Clynton,
1629 2089 1876 2130 Huntingdoniae,
1895 2091 2067 2131 Comitum,
2087 2094 2210 2132 plenarie
2223 2094 2372 2125 confiden-
2389 2097 2417 2119 E·
2441 2101 2465 2128 3·

1312 2139 1353 2162 tes
2387 2137 2412 2168 p.
2432 2140 2455 2157 ι.
2464 2139 2500 2157 m.

1350 2155 1398 2200 Ad
1411 2167 1607 2200 TraCtandum
1621 2167 1655 2199 &
1671 2166 1919 2199 concordandum
1933 2178 2016 2207 cum,
2036 2170 2141 2200 Nobili
2157 2172 2221 2202 viro
2237 2195 2247 2210 ,
2265 2171 2374 2203 Domi·
2392 2178 2433 2206 ¹3-

1314 2218 1355 2240 no
1372 2208 1535 2239 Lodowico
1550 2231 1559 2244 ,
1575 2206 1696 2237 Comite
1710 2206 1849 2237 Flandriae
1863 2230 1872 2245 ,
1896 2209 1974 2245 super
1997 2209 2190 2247 Sponsalibus,
2209 2211 2254 2240 seu
2271 2211 2374 2241 Matri-

1314 2248 1434 2284 monio,
1452 2248 1524 2278 inter
1545 2245 1776 2285 Primogenitum
1797 2245 1866 2275 dieti
1886 2244 2010 2277 Comitis
2023 2271 2033 2285 ,
2056 2247 2261 2286 &johannam
2275 2249 2375 2280 Filiam
2401 2248 2405 2253 '

1315 2285 1442 2316 nostram
1457 2284 1640 2321 cariffimam,
1657 2283 1870 2321 contrahendis,
2169 2310 2173 2314 .

1350 2323 1422 2354 Nec
1442 2334 1504 2355 nori
1524 2325 1603 2361 super
1623 2322 1704 2353 Dote
1717 2345 1727 2361 ,
1751 2321 1797 2352 seu
1817 2321 1960 2354 Dotalitio
1974 2347 1984 2362 ,
2007 2333 2041 2355 ac
2057 2323 2243 2364 Donatione,
2261 2334 2377 2365 propter

1315 2362 1440 2401 Nuptias
1453 2364 1483 2392 in
1495 2362 1549 2392 hfic
1563 2370 1640 2400 parte
1653 2360 1701 2391 affi
1721 2361 1836 2400 nandis,

1354 2401 1394 2432 Et
1415 2400 1449 2432 ad
1471 2411 1503 2432 ea
1517 2424 1526 2439 ,
1550 2410 1614 2438 quae
1630 2399 1667 2430 fic
1718 2400 1821 2430 raecata
1839 2400 1872 2430 &
1887 2399 2073 2431 Concordata
2086 2401 2207 2441 fuerint,
2220 2402 2378 2440 Juramenti

1315 2439 1530 2477 interpositione
1544 2462 1554 2477 ,
1577 2438 1658 2468 Fidei
1679 2438 1832 2469 donatione
1844 2460 1855 2477 ‚
1879 2439 1926 2469 seu
1946 2438 1998 2469 alia
2021 2439 2202 2479 quficumque
2225 2439 2355 2472 firmitate
2370 2464 2382 2479 ‚

1318 2478 1478 2510 vallandum
1492 2478 1524 2508 ὃς
1541 2476 1728 2514 firmandum,

1355 2516 1502 2547 Praedieiis
1515 2539 1525 2554 ,
1551 2515 1694 2553 Episcopo
1719 2515 1752 2545 &
1775 2514 1939 2545 Comitibus
1952 2537 1962 2553 ,
1984 2524 2016 2546 ac
2038 2515 2163 2546 Duobus
2184 2527 2303 2555 eorum,
2322 2518 2382 2555 ple-

1318 2565 1387 2586 nam
1402 2578 1412 2593 ,
1437 2563 1536 2586 tenore
1555 2553 1733 2591 praesentium
1748 2576 1759 2592 ,
1785 2554 1992 2584 committimus
2005 2555 2039 2585 &
2053 2555 2238 2586 concedimus
2255 2555 2384 2586 Potesta-

1321 2603 1396 2625 tem:

1359 2631 1562 2662 Promittentes
1577 2640 1630 2668 pro
1645 2630 1761 2668 Nobis,
1779 2631 1811 2661 δε
1827 2629 1996 2661 Haeredibus
2011 2630 2130 2668 nostris,
2148 2630 2216 2661 Nos
2225 2631 2330 2662 Ratum
2346 2633 2380 2663 ὃς

1323 2670 1463 2708 Gratum,
1481 2670 1615 2708 quatenus
1630 2669 1663 2699 ad
1678 2669 1745 2699 Nos
1761 2670 1893 2707 pertinet,
1913 2669 2055 2699 habituros
2068 2670 2202 2707 quicquid
2219 2680 2268 2707 per
2284 2671 2384 2708 praefa-

1322 2718 1385 2747 tos,
1403 2708 1577 2749 Episcopum
1592 2709 1625 2738 &
1641 2708 1788 2744 Comites,
1807 2709 1841 2738 &
1858 2706 1942 2737 Duos
1957 2717 2075 2746 eorum,
2095 2707 2262 2738 Trachtum
2272 2731 2282 2747 ,
2299 2708 2369 2739 Con

1316 2748 1495 2785 cordatum,
1513 2747 1558 2777 vel
1574 2746 1700 2785 Actum,
1718 2747 1800 2777 fuerit
1814 2747 1843 2775 in
1857 2745 2011 2783 praemiffis.

1362 2785 1396 2816 In
1405 2785 1594 2862 'Tudilzse’gcege
1605 2823 1679 2861 apud
1691 2823 1735 2853 W
1736 2822 1888 2862 yndesore,
1906 2821 2020 2852 decimo
2037 2831 2118 2852 nono
2133 2821 2179 2853 die
2191 2822 2304 2860 Aprilis.

1388 2899 1539 2930 Onfimiles
1558 2899 1664 2928 Literas
1679 2898 1886 2928 procuratorias
1897 2897 2001 2928 habent
2014 2897 2159 2936 praediffl,
2178 2898 2334 2936 Episcopus
2350 2900 2381 2930 &

1403 2938 1551 2976 Comites,
1570 2947 1602 2967 ac
1618 2936 1788 2976 Reginaldus
1803 2936 1839 2965 de
1853 2935 2004 2974 Cobham,
2022 2936 2192 2967 &Villielinus
2207 2938 2236 2967 Τ
2240 2950 2244 2966 ι
2254 2938 2318 2967 uriel
2327 2961 2336 2975 ,
2352 2939 2385 2967 &

1328 2976 1489 3006 Nicholaus
1505 2976 1540 3005 de
1556 2976 1579 3005 la
1594 2974 1703 3012 Beclie,
1721 2974 1843 3011 Milites,
1863 2975 2018 3013 Quinque,
2038 2975 2187 3014 Qatuor,
2200 2978 2233 3006 &
2248 2976 2320 3005 Tres
2336 2985 2386 3004 eo-

1330 3025 1395 3045 rum
1418 3016 1553 3052 (quorum
1574 3013 1658 3043 Duos
1680 3013 1716 3043 de
1737 3013 1856 3050 praefatis
1870 3037 1878 3051 ,
1906 3012 2049 3050 Episcopo
2071 3017 2103 3044 ὥς
2121 3013 2301 3050 Comitibus,
2321 3014 2386 3043 Rex

1331 3054 1392 3084 vult
1408 3053 1465 3083 esse
1483 3051 1579 3089 Duos)
1593 3051 1628 3082 ad
1643 3051 1820 3083 tractandum
1834 3052 1867 3082 ὅ(
1883 3051 2139 3090 concordandum,
2158 3059 2189 3080 ut
2201 3050 2294 3090 Jiaepra.

1370 3090 1403 3120 In
1418 3093 1515 3129 cujus,
1534 3091 1596 3121 &c.

1408 3129 1500 3159 Teste
1515 3138 1546 3160 ut
1559 3129 1645 3168 supra.

1379 3259 1437 3289 Pro
1457 3252 1580 3288 Roberto
1604 3253 1641 3287 de
1664 3257 1792 3304 Artoys,
1818 3253 1853 3287 de
1867 3256 2001 3288 Licentt‘a
2019 3255 2055 3291 ὠ·
2074 3255 2193 3286 Pavore
2201 3255 2344 3300 gratiosa

2403 3336 2480 3368 Ann.
2494 3338 2538 3370 D;

1340 3343 1396 3397 R
1437 3378 1588 3417 Volentes,
1608 3378 1757 3409 Diletstum
1779 3377 2032 3414 Consanguineum
2052 3376 2181 3407 nostrum
2199 3400 2208 3415 ,
2224 3376 2389 3407 Robertum
2433 3385 2517 3415 1337.

1337 3417 1374 3448 de
1395 3418 1515 3457 Artoys,
1533 3417 1640 3448 Favore
1662 3416 1790 3454 prosequi
1812 3415 1949 3455 gratioso,
1967 3416 2001 3446 ὃ(
2023 3416 2080 3453 ejus
2101 3415 2235 3445 securitati
2251 3416 2283 3446 &
2300 3416 2388 3453 quieti
2405 3419 2455 3442 Aa.
2479 3427 2517 3445 ιι.

1340 3456 1516 3495 prospicere,
1534 3465 1565 3486 ut
1580 3465 1727 3493 tenemur,
2190 3491 2204 3496 ..
2406 3458 2433 3480 Ε.
2458 3464 2483 3490 3.

1377 3494 1406 3525 C
1415 3505 1434 3525 0
1445 3503 1466 3524 N
1476 3504 1493 3524 c
1502 3503 1519 3523 E
1530 3503 1542 3524 s
1553 3503 1565 3524 s
1575 3501 1651 3524 ΙΜυ
1661 3503 1673 3524 s
1694 3494 1719 3523 ei
1737 3491 1817 3531 quod
1833 3491 1894 3529 Ipse
1913 3492 1942 3522 in
1959 3491 2103 3521 Domibus
2114 3492 2148 3522 ὃς
2162 3491 2217 3521 aliis
2234 3490 2391 3529 AEdificiis,
2408 3496 2464 3519 Par.
2478 3503 2520 3521 11.

1341 3532 1413 3563 infra
1433 3532 1533 3563 Castra
1556 3531 1650 3562 nostra
1668 3531 1705 3561 de
1725 3530 1886 3561 Guldeford
1900 3552 1910 3568 ‚
1934 3529 2126 3570 Walyngford
2142 3552 2151 3567 ,
2171 3530 2203 3559 δε
2217 3528 2391 3568 Somerton,
2407 3534 2434 3556 E,
2457 3541 2483 3567 3.
2498 3538 2526 3568 p.

1344 3573 1473 3609 quotiens
1491 3570 1581 3608 ipsum
1600 3571 1634 3600 ad
1654 3569 1751 3600 Castra
1770 3569 1813 3598 illa
1827 3593 1837 3606 ,
1852 3568 1897 3599 vel
1910 3578 2008 3598 eorum
2022 3566 2154 3605 aliquod,
2171 3567 2253 3597 causa
2269 3568 2394 3598 Recrea-
2411 3578 2434 3597 1.
2450 3578 2524 3604 m.9.

1343 3611 1427 3640 tionis
1448 3609 1494 3640 vel
1516 3608 1774 3638 Perhendinationis
1794 3606 1901 3637 ibidem
1921 3605 2129 3643 faciendarum,
2147 3605 2284 3636 declinare
2301 3608 2395 3637 conti-

1343 3650 1430 3687 gerit,
1449 3657 1516 3678 cum
1532 3647 1665 3685 Familia,
1683 3646 1787 3684 Equis,
1805 3646 1837 3675 &
1852 3645 1992 3674 Hernesiis
2005 3645 2070 3682 suis,
2088 3643 2234 3681 hospitari,
2253 3645 2285 3675 ὃ(
2301 3646 2330 3674 in
2345 3646 2398 3675 eis-

1344 3687 1411 3717 dem
1431 3687 1466 3717 ad
1486 3686 1596 3716 libitum
1616 3686 1695 3715 suum
1712 3684 1839 3720 morari,
1858 3693 1890 3713 ac
1902 3682 2047 3713 Estoveria
2059 3682 2121 3721 sua,
2138 3692 2191 3720 pro
2207 3682 2278 3714 salva
2293 3682 2400 3714 Custo—

1344 3725 1392 3756 dia
1404 3724 1591 3760 eorumdem,
1609 3725 1637 3753 in
1652 3723 1733 3752 dietis
1748 3720 1854 3751 Castris
1868 3730 1990 3758 ponere,

1384 3763 1423 3793 Et
1436 3764 1519 3794 etiam
1535 3762 1614 3799 quod
1630 3762 1658 3790 in
1675 3760 1766 3790 Pareo
1782 3758 1880 3789 nostro
1895 3760 1930 3789 de
1950 3758 2112 3789 Guldeford
2134 3758 2229 3798 fugare
2243 3783 2251 3798 ,
2271 3761 2303 3792 ὃς
2319 3760 2404 3790 Feras

1346 3812 1461 3840 capere,
1480 3801 1514 3830 &
1525 3800 1661 3838 asportare
1675 3798 1773 3836 posiit,
1789 3805 1873 3839 prout
1884 3820 1893 3834 ,
1911 3799 1944 3828 ὃς
1958 3797 2070 3835 quando
2085 3797 2134 3827 sibi
2154 3799 2288 3835 placuerit
2302 3823 2313 3837 ,
2338 3798 2402 3829 L1-

1347 3846 1545 3871 CENTIAM
1571 3838 1769 3867 DEDIMUS
1796 3836 1950 3873 specialem.

1425 3878 1457 3908 ln
1472 3877 1564 3914 cujus,
1579 3877 1639 3906 &c.
1685 3879 1688 3881 “

1385 3916 1475 3948 Teste
1490 3914 1572 3953 Rege
1586 3912 1659 3952 apud
1670 3911 1976 3949 VVestmonasterium‚
1991 3912 2127 3943 vicesimo
2140 3913 2224 3945 tertio
2236 3913 2282 3944 die
2290 3913 2393 3952 Aprilis

1442 3339 1473 3371 X
1499 3340 1661 3377 Omnibus,
1678 3339 1712 3369 ad
1726 3350 1815 3378 quos,
1830 3340 1890 3370 ἃς.
1908 3338 2041 3369 Salutem.

1853 3990 1906 4019 Per
1920 3990 2012 4018 Breve
2025 3988 2058 4019 de
2073 3990 2191 4021 Privato
2201 3989 2298 4029 Sigillo.

1818 4160 1888 4199 X3
2362 4161 2407 4190 De
