2562 4279
130 120 182 172 56

0 202 109 234 lnn.D.
128 202 197 236 <lem
220 202 327 235 nostr-as
347 203 448 234 litteras
470 200 675 240 Aequietantiae
694 198 731 232 de
750 200 851 232 eadem
865 197 1003 238 Summa,
1023 208 1090 238 quas
1102 198 1186 231 vobis

0 250 86 281 1331.
130 244 267 274 mittimus
282 253 330 280 per
344 242 468 272 eosdem.

1 283 46 307 aev.
68 289 94 317 3·
163 318 231 350 Dat.
245 317 317 356 apud
331 317 458 348 Westm.
474 310 650 348 duodecimo
662 314 708 347 die
716 311 849 354 Januarii.

123 449 183 480 Pro
207 443 348 477 Arnaldo
371 441 531 476 Cardinali
554 468 564 485 ,
589 441 681 489 stcper
705 441 917 489 ‘Thesauraria
940 440 976 482 έν
1006 438 1186 484 Praebenda,

507 491 681 536 Ratficatio
697 494 795 540 Regis.

0 577 52 597 ⁵nn.
65 566 106 597 D.

2 616 15 636 1
24 614 55 646 33
64 615 86 636 1.

0 656 24 673 '³-
39 656 68 680 4·
141 655 224 693 ratia,
240 655 336 685 Sancti
348 653 491 686 Eustachii
506 654 658 685 Diaconus
671 654 845 694 cardinalis,
861 656 946 686 habet
959 655 988 684 in
1003 652 1187 684 Thesauraria

0 704 3 709 ·
25 692 52 719 3·
147 694 256 724 cclesiae
275 694 362 723 beatae
383 692 485 724 Mariae
508 693 625 730 Sarum,
643 693 677 724 ὃς
701 694 731 723 in
753 693 912 724 Praebenda
924 692 961 724 de
973 691 1081 728 Calne,
1099 692 1127 720 in
1141 690 1188 720 ea-

126 575 243 635 REX
263 576 426 616 Omnibus,
445 575 482 608 ad
498 586 571 616 quos
583 576 647 621 &c-
665 576 801 608 Salutem.
878 616 883 623 .
1180 613 1186 620 .

221 617 351 653 Statum,
370 626 475 654 quem,
493 615 659 648 venerabilis
673 615 771 655 Pater,
790 616 938 648 Dominus
950 614 1108 652 Arnaldus,
1126 612 1187 644 Dei

0 728 29 748 '²'
44 731 73 757 4·
121 732 188 762 dern
202 731 346 770 Ecclesia,
363 741 399 762 ex
413 731 578 763 Provifione
593 730 673 762 Sedis
686 731 712 762 A
754 732 876 770 stolicae,
895 739 1033 770 quantum
1053 730 1083 759 in
1102 729 1186 759 nobis
1201 737 1206 739 ⁴

0 766 104 796 ¹3·P·²··
121 770 181 808 est,
199 769 400 809 Ratificamus,
419 768 619 811 Approbatnus
653 770 688 802 &
753 770 931 801 nfirmamus:

3 818 8 823 ·
32 807 74 833 ¹4·
159 810 178 828 *²
197 808 342 840 Nolentes
356 809 437 847 quod
473 809 601 840 raedidffls
646 808 791 848 ardinalis,
1093 839 1107 849 ,-

0 837 59 881 VIV·
156 847 297 879 Praetextu
319 848 432 886 alicujus
448 820 540 886 furis,
559 846 638 886 quod
658 848 740 878 nobis
761 848 923 884 competit,
950 846 1057 876 ratione
1075 843 1188 882 alicujus

0 884 36 910 '4‘
118 886 282 917 Vacationis
295 885 480 927 Episcopatus
492 886 590 917 Sarum
599 909 609 923 ,
627 887 657 915 in
673 885 810 916 Manibus
824 885 1066 923 Progenitorurn,
1087 892 1183 921 quon-

117 925 185 956 dam
198 924 319 963 Regum
336 925 465 964 Angliae,
484 924 530 955 seu
542 924 652 962 nostra,
672 924 829 961 existentis,

155 964 247 1002 Super
269 963 452 994 Thesauraria
472 964 517 994 seu
539 961 696 993 prebenda
714 962 878 1001 prcediffls,
911 962 958 992 seu
982 958 1160 1003 Posseffione
1175 983 1185 997 ,

118 1012 207 1041 quam
229 1003 313 1033 habet
336 1003 364 1032 in
386 1002 507 1039 eisdem,
526 1011 574 1042 per
591 1000 674 1039 Nos,
695 1002 741 1032 vel
756 1001 894 1032 Haeredes
908 998 1038 1037 nostros,
1055 1007 1101 1028 aut
1115 998 1182 1028 ahos

117 1041 334 1080 quoscumque,
352 1041 567 1078 occasionetur,
586 1039 753 1071 molestetur
767 1041 796 1071 in
811 1040 924 1079 aliquo,
942 1039 988 1070 seu
1006 1045 1146 1076 gravetur.

156 1117 192 1148 In
205 1119 301 1158 cujus,
317 1118 380 1149 &c.

155 1193 244 1239 Teste
266 1194 349 1234 Rege
372 1195 447 1234 apud
467 1192 758 1227 westmonasterium
775 1219 786 1233 ,
816 1192 934 1226 decimo
954 1199 1056 1231 quarto
1074 1190 1121 1222 die
1139 1190 1188 1229 Ja²

119 1242 217 1264 nuasll.

634 1313 687 1342 Per
699 1313 792 1341 Breve
804 1310 836 1340 de
852 1312 971 1340 Privato
983 1306 1080 1347 Sigillo.

269 1443 326 1473 vDe
342 1442 431 1473 Ponte
448 1441 538 1471 Novi
547 1436 661 1484 Templi
680 1434 834 1470 Londoniae
851 1431 1029 1483 reparando.

0 1545 47 1565 nn.
62 1534 104 1566 D.

243 1551 252 1564 *D

121 1525 236 1583 REX
270 1524 376 1554 dilecto
391 1523 460 1568 sibi,
472 1521 646 1567 Johannide
661 1522 767 1568 Pultenn
797 1532 831 1560 e,
851 1520 957 1566 Majori
973 1519 1105 1551 Civitatis
1128 1529 1187 1551 no-

195 1563 257 1594 strae
272 1562 458 1601 Londoniae,
474 1563 614 1593 Elcaetori
630 1564 680 1592 iuo
694 1571 723 1591 in
738 1571 771 1591 ea
791 1570 838 1591 em
855 1559 996 1597 Civitate,
1013 1558 1146 1590 Salutem.

0 1583 47 1614 133
55 1584 66 1604 1
74 1598 80 1604 .
199 1604 205 1609 ,

0 1624 67 1688 ῨζΫ
159 1602 445 1681 ἓιῐιὲῧίέεῗῑῖἓὲςυὸά
461 1639 638 1670 Communis
651 1638 797 1670 Tranfitus
811 1637 868 1668 effe
880 1635 981 1675 debet,
992 1645 1043 1680 Ρθῐῖ
1057 1635 1186 1666 medium

0 1690 58 1727 faus.
76 1700 94 1727 4
121 1678 218 1711 Curiae
242 1679 328 1710 Novi
341 1678 461 1716 Templi
476 1678 659 1716 Londoniae,
677 1677 763 1715 usque
776 1676 812 1707 ad
829 1676 944 1714 Aquam
956 1674 1109 1713 Tamlslaea
1126 1675 1187 1705 tam

23 1738 48 1766 3,
68 1713 105 1757 m]
122 1717 242 1750 Clericis
255 1718 291 1748 de
305 1716 480 1748 Cancellaria
495 1716 608 1755 nostra,
626 1718 659 1746 ὃς
672 1716 728 1746 aliis
744 1714 884 1745 Ministris
898 1713 1014 1751 nostris,
1033 1714 1120 1752 quam
1128 1713 1186 1743 aliis

121 1758 350 1795 quibuscumque
363 1780 372 1794 ,
396 1766 446 1797 per
466 1765 568 1792 aquam
591 1754 757 1792 praedictam
779 1753 871 1784 versus
890 1751 1185 1783 Westmonasterium

121 1797 220 1827 venire
232 1795 393 1828 volentibus
403 1817 412 1832 ,
429 1795 465 1824 ab
479 1794 555 1824 Ortu
567 1793 638 1823 Solis
651 1793 736 1831 usque
747 1791 782 1821 ad
796 1791 868 1822 Solis
884 1790 1047 1833 Occasum,

161 1834 253 1864 Vobis
275 1832 514 1870 mandaverimus,
533 1831 614 1869 quod
632 1831 731 1861 Portas
751 1829 870 1867 Templi
889 1828 1016 1866 praedieti
1038 1829 1128 1859 teneri
1142 1828 1183 1859 fa-

123 1874 222 1904 ceretis
244 1872 378 1909 Apenas,
397 1881 449 1908 pro
470 1871 581 1900 transitu
602 1869 785 1900 Clericorum
810 1868 843 1899 &
864 1867 1066 1898 Ministrorum
1079 1867 1183 1906 praedi-

122 1912 252 1949 ciorum,
274 1910 342 1940 sicut
355 1918 420 1940 ante
434 1910 497 1939 haec
511 1918 641 1946 tempora
656 1908 715 1938 fieri
734 1907 895 1938 consuevit:

154 1949 279 1988 Jamque
297 1947 512 1978 intellexerimus
532 1947 611 1985 quod
636 1947 714 1977 Pons
756 1955 805 1984 per
828 1955 916 1984 quem
929 1944 1075 1976 Transitus
1088 1944 1123 1975 ad
1138 1943 1181 1975 A-

119 1997 206 2055 qpain
227 1987 409 2056 pnieidistam,
427 1987 455 2016 in
464 1985 554 2054 P{lidia
575 1970 943 2054 Ουτίᾒῒεᾶεῗωόςίῐὲῑυξρε
952 1983 1185 2052 ἕίοηῇἰιὲυεῶεέὶ-ἰ

119 2031 280 2095 ἕζίιεξὲἰεᾛυέζ
302 2033 557 2107 ὣοίἷιὶίίξῑῗῐῖιᾳίὶῗίεἷ
573 2032 951 2107 §curralii9rtzfflci'minitisll'ael3
971 2032 1075 2100 aqgalm
1098 2060 1185 2099 usque

117 2101 407 2133 westmonasterium
422 2111 519 2132 venire
531 2100 653 2140 poffint,
671 2100 881 2139 impediuntur,

155 2141 240 2179 Nos,
259 2141 386 2172 volentes
400 2140 480 2179 super
491 2140 550 2171 hoc
565 2141 671 2178 apponi
692 2138 886 2177 Remedium,
904 2147 989 2182 prout
1011 2138 1113 2177 decet,
1131 2148 1187 2171 vo-

116 2181 159 2210 bis
183 2180 371 2217 Mandamus,
388 2179 468 2218 quod
490 2178 614 2209 Pontem
637 2177 1018 2220 praedidtumReparanone
1033 2179 1066 2208 δε
1078 2177 1186 2208 Emen-

117 2218 248 2257 datione,
268 2218 370 2256 quibus
384 2217 541 2248 necessario
557 2217 682 2256 indiget,
699 2216 735 2246 de
748 2216 877 2247 Exitibus
892 2217 1046 2247 Terrarum
1061 2216 1184 2247 &Red-

117 2256 247 2295 dituum,
265 2257 299 2287 ad
323 2257 484 2293 Templum
504 2255 570 2286 illud
593 2256 776 2294 spectantium
790 2279 800 2292 ,
819 2265 884 2292 quae
902 2255 965 2285 sunt
985 2256 1015 2285 in
1038 2254 1182 2286 Custodia

116 2294 228 2333 vestra,
245 2296 364 2333 reparari
387 2295 421 2325 ὃ(
444 2294 588 2325 emendari
609 2295 727 2331 faciatis,
746 2294 780 2324 &
803 2293 927 2331 Custus,
945 2303 1017 2332 quos
1032 2294 1110 2324 circa
1123 2294 1182 2324 hoc

118 2334 281 2371 posueritis,
298 2342 368 2364 cum
390 2333 454 2362 illos
472 2333 651 2370 sciverimus,
670 2333 771 2370 vobis,
786 2333 816 2362 in
837 2331 991 2370 Compoto
1014 2331 1128 2370 vestro,
1147 2331 1183 2363 de

118 2371 222 2403 eisdem
237 2372 382 2409 Exitibus,
400 2371 512 2402 allocari
526 2371 669 2401 faciemus.

156 2447 247 2491 Teste
268 2448 355 2486 Rege
376 2446 450 2485 apud
473 2444 764 2477 Westmonasteriurn
777 2469 787 2486 ,
812 2445 928 2478 decimo
948 2449 1049 2486 quinto
1069 2447 1115 2479 die
1135 2446 1185 2487 Ja-

119 2495 221 2517 nuaru.

807 2563 861 2594 Per
876 2563 957 2604 ipsum
975 2566 1078 2602 Regem.

150 2701 199 2732 Dc
222 2696 380 2731 tractando
401 2709 470 2730 cum
489 2699 566 2744 Rege
583 2698 712 2777 FraZciae
724 2694 815 2741 sitper
832 2693 981 2741 Requestis
999 2694 1067 2728 hinc
1085 2696 1153 2729 inde

590 2756 638 2777 tra
663 2754 723 2777 1115·

2 2854 53 2874 nn·
64 2843 108 2875 D·
119 2830 337 2892 UNiveffis,
355 2831 499 2869 praesentes
511 2830 629 2861 Litteras
642 2828 821 2869 inspecturis,
840 2828 1011 2868 Edwardus,
1029 2830 1090 2862 &c.
1105 2829 1184 2874 Salu-

0 2892 78 2958 [ἐξ
159 2879 417 2940 Adtrita-mendum
433 2907 616 2938 amicabilem
630 2905 798 2951 TraOcatum
958 2947 963 2952 ¹
1007 2947 1011 2952 Ι

42 2983 47 2988 .
157 2946 235 2978 Inter
255 2956 342 2990 nuper
365 2929 896 2989 Deputatos'per„Excellenti-sllmum
916 2946 1013 2977 Princi
1052 2956 1098 2985 m,
1114 2945 1181 2977 Do-

0 2970 34 3025 ,Ῑῗ
45 3009 74 3035 4,
122 2987 235 3017 minum
255 2985 427 3023 Phillippum
477 2983 535 3014 Dei
555 2983 641 3023 gratia
655 3007 664 3020 ,
691 2983 819 3014 Franciae
838 2983 952 3021 Regem
968 3008 977 3023 ‚
1002 2956 1182 3022 &asangm-

18 3047 42 3073 3‘
61 3044 86 3073 p,
119 3035 207 3055 neum
220 3023 351 3055 nostrum
367 3008 555 3059 carissimum,
573 3031 626 3062 pro
639 3022 700 3059 ipso
715 3021 848 3066 Domino
863 3022 942 3066 Rege
955 3033 989 3053 ex
1008 3032 1086 3061 parte
1107 3023 1180 3062 una,

16 3084 42 3103 η,
65 3064 152 3102 ,2,&
175 3062 311 3101 quosdam
329 3061 466 3092 Nuncios
487 3060 610 3097 nostros,
633 3060 666 3090 ad
688 3060 746 3090 hoc
767 3060 915 3098 specialiter
931 3062 1105 3099 Deputatos‚
1124 3072 1177 3099 pro

45 3098 50 3104 '
118 3102 200 3132 nobis
216 3110 250 3132 ex
263 3100 366 3138 altera,
382 3100 462 3137 super
475 3099 612 3138 aliquibus
627 3097 794 3136 Requestis,
814 3098 912 3130 Nobis
927 3110 976 3138 per
989 3100 1099 3131 dietum
1108 3100 1175 3131 Do-

118 3141 231 3170 minum
255 3140 389 3177 Regem,
407 3139 441 3169 &
462 3138 519 3168 aliis
539 3137 589 3167 fibi
611 3147 660 3174 per
682 3146 751 3172 nos,
769 3147 857 3174 nuper
874 3137 1008 3168 Ambiani
1022 3139 1089 3169 hinc
1105 3139 1172 3170 inde

116 3177 240 3215 traditis,
257 3188 290 3208 ac
310 3178 391 3216 super
408 3177 482 3214 aliis,
502 3177 576 3206 inter
595 3175 716 3206 eundem
739 3174 904 3206 Dominum
927 3176 1041 3215 Regem
1054 3178 1087 3208 &
1104 3177 1172 3208 Nos

116 3216 304 3247 reformandis
317 3238 328 3254 ,
349 3225 438 3253 nuper
457 3215 586 3246 habitum
603 3237 614 3253 ,
631 3214 664 3245 &
689 3223 736 3252 per
759 3213 872 3252 aliquod
894 3222 1006 3252 tempus
1025 3217 1175 3246 continua-

116 3262 180 3286 tum
1031 3263 1034 3267 '

155 3278 226 3323 N'ec
239 3303 298 3323 non
313 3292 347 3324 ad
364 3290 541 3323 trae-'tandum
555 3290 754 3327 amicabiliter,
769 3291 885 3320 nomine
898 3290 997 3321 nostro
1007 3315 1015 3328 ,
1024 3301 1091 3322 cum
1101 3301 1174 3329 prae-

114 3331 174 3362 fato
189 3332 326 3362 Domino
340 3331 426 3368 Rege
460 3331 506 3361 vel
522 3328 684 3366 deputandis
697 3329 733 3359 ab
744 3339 798 3367 eo,
814 3329 893 3366 super
913 3331 1047 3360 omnibus
1065 3330 1099 3360 &
1119 3331 1175 3361 sin-

116 3370 187 3407 gulis
203 3370 354 3408 Requestis
367 3355 523 3407 praetlietis,
542 3369 575 3399 δε
589 3378 633 3398 eas
645 3377 678 3397 ac
690 3376 785 3397 earum
804 3367 959 3405 quamlibet
979 3368 1173 3407 tangentibus,

113 3417 147 3438 ac
159 3409 237 3446 super
251 3410 308 3439 aliis
324 3410 395 3438 inter
408 3407 518 3437 dietum
531 3406 695 3436 Dominum
711 3405 824 3444 Regem
837 3407 871 3437 δε
887 3405 956 3436 Nos
971 3406 1172 3444 reformandis,

115 3445 152 3476 de
166 3448 265 3484 quibus
280 3448 361 3485 plena
374 3445 541 3476 Concordia
555 3444 686 3475 nondum
700 3445 788 3475 extitit
801 3444 964 3476 reformata:

152 3483 191 3515 Et
204 3485 237 3515 ad
251 3496 300 3522 ea,
320 3496 385 3523 quae
399 3485 509 3515 tractari
522 3484 555 3514 &
570 3482 738 3514 concordari
752 3484 925 3522 contiger'u,
940 3483 1059 3514 nomine
1073 3482 1173 3514 nostro

116 3521 287 3553 firmandum
302 3524 335 3554 &
350 3523 527 3560 vallandum‚

136 3599 140 3603 η
153 3560 197 3628 ΕΞ
203 3563 300 3592 onmia
312 3563 379 3601 alia,
397 3571 462 3600 quae
474 3562 550 3592 circa
564 3570 595 3591 ea
608 3559 760 3590 necessaria
774 3559 808 3590 ὃ(
828 3567 968 3597 oportuna
990 3559 1112 3598 fuerint,
1129 3560 1172 3590 fa-

115 3606 178 3627 cien
199 3609 246 3629 um

135 3623 284 3677 *Diieetbs
295 3639 328 3669 &
342 3638 449 3668 Fideles
462 3637 590 3675 nostros,
608 3636 779 3668 venerabiles
800 3635 911 3674 Patres,
930 3635 1022 3666 Adam
1043 3635 1087 3665 W
1088 3645 1172 3676 ygor-

112 3675 236 3704 mensem
250 3699 259 3712 ,
277 3677 309 3706 ὃς
329 3676 523 3707 Willielmum
546 3675 615 3705 Nor
664 3675 791 3712 censem,
810 3673 987 3712 Episcopos,
1006 3674 1168 3704 Henricum

112 3709 150 3739 de
163 3710 269 3751 Percy,
289 3715 320 3744 &
336 3714 497 3752 Hugonem
510 3714 546 3744 de
563 3713 644 3744 Aude
655 3723 721 3752 eye,
741 3713 864 3751 Milites,
882 3714 915 3744 &
930 3712 1102 3753 Magistrum
1113 3712 1169 3752 Jo-

115 3747 238 3778 hannem
251 3751 286 3780 de
298 3752 437 3782 Shordich
447 3753 522 3792 Juris
536 3751 635 3782 Civilis
652 3751 843 3782 Profefforem
852 3774 861 3789 ‚

151 3785 200 3815 De
221 3797 341 3830 quorum
364 3790 493 3821 fidelitate
515 3791 633 3828 probata
654 3789 953 3828 &circumspeetione
968 3788 1086 3827 provida
1107 3790 1168 3828 ple-

116 3833 185 3854 nam
200 3822 329 3854 fiduciam
343 3837 532 3866 reportamus,

151 3860 278 3898 Omnes,
297 3864 442 3904 Qatuor‚
457 3868 547 3904 Tres,
564 3866 598 3897 &
616 3865 700 3897 Duos
718 3875 819 3897 eorum
839 3866 857 3885 ³*
879 3867 1016 3905 (quorum
1043 3866 1111 3896 alter
1125 3866 1168 3897 di-

0 3907 30 3941 ἐς.
114 3899 230 3944 &orum
252 3899 455 3938 Episcoporum
476 3905 508 3934 sit
530 3904 612 3940 unus)
629 3904 772 3941 Facimus,
792 3904 981 3941 Ordinamus,
1000 3905 1033 3935 &
1050 3904 1169 3935 Consti-

113 3947 218 3968 tuimus
235 3937 346 3967 nostros
366 3939 559 3983 Procuratores
573 3965 582 3980 ,
600 3944 633 3973 &
654 3942 782 3972 Nuntios
802 3943 953 3981 speciales,
972 3944 1168 3980 promittentes

111 3976 180 4020 Nos
194 3975 301 4007 Ratum
317 3976 350 4006 &
365 3976 492 4019 Firmum
505 3980 648 4010 habituros
661 3980 795 4018 quicquid
811 3990 859 4018 per
875 3981 984 4018 diebos,
1002 3980 1167 4020 Episcopos‚

111 4014 238 4053 Milites,
256 4016 289 4047 ὃ(
305 4013 468 4053 Clericum,
486 4026 600 4054 omnes,
620 4018 769 4056 Quinum,
786 4019 879 4057 Tres,
896 4019 941 4050 vel
963 4019 1049 4050 Duos
1062 4029 1164 4052 eorum

555 104 1363 158 CONVENTIONES,

1419 109 1810 159 LITERAE‚

1225 196 1269 233 (ut
1282 195 1324 227 est
1339 196 1463 235 dietum)
1479 197 1665 229 amicabiliter
1687 198 1807 228 nomine
1827 195 1927 228 nostro
1946 195 2134 235 Traitatum,
2154 197 2292 229 Concor·
2308 200 2385 233 Ann.
2398 201 2440 234 D,

1228 235 1327 279 datum
1335 235 1537 303 ,sFirmatum,
1556 237 1589 267 δε
1610 235 1752 266 Vallatum
1771 236 1857 266 fuerit
1876 236 1908 265 in
1928 235 2090 274 praemiffis,
2107 236 2142 266 &
2159 237 2290 275 quolibet
2328 249 2415 281 133¹-

1229 276 1450 380 prlerffliij}urtgi
1460 312 1680 344 Testimonium
1693 311 1874 350 praesentibus
1888 310 2018 351 Sigillum
2026 311 2157 343 nostrum
2163 312 2293 344 duximus
2306 280 2373 308 Edv'
2396 289 2424 316 3‘

1307 360 1362 381 nen
1384 361 1442 381 um.

1229 360 1265 389 ap
1300 397 1334 419 at.
1348 389 1422 429 apud
1435 389 1743 427 Westmonasterium,
1761 388 1880 419 decimo
1893 388 1970 420 seXto
1981 387 2028 419 die
2037 387 2170 427 Januan‘i.

1225 517 1276 549 De
1294 516 1453 550 traebando
1469 527 1540 549 cum
1555 519 1633 563 Rege
1649 517 1781 598 Fyynbciae
1788 515 1878 562 fitper
1900 500 2021 549 Debitis
2037 527 2097 562 quae
2126 513 2196 550 hinc
2219 511 2290 551 inde

1708 577 1721 597 Ε
1742 575 1838 598 entur·

1225 648 1442 710 UNiversis,
1457 649 1602 688 praesentes
1614 650 1704 681 literas
1723 649 1907 689 inspecturis,
1926 649 2099 690 Edwardus,
2119 649 2181 682 &c.
2199 650 2280 683 Salu-
2304 646 2380 679 Ann-
2394 648 2438 681 D-

1320 697 1389 719 tem.
2327 697 2339 718 1
2387 698 2410 719 1.

1263 725 1312 756 De
1336 727 1466 757 fidelitate
1486 726 1605 763 probata
1621 727 1654 757 &
1667 727 1926 765 circumspectione
1941 727 2077 766 provida,
2096 727 2282 760 Dilectorum
2302 697 2401 764 Αηῗέιι·
2449 748 2454 754 ›

1225 764 1260 795 &
1275 765 1416 795 Fidelium
1430 763 1611 803 nostrorum,
1629 765 1842 796 Venerabilium
1858 765 1991 806 Patrum,
2008 767 2080 797 Adae
2087 766 2285 806 Wygornien-
2300 770 2327 794 E.
2349 776 2376 803 3·

1224 804 1276 842 sis,
1294 805 1327 834 &
1341 803 1492 833 Willielmi
1506 803 1728 842 Norwycensis,
1747 803 1975 843 Episcoporum,
1994 805 2115 836 Henrici
2128 806 2164 836 de
2179 805 2285 847 Percy,
2301 808 2358 833 Pat.
2377 816 2406 841 4.

1224 842 1258 885 ὃς
1279 841 1416 879 Hugonis
1437 841 1482 885 de·
1497 841 1658 881 Audeleye‚
1677 842 1826 880 Militum,
1844 843 1976 882 Magistri
1990 844 2128 883 Johannis
2147 844 2184 875 de
2196 844 2433 881 shor-,E.3.p.zv

1225 879 1293 911 dich
1325 881 1399 919 Juris
1413 879 1515 910 Civilis
1530 879 1711 918 Profefforis,
1730 880 1852 917 plenarie
1867 881 2042 913 confidentes

1263 904 1312 948 Ad
1324 918 1502 949 traetandum
1516 918 1698 962 amicabiliter
1709 928 1779 949 cum
1813 908 2206 960 excellentiffimo’Principe,
2220 921 2288 953 Do-

1226 966 1308 987 mino
1323 957 1474 996 Philippo,
1494 956 1553 987 Dei
1567 956 1672 996 gratia,
1690 956 1771 996 Rege
1784 943 1911 988 Franciae
1932 958 2049 998 illustri,
2068 960 2288 999 Consanguineo

1226 995 1327 1026 nostro
1351 995 1494 1027 carissimo
1508 1020 1518 1034 ,
1543 995 1590 1026 seu
1609 995 1773 1033 deputandis
1793 995 1830 1026 ab
1852 996 1861 1025 i
1882 996 1911 1026 so
1925 1020 1936 1035 ,
1959 997 2038 1035 super
2060 998 2174 1030 Debitis
2222 1010 2288 1037 quae

1226 1033 1306 1064 dieto
1321 1034 1398 1072 Regi
1415 1034 1541 1078 Franeiae
1554 1033 1708 1072 debemus,
1723 1034 1758 1065 &
1774 1033 1854 1072 super
1901 1034 2071 1075 ebitis,quae
2085 1037 2162 1068 idem
2178 1022 2288 1069 bomi-

1226 1083 1278 1103 nus
1292 1072 1358 1103 Rex
1370 1074 1453 1103 nobis
1465 1073 1567 1111 debet,

1261 1111 1300 1142 Et
1314 1112 1349 1142 ad
1364 1111 1691 1150 Recompensationem,
1710 1110 1857 1141 hincinde
1892 1110 2054 1143 faciendum
2069 1114 2142 1149 iuxta
2163 1114 2289 1146 formam

1225 1149 1555 1219 gigsssrsdamnTraetlatsgst,
1571 1151 1644 1220 gierig
1658 1149 1768 1219 Getntes
1782 1149 1853 1180 dieti
1865 1134 1993 1180 bomini
2007 1150 2095 1191 Regis
2109 1152 2235 1184 Franciae
2249 1155 2284 1186 &

1305 1199 1331 1219 as
1386 1200 1403 1220 u
1425 1199 1455 1220 er
1490 1199 1504 1219 a
1527 1199 1535 1218 i
1548 1199 1558 1219 i
1640 1199 1700 1219 rma
1713 1199 1721 1218 i

1263 1227 1309 1257 Ac
1322 1199 1425 1266 eiiamff
1442 1227 1478 1258 ad
1490 1226 1687 1258 aestimandum
1696 1250 1706 1266 ,
1724 1211 1776 1265 pro
1790 1226 1872 1257 nobis
1881 1249 1890 1265 ,
1907 1226 1942 1258 ὃς
1956 1228 2075 1259 nomine
2089 1227 2208 1268 nostro,
2220 1239 2287 1261 om-

1226 1266 1272 1296 nia
1285 1267 1319 1297 &
1338 1266 1462 1305 singula,
1479 1276 1545 1305 quae
1562 1267 1593 1296 in
1606 1265 1661 1297 hac
1674 1275 1753 1305 parte
1766 1266 1872 1297 fuerint
1886 1266 2124 1306 quomodolibet,
2141 1267 2286 1300 aestiman-

1226 1304 1261 1334 da

1262 1327 1385 1383 biems,
1403 1342 1576 1382 Episcopos,
1596 1342 1721 1382 Milites,
1737 1343 1771 1375 ὃ(
1795 1341 1945 1374 Clericum
1960 1366 1970 1381 ,
1986 1342 2120 1382 Omnes,
2136 1343 2270 1384 Quatuor

1225 1382 1318 1421 Tres,
1335 1383 1369 1414 ὃ(
1390 1382 1476 1413 Duos
1498 1391 1600 1413 eorum
1624 1382 1761 1420 (quorum
1779 1381 2011 1425 alter-dierorum
2027 1381 2238 1427 Episcoporum
2258 1371 2292 1417 si}

1225 1420 1325 1459 Unus)
1348 1421 1462 1452 nostros
1484 1420 1684 1451 Procuratores
1704 1420 1738 1452 δε
1753 1419 1892 1451 Nuncios
1903 1419 2082 1460 ordinamus,
2101 1421 2237 1461 facunus,
2255 1424 2290 1456 δε

1226 1459 1425 1491 constituimus
1460 1459 1608 1498 speciales,

1262 1497 1371 1529 Dant&
1389 1485 1493 1542 eisdem
1507 1523 1517 1537 ,
1541 1497 1689 1536 Episcopis
1702 1521 1712 1537 ,
1731 1497 1876 1529 Militibus
1889 1520 1900 1537 ‚
1918 1497 1952 1529 &
1975 1496 2109 1543 Clerico,
2121 1498 2268 1532 Omnibus
2281 1524 2293 1540 ,

1226 1536 1379 1606 μεῖξιν,
1396 1538 1523 1582 Tribus,
1542 1538 1579 1607 {cc
1594 1536 1724 1606 1Duobus
1744 1546 1845 1581 eorum
1868 1537 2162 1607 (affirmgtumdest)
2176 1538 2291 1584 plenam

1225 1585 1803 1659 a⁰ffirakssffu⁰m¹¹jf¹1¹³²ac0mgssfflassassg’mm
1801 1585 2293 1656 jnsnffisffnzmssffssm¹iffiffii

1224 1652 1328 1685 fuerint
1343 1653 1511 1692 neceffaria,
1530 1654 1563 1684 ὅ(
1579 1661 1662 1696 ettam
1676 1661 1833 1691 oportuna,
1852 1651 1961 1684 Ratum
1975 1653 2009 1685 &
2034 1653 2160 1685 Gratum
2181 1655 2291 1686 haben-

1224 1699 1282 1730 tes,
1297 1693 1331 1724 &
1346 1693 1482 1731 habituri,
1499 1692 1637 1730 quicquid
1651 1701 1701 1729 per
1716 1691 1824 1730 dictos,
1841 1689 2001 1730 Episcopos
2033 1691 2161 1732 Milites,
2176 1693 2290 1726 &Cle-

1224 1731 1333 1770 ticum,
1354 1731 1508 1770 Qatuor,
1526 1729 1618 1768 Tres,
1637 1731 1671 1761 &
1690 1729 1774 1760 Duos
1793 1739 1896 1760 eorum
1917 1730 1961 1768 (ut
1983 1739 1999 1760 e
2046 1730 2169 1770 dietum)
2185 1733 2292 1764 amica-

1221 1769 1315 1800 biliter
1336 1771 1456 1800 nomine
1477 1767 1576 1799 nostro
1591 1791 1600 1807 ‚
1627 1767 1797 1800 Tractatum
1812 1792 1822 1806 ,
1841 1768 2107 1806 Recompensatum
2122 1794 2132 1809 ,
2150 1769 2291 1802 AEstima-

1223 1815 1306 1876 tund)
1322 1807 1461 1846 Fadium,
1479 1809 1513 1839 &
1530 1807 1687 1838 Firmatum
1701 1807 1783 1838 fuerit
1796 1808 1827 1837 in
1839 1807 2001 1846 praemissis,
2019 1808 2053 1840 &
2068 1809 2196 1847 quolibet
2217 1820 2291 1848 prae-

1222 1855 1395 1924 milnorciffis
1416 1885 1458 1915 rei
1477 1882 1696 1916 Testimonium
1715 1883 1895 1924 praesentibus
1916 1883 2047 1924 Sigillum
2060 1884 2192 1917 nostrum
2205 1885 2288 1917 duxi-

1224 1932 1287 1955 mus
1301 1923 1515 1962 apponendum.

2302 892 2339 910 m.
2360 892 2402 910 12.

1261 1999 1330 2032 Dat.
1344 1999 1419 2039 apud
1432 1999 1722 2033 westmonasterium
1730 2024 1741 2041 ,
1759 2001 1877 2032 decimo
1887 1999 1964 2032 sexto
1976 2000 2021 2031 die
2032 2001 2166 2041 Januarii.

1223 2123 1273 2156 De
1292 2123 1452 2157 trafflando
1468 2136 1538 2158 cum
1559 2127 1636 2172 Rege
1650 2127 1780 2158 Franciae
1792 2150 1801 2166 ‚
1821 2123 1913 2169 fhper
1934 2122 2174 2173 Quaestionibuffi
2201 2127 2284 2160 Liti-

1371 2170 1444 2216 bus,
1469 2173 1659 2216 Demandis,
1685 2176 1721 2212 ὠ·
1742 2169 1875 2207 Debatis,
1888 2170 2135 2220 quibufiumque.

1293 2257 1424 2328 hlliverfis
1438 2283 1448 2300 ,
1464 2260 1610 2300 praesentes
1626 2260 1714 2292 literas
1731 2258 1892 2297 inspecturis
1905 2282 1914 2297 ,
1933 2257 2089 2291 Edwardus
2103 2281 2114 2299 ,
2133 2259 2195 2291 &c.
2230 2259 2284 2291 Sa-
2303 2255 2379 2287 Ann.
2394 2257 2435 2289 D.

1322 2308 1408 2330 utem.
2325 2304 2410 2336 1331.

1259 2335 1390 2368 Noverit
1403 2337 1582 2369 Universitas
1595 2336 1686 2369 vestra
1702 2336 1783 2375 quod
1797 2336 1884 2376 Nos,
2303 2338 2355 2362 An.
2369 2346 2398 2372 4.

1260 2374 1310 2405 De
1323 2375 1469 2408 Fidelitate
1480 2376 1597 2415 probata
1610 2377 1644 2408 &
1660 2375 1929 2414 circumspectione
1943 2375 2080 2414 provida,
2099 2374 2284 2407 Dilestorum
2303 2376 2332 2400 Ε-
2355 2383 2380 2410 3-

1220 2413 1254 2444 &
1270 2412 1408 2444 Fidelium
1420 2414 1601 2454 nostrorum,
1620 2414 1833 2446 Venerabilium
1845 2413 1962 2446 Parrum
1971 2439 1980 2453 ,
1999 2414 2072 2445 Adae
2087 2413 2132 2444 W
2143 2415 2286 2453 ’gomien-
2299 2410 2404 2442 Ibidem.

1220 2452 1270 2491 sis,
1288 2453 1321 2483 &
1335 2452 1486 2484 Willielmi
1499 2453 1712 2492 Norwicenfis,
1730 2452 1960 2492 Episcoporum,
1978 2452 2098 2483 Henrici
2139 2462 2155 2482 e
2174 2452 2284 2491 Percy,

1221 2491 1256 2522 &
1278 2490 1414 2531 Hugonis
1433 2492 1572 2523 d’Audele
1584 2516 1594 2532 ,
1613 2491 1742 2523 Militum
1757 2515 1767 2531 ,
1784 2493 1819 2523 ὃς
1842 2492 2047 2530 Magistrorum
2061 2512 2071 2527 ‚
2090 2487 2228 2527 Johannis
2247 2490 2284 2522 de

1221 2529 1381 2568 Shordich,
1399 2530 1433 2561 &
1453 2531 1583 2562 Thomae
1602 2530 1760 2570 Sampson,
1774 2529 1852 2569 Juris
1870 2529 1972 2560 Civilis
1990 2527 2206 2567 professorum,
2223 2529 2285 2569 ple-

1220 2577 1287 2598 nam
1302 2568 1436 2599 fiduciam
1451 2579 1640 2608 reportantes,

1260 2606 1336 2646 Ipsos
1350 2607 1478 2646 nostros,
1497 2618 1579 2639 veros
1594 2608 1628 2638 &
1641 2607 1801 2644 legitimos,
1816 2604 1995 2644 ordinamus,
2013 2604 2152 2644 facimus,
2167 2606 2283 2637 &con-

1221 2644 1378 2683 stituimus,
1396 2645 1615 2684 Procuratores,
1635 2645 1669 2675 &
1683 2645 1818 2675 Nuncios
1831 2644 1976 2684 speciales:‚

1259 2682 1370 2714 Dantes
1390 2685 1428 2713 eis
1447 2685 1597 2720 omnibus,
1616 2683 1771 2722 Qiinque,
1790 2682 1940 2721 Qaruor,
1959 2682 2084 2721 Tribus,
2103 2683 2138 2713 &
2157 2682 2287 2714 Duobus

1223 2731 1325 2752 eorum
1340 2723 1478 2760 (quorum
1491 2722 1557 2753 alter
1571 2721 1717 2752 distorum
1731 2720 1941 2761 Episcoporum
1957 2721 1989 2751 sit
2002 2720 2101 2758 Unus)
2113 2721 2284 2761 generalem,

1219 2759 1348 2799 plenam,
1367 2761 1401 2791 &
1415 2761 1548 2799 liberam,
1565 2759 1797 2798 Potestatem,ac
1810 2760 1927 2798 speciale
1942 2759 2283 2799 Mandatumst-andstan-

1220 2797 1249 2828 di
1269 2799 1303 2830 &
1323 2800 1535 2838 componendi,
1554 2809 1607 2838 pro
1625 2799 1722 2837 nobis,
1740 2800 1775 2829 &
1788 2798 1888 2829 nostro
1900 2800 2036 2836 nomine,
2054 2808 2142 2837 cum,
2160 2798 2281 2836 Magni-

1219 2836 1278 2868 fico
1299 2836 1447 2876 Principe,
1465 2838 1601 2869 Domino
1624 2837 1774 2875 Philippo,
1794 2836 1853 2867 Dei
1871 2836 1979 2875 gratia,
1995 2837 2171 2868 Francorum
2194 2837 2281 2875 Rege

1219 2875 1317 2906 illustri
1326 2899 1335 2915 ,
1353 2876 1399 2907 seu
1413 2876 1591 2915 Deputandis
1605 2877 1640 2907 ab
1653 2886 1707 2915 eo,
1725 2876 1752 2906 su
1774 2885 1803 2906 er
1818 2876 2044 2914 quibuscumque
2053 2875 2282 2915 Qaestionibus,

1219 2914 1352 2953 Litibus,
1372 2916 1524 2954 Qerelis,
1542 2915 1699 2946 Demandis
1710 2939 1719 2954 ,
1789 2915 1948 2946 ntroversiis
1961 2938 1971 2954 ,
1990 2915 2035 2944 seu
2056 2914 2194 2952 Debatis,
2212 2924 2282 2944 nec-

1217 2960 1277 2983 non
1299 2952 1504 2994 Petitionibus‚
1523 2954 1694 2985 At‘tionibus
1707 2978 1718 2992 ,
1735 2953 1870 2984 Realibus
1884 2977 1894 2991 ,
1912 2954 1946 2985 &
1967 2953 2177 2990 Personalibus,
2195 2960 2281 2990 atque

1219 2991 1338 3031 Mixtis,
1356 3003 1423 3031 quas
1437 2993 1513 3024 idem
1528 2993 1675 3024 Dominus
1689 2992 1756 3023 Rex
1772 3001 1837 3032 erga
1849 2991 1990 3031 Nos,seu
2004 2990 2137 3021 Subditos
2150 2989 2281 3030 nostros,

1215 3030 1315 3068 habet,
1334 3032 1379 3062 vel
1393 3032 1495 3062 habere
1506 3033 1627 3071 poterit,
1645 3031 1690 3062 vel
1703 3030 1769 3062 Nos
1783 3041 1853 3068 erga
1865 3031 1956 3068 ipsum
1970 3029 2138 3059 Dominum
2150 3027 2276 3068 Regem,

1214 3068 1262 3100 seu
1283 3069 1416 3102 Subditos
1439 3071 1518 3109 suos,
1537 3071 1720 3109 quacumque
1735 3069 1755 3089 ²*
1773 3068 1922 3100 occasione
1941 3067 2091 3106 habemus,
2109 3066 2155 3099 vel
2177 3067 2280 3098 habere
2296 3082 2312 3099 ι
2333 3084 2385 3112 IV·

1214 3109 1369 3146 poterimus
1384 3110 1486 3147 quovis
1502 3109 1609 3148 modo,
2137 3144 2143 3150 ,
2293 3123 2358 3157 466.

1253 3146 1291 3178 Et
1303 3148 1402 3178 omnia
1414 3149 1448 3192 ᾃε
1463 3148 1566 3188 singula
1574 3171 1584 3187 ,
1603 3157 1668 3192 quae
1681 3145 1815 3177 Traetata
1829 3145 1863 3175 &
1877 3143 2060 3174 Concordata
2073 3143 2193 3184 fuermt‚
2207 3144 2278 3184 qua-

1213 3185 1724 3264 el¹ffigssenfllimpiezteendsilffiipdlandi‚
1742 3220 1910 3265 recipiendi,
1928 3222 2079 3266 retinendi,
2097 3219 2275 3266 paciscendi,

1212 3262 1399 3300 transigendi,
1417 3262 1627 3299 concordandi,
1646 3261 1679 3291 &
1694 3259 1943 3298 conveniendi,&
1957 3269 2054 3291 omnia
2070 3260 2121 3291 alia
2137 3261 2170 3292 δε
2183 3261 2276 3300 singu-

1210 3299 1235 3329 la
1251 3300 1460 3338 faciendi,quae
1472 3300 1507 3330 ad
1524 3300 1634 3338 plenam
1644 3298 1939 3336 Concordiam,inter
1951 3299 2098 3336 pnefatum
2106 3298 2275 3330 Dominum

1211 3336 1324 3377 Regem
1346 3339 1380 3368 &
1403 3338 1488 3377 Nos,
1506 3337 1673 3368 firmandam
1693 3346 1826 3375 poterunt
1847 3337 2001 3376 pertinere,
2019 3338 2053 3370 &
2068 3347 2135 3376 quae
2149 3337 2220 3371 Nos
2233 3338 2274 3368 sa-

1211 3385 1276 3406 cere
1290 3376 1434 3414 possemus
1448 3377 1467 3407 si
1483 3377 1631 3415 praesentes
1643 3376 1775 3407 essemus·

1238 3414 1447 3457 ‚promittentes
1462 3439 1472 3454 ,
1497 3426 1550 3453 pro
1566 3415 1670 3446 Nobis
1682 3439 1692 3454 ‚
1717 3416 1750 3446 ὃ(
1768 3400 1940 3445 Haeredibus
1958 3414 2060 3445 nostris
2076 3439 2086 3453 ,
2109 3414 2218 3446 Ratum
2237 3413 2273 3444 &

1211 3451 1342 3484 Firmum
1356 3453 1475 3493 habere,
1493 3455 1527 3486 ὅς
1540 3454 1684 3485 habituros
1699 3452 1834 3492 quicquid
1856 3463 1906 3491 per
1927 3453 2078 3492 praedicstos
2099 3453 2271 3484 Procurato-

1209 3501 1252 3521 res
1268 3514 1278 3530 ‚
1295 3493 1329 3523 &
1351 3492 1486 3523 Nuncios
1506 3492 1617 3523 nostros
1630 3516 1639 3530 ,
1659 3493 1798 3531 Qinque
1841 3492 1974 3531 Qatuor
1988 3516 1998 3530 ,
2017 3491 2111 3530 Tres,
2126 3492 2161 3521 δε
2181 3489 2267 3532 Duos

1209 3539 1308 3560 eorum
1331 3531 1375 3568 (ut
1397 3531 1438 3562 est
1459 3532 1582 3569 dietum)
1605 3530 1748 3569 Gestuin,
1767 3515 1893 3569 Adlum,
1912 3530 1945 3561 &
1967 3530 2104 3565 Rerum,
2120 3527 2166 3557 seu
2181 3535 2268 3558 etiam

1207 3567 1396 3600 Procuratum
1409 3571 1490 3601 fuerit
1503 3571 1532 3600 in
1545 3568 1705 3610 praemissis,
1723 3570 1756 3600 8»-
1770 3569 1898 3607 quolibet
1913 3567 2135 3609 praemissorum:
2171 3604 2176 3609 ι

1246 3607 1336 3645 Super
1358 3609 1460 3646 quibus
1480 3607 1665 3648 approbandis
1677 3630 1687 3646 ,
1706 3607 1832 3638 tenendis
1847 3630 1857 3646 ,
1875 3605 2010 3638 servandis
2024 3627 2034 3642 ,
2057 3603 2191 3634 faciendis
2203 3603 2267 3647 Q&

1208 3645 1404 3713 cffinplendis,
1421 3646 1507 3685 Nos,
1525 3647 1560 3678 &
1585 3645 1723 3677 Haeredes
1743 3646 1870 3685 nostros,
1888 3646 1922 3676 &
1939 3643 2017 3675 Bona
2037 3640 2133 3672 nostra
2148 3650 2264 3680 omma,

1209 3693 1228 3714 o
1261 3693 1383 3722 ivamus,

1244 3708 1286 3752 Εῗ
1299 3723 1356 3753 hoc
1369 3723 1520 3760 omnibus,
1540 3732 1665 3761 quorum
1676 3722 1808 3762 interest,
1824 3721 1870 3753 vel
1885 3717 2013 3750 interesse
2027 3717 2139 3756 potest,
2156 3726 2266 3761 autpe-

1208 3762 1272 3791 terit
1286 3762 1314 3790 in
1331 3761 1456 3792 futurum
1465 3784 1475 3800 ,
1495 3761 1679 3800 significamus
1690 3772 1740 3799 per
1752 3763 1800 3792 has
1817 3760 1923 3790 Literas
1935 3756 2043 3787 nostras
2055 3755 2202 3794 Patentes,
2220 3755 2265 3786 Si-

1207 3799 1269 3838 gilli
1282 3799 1371 3829 nostri
1388 3801 1548 3830 munimine
1563 3800 1717 3830 roboratas.

1244 3873 1313 3908 Dat.
1325 3875 1399 3914 apud
1410 3875 1700 3908 Westmonasteriurn
1706 3898 1717 3914 ,
1733 3874 1849 3906 decimo
1859 3872 1937 3904 sexto
1948 3870 1994 3901 die
2002 3869 2131 3909 Januarii.

2193 4051 2251 4081 Pro
