2562 4279
733 207 845 250 ET
947 205 1218 246 ACTA

35 298 109 334 Ann.
122 299 165 331 D.
182 299 362 337 conjunctim
382 301 392 338 ,
408 300 443 330 &
458 297 587 336 divisim,
606 296 714 327 Acium
728 290 1127 325 ReconciliationisEcelefiae
1142 290 1175 320 δε
1192 288 1245 319 Ci-

56 347 139 378 ¹330·
183 340 286 369 miterii
301 339 523 376 praedidtorum,
542 337 673 374 quotiens
687 332 846 371 hujusmodi
865 331 1034 362 pollutionis
1052 329 1137 360 Casus
1150 337 1243 359 emer-

33 380 100 407 Edv.
120 386 147 415 3.
181 377 261 415 serit,
279 378 443 408 auctoritate
457 375 549 411 vestr&
563 374 652 406 valeat
665 372 800 411 delegare,

217 414 393 453 Conservet‚
410 415 471 446 &c.

218 491 285 524 Dat.
305 491 379 530 apud
392 490 696 527 Westmonasterium,
715 494 816 526 quarto
831 485 877 516 die
892 484 1072 515 Decembris.

228 621 340 653 Contra
358 614 554 653 Ambaldum,
573 613 765 710 Caisijdinalebrln
783 639 794 654 ,
819 609 864 645 ad
879 609 1096 655 Conftientiam
1115 611 1198 655 Papa:

622 674 727 696 87¹8an
750 672 811 694 am.

84 770 110 790 n.
129 759 167 790 D.
185 752 343 814 PAPAE
369 751 435 782 Rex
449 751 551 782 devota
565 747 676 778 Pedum
692 746 784 777 oscula
798 747 956 776 beatorum.

34 761 140 838 Αᾶᾓο,
272 791 327 822 Ne
348 790 548 822 Perversorum
571 784 703 816 Ambitio
716 808 725 824 ,
750 784 831 815 nullis
852 783 983 815 conclusa
995 782 1131 814 limitibus
1145 806 1155 819 ,
1173 781 1244 811 dum

186 832 349 862 intentionis
362 829 418 860 suae
432 829 526 858 Lucra
538 824 691 861 sectantur,
707 823 810 854 vestrae
822 823 994 859 Sanititatis,
1008 823 1041 853 δε
1055 820 1243 852 Confratrum

184 869 365 907 vestrorum,
384 863 608 898 circumveniant
624 864 791 901 puritatem,
809 863 843 893 ὃς
853 862 922 900 Jura
934 861 1046 899 nostra,
1064 860 1166 898 quibus
1180 859 1246 889 vin-

34 920 106 943 Rom.
120 925 149 950 4.
185 909 254 940 culo
271 906 426 946 Juramenti
447 902 627 941 astringimur
641 923 650 939 ,
679 901 817 939 exquisitis
835 899 1070 939 Suggestionibus
1091 900 1246 928 interrum-

34 958 64 980 Ε.
82 964 104 990 3.
114 963 150 980 m.
186 955 269 986 pant,
284 945 405 976 vestram
420 943 450 972 in
463 941 496 971 ea
511 948 589 978 parte
608 939 809 971 conscientiam
825 964 835 977 ,
860 939 989 977 quotiens
1003 937 1177 977 oportuerit,
1194 945 1246 967 co-

37 1001 53 1018 2
59 1011 66 1018 .
186 987 282 1026 gimur
293 984 424 1014 serenare.

224 1021 314 1054 Ecce!
335 1020 416 1050 Pater
429 1016 550 1056 Sandie,
567 1015 729 1047 Venerabili
745 1015 839 1055 Patri,
857 1015 992 1046 Domino
1008 1013 1171 1052 Ambaldo,
1189 1012 1246 1043 Ti-

185 1063 235 1094 tuli
248 1058 346 1091 Samffi
359 1058 503 1089 Laurentii
516 1057 545 1086 in
560 1055 681 1096 Lucynfi
696 1055 856 1085 Presbitero
872 1054 1013 1086 Cardinali
1055 1051 1248 1091 quorumdam

183 1098 370 1132 Adulantium
385 1095 573 1126 commentis
602 1093 756 1132 persuasum
780 1093 822 1125 est
841 1093 1003 1125 Ecclesiam
1018 1078 1061 1130 de,
1075 1090 1222 1128 Hoghton
1237 1113 1247 1128 ,

184 1135 376 1169 Dunolmensi
391 1133 540 1172 Dioecefi,

221 1176 340 1214 Qam,
355 1173 476 1204 dilectus
496 1172 625 1203 Clericus
646 1170 759 1209 noster,
778 1169 924 1200 Manserus
940 1169 1115 1215 Marmyon,
1134 1176 1169 1197 ex
1182 1166 1249 1197 Do-

184 1215 302 1245 natione
314 1212 429 1250 nostra,
446 1212 554 1242 ratione
566 1209 788 1247 Temporalium
804 1209 873 1239 dieti
885 1208 1183 1247 Episcopatus,nuper
1199 1215 1250 1235 va-

184 1253 293 1290 cantis,
310 1253 340 1282 in
355 1250 481 1281 Manum
497 1249 621 1280 Domini
633 1247 667 1278 E.
681 1257 771 1285 nuper
792 1246 880 1286 Regis
894 1246 1007 1285 Angliae
1024 1269 1034 1284 ,
1057 1245 1146 1275 Patris
1160 1244 1250 1274 nostri

184 1290 362 1321 existentium
371 1312 381 1327 ,
397 1290 507 1328 optinet
519 1289 549 1318 in
562 1287 690 1325 praesenti
706 1309 715 1324 ‚
730 1286 800 1324 Jure
812 1284 913 1316 nostro
927 1286 956 1315 in
970 1284 1003 1315 ea
1017 1292 1094 1322 parte
1105 1293 1156 1324 per
1167 1282 1251 1322 Judi-

187 1331 267 1361 cium
282 1328 381 1359 Curiae
396 1327 502 1360 nostrae
519 1325 667 1356 manifeste
680 1324 841 1362 declarato,

204 1376 206 1379 ’
222 1367 297 1398 Sede
311 1367 392 1405 plena
406 1364 537 1403 vacasse,
554 1365 589 1395 &
606 1363 640 1394 ad
656 1363 854 1393 Provisionem
871 1362 996 1393 vestram
1011 1360 1160 1400 specstasse:

223 1405 313 1444 Cujus
334 1404 463 1435 suasionis
482 1403 633 1434 occasione
654 1401 730 1432 idem
746 1400 829 1431 Pater
843 1401 953 1431 dicitam
966 1399 1124 1431 Ecclesiam
1140 1399 1191 1429 sibi
1204 1408 1252 1437 per

184 1445 248 1475 Vos
264 1443 414 1482 praetendit
435 1441 516 1473 fuisse
536 1440 681 1472 Collatam
694 1463 704 1479 ,
727 1439 896 1477 dierumque
911 1438 1061 1469 Clericum
1073 1438 1204 1468 nostrum
1220 1439 1249 1467 in

185 1483 277 1514 Curia
291 1482 450 1513 Sanctitatis
464 1480 564 1511 vestrae
577 1478 726 1517 molestat,
744 1479 777 1510 ὃς
786 1503 795 1517 ,
804 1488 865 1509 non
881 1478 938 1509 fine
950 1477 1063 1508 laesione
1072 1476 1148 1516 Juris
1161 1475 1253 1506 nostri

185 1523 234 1553 Re
254 1523 291 1560 ii,
310 1520 501 1560 multipliciter
514 1520 659 1557 inquietat.

226 1532 306 1599 &iia
324 1561 396 1590 vero
412 1559 465 1598 Jus
487 1557 621 1588 nostrum
640 1556 672 1586 R
710 1557 768 1587 ium
788 1554 947 1587 conservari
967 1564 1020 1586 vos
1044 1553 1116 1584 velle
1131 1553 1251 1584 firmiter

187 1600 331 1630 credimus
350 1597 488 1628 illibatum
511 1596 603 1635 (cujus
621 1605 673 1625 vos
717 1595 831 1625 aetenus
849 1592 1025 1632 potiffimum
1047 1593 1067 1612 *ὃ
1088 1592 1253 1622 invenimus

188 1637 390 1673 Defensorern)
408 1635 578 1666 Clementiae
593 1633 693 1665 vestrae
707 1634 909 1673 supplicamus,
928 1633 1054 1669 quatinus
1075 1630 1187 1661 dictum
1201 1629 1254 1659 Pa-

187 1685 262 1707 trem
278 1677 314 1707 ab
329 1675 534 1713 inquietatione
548 1672 617 1703 die‘ti
631 1671 738 1702 Clerici
753 1671 862 1709 nostri,
880 1671 914 1701 &
928 1670 1004 1710 Juris
1016 1669 1107 1699 nostri
1124 1669 1255 1706 laesione,

186 1715 320 1745 delistere
337 1714 406 1744 velit
420 1736 431 1752 ,
456 1712 582 1743 Paternis
604 1710 816 1741 Monitionibus
842 1708 976 1740 inducere
995 1708 1083 1740 velitis
1097 1706 1256 1746 praemisso-

187 1763 272 1792 rum,
289 1752 310 1783 fi
325 1752 435 1791 placet,
453 1752 575 1788 intuitu,
592 1748 740 1787 nostrique
753 1748 906 1788 rogaminis
922 1748 1093 1779 interventu.

224 1828 386 1861 Conservet
392 1852 403 1868 ,
422 1828 483 1860 &c.

33 842 86 866 An.
103 848 131 873 4.

32 882 63 904 Ε.
86 887 111 913 3.

37 1610 54 1627 ⁸
72 1612 124 1638 IV.

36 1650 104 1684 45⁶·

226 1905 298 1938 Dat.
315 1905 390 1944 apud
400 1895 696 1938 westmonasterium
706 1927 717 1943 ,
734 1902 851 1935 decimo
866 1902 912 1933 die
927 1901 1109 1934 Decembris.

233 2026 296 2059 Ad
308 2024 503 2060 Ambaldum
511 2034 718 2073 pretaxatam
730 2033 787 2072 pro
805 2024 988 2071 Constientia
1003 2012 1210 2068 ihfhrmanda.

165 2145 173 2151 ,
190 2110 409 2174 VEnerabili
431 2111 461 2141 in
483 2109 603 2142 Christo
624 2109 723 2148 Patri,
749 2109 885 2140 Domino
910 2109 946 2139 A.
963 2108 1020 2139 Dei
1041 2107 1127 2147 gratia
1140 2132 1150 2146 ,
1168 2108 1261 2139 Tituli

279 2149 376 2181 Sani’ci
385 2149 530 2179 Laurentii
543 2151 574 2179 in
584 2148 705 2187 Lucyna
718 2148 879 2179 Presbitero
891 2146 1050 2185 Cardinali,
1058 2145 1183 2186 Amice,
1198 2148 1260 2179 &c.

193 2188 349 2221 Edwardus
357 2211 367 2227 ,
381 2189 442 2219 &a
461 2187 587 2219 Salutem
600 2189 634 2220 ὃς
647 2187 761 2219 iincerae
774 2186 934 2219 dilectionis
944 2183 1093 2216 affet‘tum.

178 2240 182 2246 ’
233 2227 288 2258 Ne
301 2226 501 2266 perversorum
515 2226 649 2264 hastutia,
667 2224 738 2256 dum
753 2235 838 2263 penes
850 2234 902 2256 vos
916 2224 1080 2255 intentionis
1093 2224 1150 2256 suae
1165 2224 1261 2257 Lucra

194 2266 355 2304 sectantur,
371 2265 454 2296 vobis
488 2265 605 2296 iacentia
621 2263 814 2304 suggerendo,
828 2263 953 2297 vestram
966 2264 1172 2295 circumveniat
1183 2261 1266 2302 puri-'

193 2313 301 2350 tatem,
320 2305 355 2336 <St
373 2303 448 2348 Jura·
461 2274 594 2335 Coronae
615 2303 737 2342 nostrae,
755 2304 856 2341 quibus
868 2301 985 2334 vinculo
995 2301 1150 2340 juramenti
1162 2303 1264 2334 astrin-

192 2353 305 2383 gimur,
323 2342 468 2381 exquisitis.
481 2341 719 2382 Suggestionibus
739 2342 942 2379 interrumpat,
959 2340 1085 2372 vestram
1096 2342 1126 2370 in
1138 2340 1172 2373 ea
1186 2350 1263 2381 parte

193 2382 418 2420 conscientiam,
436 2381 566 2419 quotiens
579 2381 756 2420 oportuerit,
770 2380 901 2412 duximus
913 2378 1137 2411 informandam.

230 2420 311 2452 Ecce
325 2421 332 2451 Ξ
356 2419 458 2458 Pater,
475 2420 632 2457 persuasum
650 2419 692 2450 est
708 2420 791 2451 vobis
804 2418 962 2452 Ecclesiam
972 2417 1009 2451 de
1020 2416 1186 2458 l-Ioghton,
1201 2417 1263 2456 &a

188 2466 272 2498 prout
277 2458 365 2498 ficpra
373 2482 384 2498 ,
402 2462 519 2490 mutam
533 2464 708 2498 competenter
720 2458 868 2491 mutandis.

68 2169 155 2200 1330.

39 2205 95 2230 Aa.
109 2209 138 2236 4.

41 2244 72 2267 E.
94 2245 120 2275 ς.

40 2278 107 2315 zhid.

230 2533 302 2567 Dat.
321 2542 354 2567 ut
368 2534 458 2575 supra.

264 2657 324 2693 Ad
340 2661 456 2706 Papam
467 2686 480 2704 ,v
498 2669 556 2707 pro
574 2660 703 2707 'Collegio
721 2658 757 2693 de
775 2661 906 2693 Merton
927 2657 1195 2694 commendatoria.

254 2742 282 2774 A
290 2743 315 2773 P
324 2743 367 2774 AE
386 2744 453 2776 Rex
465 2744 569 2777 devota
582 2745 697 2777 Pedum
710 2745 805 2778 oscula
818 2745 979 2776 beatorumL

49 2755 177 2789 Ann'D'
197 2741 248 2805 P
286 2781 475 2821 Collegium,
491 2784 663 2819 dilectorum
679 2785 762 2815 nobis
776 2786 806 2814 in
818 2783 955 2823 Christo,
973 2783 1132 2815 Scolarium
1148 2783 1270 2816 Domi'is

50 2806 165 2871 ‘4235'
199 2820 234 2856 de
251 2820 390 2860 Merton,
408 2816 648 2853 iri'Univerfitate
661 2822 759 2853 nostra
775 2822 921 2861 Oxoniae,

50 2879 83 2902 E.
105 2883 130 2910 3·
220 2858 288 2903 ‘Ut
307 2859 376 2891 effet
395 2859 531 2907 {eclesiae
550 2859 701 2905 Militantis
718 2862 752 2898 ὃς
774 2860 927 2905 Doctrinae
949 2860 1079 2899 Salutaris
1099 2861 1271 2900 Promptua-

52 2917 124 2940 Rom.
142 2921 168 2949 3·
203 2906 297 2936 rium,
318 2907 353 2930 ex
372 2907 420 2938 pia
438 2898 664 2934 consideratione
684 2898 855 2930 Fundatoris
870 2922 880 2938 ,
897 2899 948 2937 &,
967 2900 1117 2943 inspirante
1131 2899 1221 2940 Deo,
1238 2909 1270 2932 ut

51 2955 83 2978 13.
95 2960 121 2988 3·
134 2961 171 2979 m.
205 2935 348 3005 ffieffimririls
360 2959 371 2975 ,
395 2936 432 2967 ad
452 2936 578 2972 dandam
597 2937 753 2969 Scientiam
767 2937 866 2968 Salutis
878 2937 960 2968 Plebi
974 2948 1047 2977 ejus,
1065 2938 1207 2971 salubriter
1223 2938 1271 2970 In-

56 2998 83 3016 ι
226 3012 271 3059 ἱΑ
285 2984 453 3060 ἓμοέἀιιᾶξ
465 3014 527 3046 sunt
539 3013 677 3058 had-tenus
690 3013 754 3045 Viri
767 3013 886 3053 perfeeti
894 3037 904 3053 ,
917 3024 1044 3053 quorum
1053 3014 1198 3046 DoCtrina
1209 3017 1272 3047 lon-

204 3051 468 3123 {initiig‘rliiiisfumt
488 3053 614 3085 Eccleiia
629 3076 640 3091 ,
666 3053 700 3084 &
714 3051 833 3085 FrucCtus
845 3054 979 3091 provenit
993 3053 1146 3092 Spiritualis
1159 3054 1270 3087 Gratiae

244 3127 360 3171 Qibus
386 3115 542 3174 poterimus
567 3129 678 3160 finceris
707 3129 857 3161 affefflbus
877 3130 1147 3162 recommendamus
1167 3133 1269 3164 vestrae

203 3164 367 3204 Sanctitati3
385 3167 543 3205 suppliciter
553 3175 698 3198 exorantes
710 3169 842 3206 quatinus
854 3169 978 3207 ipsorum
994 3168 1195 3209 Petitionibus,
1211 3171 1271 3202 Dei

203 3204 350 3248 honorem
363 3227 374 3242 ,
398 3214 429 3236 ut
443 3206 607 3251 speramus,
633 3207 667 3237 &
686 3205 822 3237 Ecclesia:
842 3207 992 3238 Decorem
1011 3210 1251 3241 concernentibus

206 3241 380 3272 Clementiae
391 3243 492 3274 vestrae
506 3244 697 3283 porrigendis,
715 3245 883 3289 Apostolica
896 3246 1061 3285 solicitud0,
1080 3233 1270 3279 universarurri

206 3279 400 3327 Ecclesiarum
410 3282 580 3320 utilitatibus
595 3283 704 3322 semper
720 3292 845 3324 intenta,
863 3284 987 3317 Paternis
994 3309 1004 3324 ,
1023 3285 1043 3315 si
1056 3285 1166 3325 placet,
1183 3287 1271 3319 visce-

207 3328 284 3349 ribus
297 3318 512 3352 condescendat.

245 3355 405 3390 Conservet
412 3382 423 3396 ,
440 3358 500 3390 &c.

245 3432 315 3465 Dat.
332 3432 407 3472 apud
420 3433 729 3474 Westmonasterium,
749 3435 907 3469 undecimo
919 3439 964 3471 die
977 3438 1158 3471 Decembris.

447 3560 508 3596 Ad
522 3562 699 3597 Cardinales
707 3575 763 3612 pro
777 3563 877 3598 eodem
894 3566 1029 3613 Collegio.

66 3646 142 3683 Anu.
150 3643 193 3681 D.
211 3647 425 3714 VEnerabili
443 3648 474 3694 in
486 3648 604 3683 Christo
626 3648 716 3694 Patri,
734 3648 870 3682 Domino
887 3650 920 3682 P.
940 3650 999 3682 Dei
1011 3651 1114 3689 gratia,
1132 3651 1272 3684 Penestri-

91 3693 174 3725 1330.
296 3688 375 3726 nenfi
396 3687 564 3727 Episcopo',
590 3687 715 3731 Domini
729 3688 841 3719 Summi
856 3689 1002 3721 Pontificis
1014 3690 1255 3723 vicecancellario

63 3726 116 3751 Aa.
132 3734 161 3761 4.
213 3724 385 3765 Edwardus‚
399 3727 461 3771 &3:3.
479 3727 621 3771 Salutem,
639 3728 672 3758 &
688 3728 802 3770 iincerae
814 3727 975 3760 dileffionis
987 3728 1132 3759 affectum.
1266 3716 1276 3731 ²

64 3766 142 3828 {laj-
231 3798 240 3808 ἶ
250 3763 478 3834 ProdNffituQ
496 3765 667 3797 diffinitorum
679 3766 761 3795 nobis
777 3765 807 3797 in
820 3764 955 3806 Christo,
973 3765 1109 3798 Custodis
1123 3769 1156 3799 δί
1172 3768 1270 3800 Scola-

96 3811 105 3827 1
126 3821 133 3828 ·
216 3813 290 3838 rium
324 3813 340 3834 e

232 3842 237 3847 ¹
287 3842 298 3850 κ
409 3804 500 3841 rton(
523 3814 552 3834 er
566 3805 688 3842 ipsorum
708 3802 929 3836 Procuratorem
946 3805 1220 3839 Paternitativestrae
1232 3809 1272 3840 se-

216 3841 314 3871 nosius
328 3815 521 3880 exponendis?
528 3842 587 3873 Dei
602 3842 776 3880 Honorem,
793 3850 825 3881 ut
837 3843 992 3882 credimus,
1001 3843 1044 3875 ⁴&
1058 3843 1194 3877 Eccleliae
1208 3847 1272 3878 De-

215 3888 317 3922 corem
335 3881 571 3911 concernentibus
596 3883 661 3919 (pro
674 3882 772 3920 quibus
785 3882 869 3911 etiarn
884 3881 1018 3912 Domino
1033 3882 1156 3913 Summo
1170 3884 1272 3916 Ponti-

216 3916 265 3947 fici
279 3917 384 3950 nostras
396 3919 499 3951 Preces
518 3920 674 3957 optulimus
696 3919 836 3958 speciales)
856 3919 1023 3951 Amicitiam
1038 3920 1161 3954 vestram
1174 3925 1272 3955 cordi-

215 3962 258 3985 ter
270 3955 454 3995 deprecamur
462 3982 473 3998 ,

254 3993 396 4038 Qatinus
416 3998 444 4027 in
464 3997 569 4041 eisdem
589 3997 725 4038 Negotiis
744 3997 823 4028 dicito
845 3995 1028 4029 Procuratori
1051 3997 1170 4031 affistere
1182 4001 1272 4032 velitis

219 4030 351 4076 Consiliis
372 4034 405 4064 &
425 4035 539 4079 Auiiiliis
552 4060 562 4075 ,
585 4047 638 4075 pro
660 4037 727 4066 loco
748 4037 782 4067 ὃς
803 4045 936 4074 tempore
949 4047 969 4067 o
989 4038 1105 4075 ortunis,
1129 4039 1178 4078 ὃς,
1196 4049 1226 4071 ut
1239 4040 1274 4070 ad

219 4069 402 4101 exauditionis
412 4081 530 4108 gratiam
541 4075 650 4106 admitti
664 4075 788 4113 valeant,
807 4073 912 4106 Preces
922 4085 959 4109 ve
986 4085 1026 4107 ras
1039 4076 1236 4116 interponere,
1254 4078 1274 4109 si

217 4109 324 4149 placet,
341 4118 410 4141 cum
421 4111 554 4144 consueta
568 4113 758 4146 benivolentia
771 4112 909 4146 efficaces.

1299 206 1330 246 P
1369 206 1408 247 U
1453 209 1486 247 B
1525 209 1558 248 L
1595 210 1614 249 1
1651 211 1688 250 C
1717 212 1766 252 A.
2301 220 2319 258 5
2329 216 2347 256 3

1323 289 1391 321 Dat.
1411 291 1485 329 apud
1500 292 1814 334 Westmonasterium,
1832 296 1987 327 undecimo
2000 295 2045 326 die
2058 294 2238 325 Decembris.
2358 282 2434 351 Alnjlg
2441 281 2475 351 ἐ)

1457 367 1570 399 Eodem
1586 370 1676 401 modo
1690 370 1815 402 scribitur
1829 372 2000 410 subscriptis;
2019 371 2168 409 videlicet,
2354 343 2456 397 ²⁹¹3&

1285 444 1621 521 Dzizssoff'sslhanmfi
1642 446 1763 485 Epzfiopo
1785 450 1892 478 SanHae
1905 451 2033 479 Romanae
2048 446 2170 488 Ecclqfiae
2185 444 2327 477 Car-dinali
2337 469 2347 484 ,

2364 599 2452 625 *1v.

1288 603 1310 626 *
1345 607 1440 650 Super
1475 609 1667 652 Equitatione
1695 611 1821 640 Comitis
1856 608 2032 652 Lancastriae
2058 613 2094 648 <3-
2123 608 2347 643 Adhaerentinm
2362 646 2415 673 457

1352 656 1472 693 (contra
1490 657 1639 702 Rogerum
1658 654 1693 688 de
1712 661 1842 690 Mortuo
1858 660 1969 701 Mari)
1991 657 2026 690 de
2048 657 2277 692 Pardonazione.

1375 739 1561 768 Emorandum
1600 738 1657 769 abd
1674 742 1805 769 Dominus
1826 742 1887 770 Rex
1909 742 2056 770 mandavit
2074 745 2167 773 Breve
2178 743 2258 783 ficum
2292 742 2346 782 sub
2360 728 2436 759 Ann·
2452 727 2496 758 D4

1384 779 1504 807 Privato
1518 781 1573 815 Sigi
1595 789 1609 808 ο
1616 778 1684 818 fito,
1703 777 1867 808 Cancellario
1874 779 1939 819 fito,
1957 783 1987 809 in
2000 779 2055 809 haec
2071 782 2174 820 verba,
2272 767 2281 781 ⁹
2363 777 2469 835 ΑῙἙΨ·

2392 817 2416 834 η.
2431 818 2460 842 4.

1290 853 1346 914 E
1358 853 1468 884 Dward
1481 878 1490 892 ,
1518 864 1565 893 par
1588 854 1612 884 la
1634 863 1716 892 grace
1736 855 1772 886 de
1792 855 1870 886 Dieu
1883 879 1893 893 ,
1918 854 1987 892 Roy
2004 855 2212 895 d'Englcterre,
2227 857 2349 894 Seignur
2365 851 2393 873 E.
2415 855 2440 881 3·

1368 891 1510 937 d'Irlaund
1525 916 1535 931 ,
1559 894 1593 924 δε
1616 892 1700 924 Ducs
1722 893 1902 932 d’Aquitain,
1918 903 1933 922 a
1948 893 2114 924 l⁷Onurable
2130 894 2209 925 Piere
2222 907 2257 926 eii
2272 895 2350 927 Dieu
2364 884 2452 919 Clffls·

1286 930 1313 970 J.
1335 941 1383 969 par
1404 932 1428 962 la
1450 931 1568 962 melsme
1591 941 1693 971 grace,
1711 932 1842 971 Evesque
1858 931 1894 962 de
1915 931 2104 971 Wyncestre,
2123 933 2218 964 nostre
2232 934 2350 965 Chaun-
2368 932 2393 959 3‘
2408 926 2474 952 3³·

1289 970 1391 1007 celler,
1409 970 1513 1001 Salutz.
2367 971 2403 989 ⁷²³-
2420 970 2463 997 ²9·
2474 957 2499 985 λ’

1329 1008 1443 1046 Corne,
1462 1009 1488 1038 le
1503 1016 1582 1046 quart
1591 1009 1658 1047 jour
1676 1009 1712 1040 de
1733 1009 1899 1040 Decembre
1913 1008 2024 1039 derrein
2058 1009 2128 1047 asse,
2147 1020 2195 1047 par
2210 1020 2351 1042 commun

1291 1046 1379 1078 assent
1394 1046 1441 1077 des
1457 1046 1585 1085 Prclatz,
1602 1047 1747 1086 Countes,
1768 1048 1870 1079 Barons
1880 1071 1888 1086 ,
1912 1050 1944 1080 δε
1959 1048 2007 1078 des
2022 1060 2036 1079 a
2047 1058 2100 1078 tres
2116 1048 2230 1085 Gentz,
2249 1050 2284 1079 dc
2300 1061 2353 1081 no-

1292 1086 1350 1116 stre
1372 1085 1505 1130 Roialtne
1518 1109 1528 1124 ,
1553 1096 1589 1116 en
1609 1087 1706 1117 nostre
1729 1087 1804 1124 plein
1824 1087 1984 1117 Parlement
1999 1111 2008 1125 ,
2042 1086 2165 1125 adunqes
2186 1088 2319 1118 ailemble
2338 1099 2353 1119 a

1292 1123 1498 1168 Westmostier
1513 1147 1522 1161 ,
1547 1134 1629 1155 eoms
1649 1124 1781 1156 Pardone
1801 1126 1836 1156 &
1858 1127 1950 1164 Qite
1964 1150 1973 1163 ,
1993 1136 2044 1162 pur
2057 1125 2161 1163 Nous,
2177 1127 2210 1157 &
2227 1136 2279 1163 pur
2294 1136 2353 1157 noz

1291 1162 1398 1201 Heirs,
1416 1174 1431 1193 a
1446 1187 1456 1200 ,
1482 1163 1579 1193 nostre
1601 1164 1669 1194 chet
1691 1163 1801 1194 Cousin
1817 1165 1850 1194 &
1866 1164 1961 1201 Foial,
1981 1163 2130 1194 Monsieur
2147 1164 2240 1194 Henri
2253 1164 2352 1195 Conte

1295 1202 1330 1232 de
1352 1201 1521 1239 Lancastre,
1538 1203 1669 1232 Thomas
1686 1203 1730 1233 W
1731 1203 1798 1241 ake,
1817 1202 1911 1233 Henri
1931 1202 1967 1233 de
1983 1201 2159 1240 Bcaumont,
2178 1204 2210 1234 ὃς
2227 1203 2359 1233 Thomas

1293 1240 1456 1280 Roscelyn,
1472 1241 1506 1271 δε
1521 1251 1537 1271 a
1550 1249 1621 1271 touz
1636 1242 1714 1271 altres
1728 1241 1764 1271 de
1777 1241 1841 1272 lour
1854 1241 2021 1272 Adher-auce
2036 1243 2069 1271 &
2086 1240 2268 1281 Compagnie
2282 1265 2291 1280 ,
2310 1251 2356 1272 to-

1293 1287 1334 1310 tes
1353 1279 1392 1309 les
1412 1279 1544 1309 Sommes
1560 1303 1570 1318 ,
1594 1290 1621 1310 es
1644 1281 1737 1318 queles
1758 1279 1790 1310 ils
1812 1279 1931 1310 estoient
1947 1287 2035 1310 tenuz
2046 1289 2062 1309 a
2075 1289 2146 1309 nous
2161 1291 2208 1317 par
2225 1281 2304 1311 cause
2317 1281 2354 1311 de

1293 1318 1357 1349 lour
1373 1318 1565 1356 Raunceons,
1579 1329 1631 1357 pur
1647 1329 1702 1349 ceo
1716 1319 1775 1357 q'ils
1790 1318 1912 1349 estoient
1926 1317 2075 1354 n'adgaires
2091 1328 2118 1347 as
2131 1318 2250 1348 chivaux
2266 1321 2299 1350 ὃς
2314 1330 2357 1349 ar-

1295 1367 1354 1387 mes
1370 1367 1385 1386 a
1399 1356 1539 1386 Bedeford
1553 1381 1562 1395 ,
1588 1367 1625 1387 en
1647 1359 1799 1389 entencion
1809 1381 1818 1395 ,
1835 1367 1851 1387 a
1866 1366 1920 1388 ceo
1937 1357 1986 1394 qui
2001 1356 2062 1386 lour
2076 1355 2158 1386 estoit
2173 1357 2291 1395 suzmis,
2310 1367 2359 1397 par

1294 1395 1396 1434 Roger
1411 1395 1447 1425 de
1464 1394 1637 1434 Mortimer,
1656 1397 1805 1435 n’adgaires
1819 1395 1917 1426 nostre
1929 1394 2053 1432 Enemi,
2078 1395 2172 1424 d'aver
2187 1395 2243 1426 fast
2257 1406 2272 1426 a
2288 1406 2361 1426 nous

1296 1434 1427 1465 auscunes
1440 1434 1537 1464 choses
1551 1443 1652 1465 contre
1665 1435 1752 1465 l'estat
1765 1434 1801 1465 de
1815 1445 1888 1465 nous
1901 1435 1934 1464 &
1948 1433 1984 1463 de
1998 1432 2092 1463 nostre
2105 1432 2256 1472 Roialme,

1334 1472 1429 1503 Nient
1452 1472 1588 1504 voillantz
1608 1474 1657 1511 qui
1677 1473 1715 1503 les
1737 1473 1882 1504 avantditz
1896 1495 1906 1510 ,
1930 1471 2024 1502 Henri
2039 1496 2050 1510 ,
2072 1472 2205 1502 Thomas
2221 1496 2230 1510 ,
2247 1471 2362 1511 Herm,

1297 1512 1443 1548 Thomas,
1459 1521 1496 1541 ne
1518 1511 1556 1542 les
1576 1520 1665 1542 autres
1689 1512 1725 1542 de
1747 1512 1811 1545 lour
1832 1511 2000 1541 Adherance
2025 1511 2058 1540 &
2080 1509 2161 1540 Com
2197 1511 2272 1548 ignie
2285 1535 2294 1548 ,
2314 1521 2361 1548 par

1298 1550 1379 1581 cause
1400 1549 1448 1579 des
1468 1549 1538 1580 dites
1560 1548 1751 1588 Raunceons‚
1770 1550 1859 1580 soient
1879 1548 2059 1587 Empescliez
2073 1573 2082 1586 ,
2097 1559 2137 1579 ou
2189 1549 2299 1589 ntaglez
2313 1559 2363 1587 par

1297 1599 1387 1626 nous,
1406 1597 1446 1617 ou
1469 1597 1517 1625 par
1538 1596 1598 1617 noz
1619 1588 1706 1631 Heirs
1719 1612 1728 1626 ,
1754 1598 1791 1619 en
1806 1596 1899 1626 temps
1916 1589 2013 1620 avenir
2028 1610 2038 1626 ,
2063 1596 2164 1618 contre
2179 1587 2203 1617 la
2216 1587 2313 1618 forme
2328 1587 2365 1618 de

1298 1627 1393 1658 nostre
1407 1625 1520 1656 Pardon
1534 1625 1680 1665 avandite,

1338 1666 1366 1696 V
1368 1674 1420 1696 ous
1438 1664 1590 1694 mandoms
1604 1666 1651 1703 qui
1664 1666 1708 1696 sur
1722 1674 1777 1696 ceo
1789 1664 1871 1696 facez
1884 1674 1949 1695 aver
1964 1674 1992 1694 as
2005 1663 2083 1702 ditz,
2100 1664 2193 1695 Henri
2202 1664 2368 1703 ,Thomas,

1298 1703 1410 1742 Henri,
1428 1703 1462 1734 ὃς
1485 1703 1616 1733 Thomas
1632 1727 1643 1742 ,
1667 1705 1700 1735 &
1723 1714 1739 1733 a
1758 1712 1830 1734 touz
1848 1704 1887 1733 les
1908 1712 1997 1733 autres
2017 1702 2052 1732 de
2069 1703 2131 1732 lour
2147 1703 2314 1734 Adlierance
2329 1705 2364 1735 &

1298 1741 1495 1781 Compaignie
1507 1767 1516 1780 ,
1538 1741 1648 1772 Lettres
1662 1766 1672 1782 ,
1690 1742 1759 1773 souz
1779 1741 1875 1772 nostre
1895 1741 1988 1771 Grant
2003 1740 2081 1778 Seal,
2098 1741 2228 1772 severales
2244 1742 2280 1772 de
2295 1741 2365 1773 Par-

1299 1782 1360 1813 don
1377 1782 1537 1820 Qiitance,
1556 1781 1593 1811 de
1603 1781 1664 1811 leur
1681 1781 1856 1812 Raunceons
1869 1779 2038 1812 avantdites:

1335 1820 1374 1851 Et
1394 1829 1468 1851 totes
1489 1819 1527 1849 les
1550 1818 1776 1850 Reconissances
1793 1843 1803 1858 ,
1829 1819 1908 1850 faites
1921 1828 1957 1848 en
1970 1817 2066 1848 nostre
2079 1816 2298 1849 Chauncellerie
2314 1829 2362 1857 par

1298 1859 1337 1890 les
1351 1859 1410 1889 ditz
1446 1857 1557 1895 Henri,
1575 1858 1725 1895 Thomas,
1744 1857 1856 1895 Henri,
1876 1858 1909 1888 &
1928 1856 2078 1894 Thomas,
2097 1856 2131 1887 ὃς
2154 1856 2192 1886 les
2213 1857 2309 1896 altres,
2328 1858 2365 1889 de

1297 1898 1362 1929 lour
1379 1882 1547 1928 Adherance
1561 1896 1596 1926 &
1611 1895 1821 1934 Compaignie,
1839 1905 1892 1934 pur
1905 1894 2009 1925 seurete
2031 1894 2098 1924 faire
2113 1904 2129 1924 a
2145 1903 2217 1925 nous
2231 1895 2279 1925 des
2291 1896 2364 1927 dites

1299 1937 1491 1973 Raunceons,
1507 1935 1587 1965 facez
1603 1934 1783 1966 chaunceller
1797 1935 1831 1966 &
1845 1933 1982 1971 dampnet
1995 1943 2010 1964 a
2025 1932 2052 1964 la
2066 1932 2142 1965 scute
2156 1932 2192 1964 de
2206 1943 2297 1973 ceux,
2315 1936 2366 1973 qui.

1300 1974 1446 2009 vendront
1459 1974 1504 2005 sur
1515 1983 1550 2005 ce
1561 1973 1636 2006 seute
1651 1974 1750 2006 devers
1764 1983 1846 2006 vous.

1338 2053 1412 2083 Doti
1427 2075 1437 2090 ‚
1462 2051 1532 2082 souz
1550 2050 1648 2082 nostre
1669 2049 1756 2080 Prive
1776 2050 1838 2081 Seal
1851 2074 1861 2088 ,
1884 2061 1901 2080 a
1912 2048 2115 2081 Westmostier
2128 2073 2138 2090 ,
2163 2050 2190 2081 le
2206 2059 2241 2081 12
2251 2051 2318 2090 jour
2330 2049 2366 2081 de

1302 2091 1449 2124 Decemb.
1465 2089 1533 2120 l'An
1546 2089 1582 2120 de
1598 2087 1696 2131 nostre
1709 2089 1818 2128 Regne
1833 2089 1934 2128 Qart.

1339 2169 1484 2197 Praetextu
1498 2166 1571 2204 cuius
1586 2165 1722 2196 Mandati
1735 2174 1822 2204 omnes
1836 2166 2032 2201 Recognitiones
2042 2164 2182 2202 praedic‘lae
2191 2187 2201 2203 ‚
2208 2162 2371 2203 faiflaepraei

1303 2208 1587 2276 ξιῗῇζῐέᾒκὶῑαῑὶοκῖε
1596 2204 1736 2244 Ρνιειίίὁῖιε
1750 2204 1826 2243 apud
1835 2202 1976 2244 Bedqford
1987 2226 1997 2241 ,
2015 2201 2171 2233 cancellatae
2185 2203 2255 2242 sient
2269 2201 2308 2238 ὠ
2321 2203 2372 2241 adss

1306 2371 1366 2407 Ad
1384 2375 1502 2418 Papam
1519 2395 1531 2412 ,
1555 2381 1612 2418 pro
1632 2373 1745 2405 Gratia
1772 2369 1808 2403 de
1827 2382 1884 2402 non
1903 2367 2048 2413 refidendo
2062 2378 2182 2415 propter
2196 2370 2310 2403 Aerem
2326 2369 2374 2401 in-

1565 2419 1686 2465 festum
1703 2422 1741 2459 ὠ·
1757 2422 1893 2453 Sanitati
1913 2421 2113 2452 contrarium.

1306 2506 1355 2569 P
1364 2506 1392 2539 A
1402 2505 1426 2537 P
1437 2506 1480 2538 AE
1503 2505 1572 2537 Rex
1585 2505 1691 2536 devota
1703 2503 1817 2535 Pedum
1831 2503 1928 2534 oscula
1941 2504 2105 2534 beatorum.
2395 2495 2472 2526 Ann.
2484 2497 2525 2527 1).

1394 2545 1627 2586 Compatientes,
1645 2553 1680 2574 ex
1691 2544 1798 2574 intimis
1833 2543 1971 2573 debilitati
1987 2543 2117 2580 corporis
2132 2540 2378 2579 senescentis,dis-
2417 2544 2502 2574 1330·

1307 2585 1378 2616 creti
1394 2584 1474 2623 Viri,
1490 2584 1597 2615 Clerici
1611 2582 1701 2613 nostri
1713 2566 1886 2620 praediseffl,
1900 2581 2040 2623 Johannis
2054 2580 2090 2611 de
2103 2580 2237 2611 Godelee
2252 2604 2262 2620 ,
2281 2580 2378 2611 Deca-
2395 2578 2448 2602 ΑΛ·
2461 2584 2489 2609 4·

1307 2624 1337 2654 ni
1356 2622 1508 2653 Wellenfis
1521 2648 1531 2661 ‚
1558 2631 1649 2660 nuper
1669 2620 1834 2651 Exoniensis
1851 2620 1988 2651 Eccleiiae
2011 2619 2121 2657 Elesti,
2137 2620 2171 2650 ὃ(
2187 2619 2269 2657 ipsius
2283 2619 2377 2649 Soler-
2395 2618 2423 2641 Er
2447 2622 2473 2649 3·

1306 2670 1368 2694 tem
1380 2661 1571 2700 Industdam,
1587 2663 1618 2691 in
1631 2659 1782 2699 dirigendis
1795 2659 1881 2690 didiae
1893 2658 2030 2689 Ecclesiae
2041 2660 2162 2697 negotiis
2176 2682 2186 2696 ,
2205 2659 2238 2689 &
2253 2658 2375 2688 utilitati-
2394 2656 2464 2679 Ram.
2479 2655 2510 2687 4?

1307 2701 1360 2732 bus
1372 2701 1571 2739 procurandis,
1588 2698 1780 2737 Recolentes,
1798 2706 1829 2729 ut
1842 2698 1924 2736 ipsius
1938 2697 2118 2735 tranquilitati
2141 2696 2323 2734 provideatur
2338 2695 2374 2726 de
2395 2694 2425 2718 E.
2445 2700 2470 2727 3-
2489 2699 2527 2720 ⁷⁰⁴

1308 2748 1415 2771 caetero
1428 2740 1462 2771 &
1474 2740 1579 2778 quieti,
1595 2741 1632 2769 eo
1646 2738 1780 2768 libentius
1794 2737 1895 2767 vestrae
1904 2735 2075 2766 Clementia:
2086 2733 2260 2766 effundimus
2274 2733 2376 2766 Preces
2396 2738 2423 2766 ²1

1307 2779 1434 2818 nostraS,
1453 2780 1514 2817 quo
1532 2788 1576 2808 eas
1589 2777 1729 2816 speramus
1743 2775 1889 2816 gratioiiuS
1903 2774 2035 2804 exaudiri.

1346 2817 1452 2855 Nuper
1470 2817 1609 2855 liquidem
1623 2839 1633 2854 ‚
1657 2814 1740 2846 Pater
1750 2814 1871 2851 Sancte,
1890 2821 1921 2844 ut
1935 2812 2139 2850 intelleximus,
2157 2811 2209 2843 fuit
2225 2811 2277 2842 sibi
2292 2821 2308 2842 a
2321 2821 2372 2843 ve-

1308 2856 1365 2888 stri>⁴
1383 2855 1556 2896 Benignitate
1577 2853 1717 2885 indultum
1731 2876 1741 2892 ,
1765 2861 1795 2883 ut
1811 2851 1838 2882 se
1851 2851 1944 2890 poffet
1956 2851 1992 2881 ab
2008 2850 2134 2882 Ecclelia
2149 2850 2304 2889 praedisti,
2343 2861 2373 2881 er

1308 2895 1497 2934 Triennium,
1517 2905 1570 2931 pro
1584 2893 1631 2924 sua
1644 2892 1840 2931 dispositione,
1860 2890 2023 2928 absentare,
2049 2890 2082 2920 δε
2097 2889 2302 2919 nichilominus
2319 2861 2374 2919 Di-

1308 2934 1488 2967 stributiones
1507 2934 1541 2964 &
1562 2932 1612 2962 alia
1635 2930 1841 2961 Emolumenta
1860 2929 2024 2967 percipere,
2041 2938 2075 2958 ac
2090 2928 2110 2957 fi
2125 2929 2153 2957 in
2166 2927 2266 2958 eadem
2280 2928 2374 2965 perso-

1310 2973 1406 3003 naliter
1427 2971 1557 3003 resideret
1570 2994 1580 3010 ,
1606 2978 1788 3008 quacumque
1810 2967 2024 2998 Consuetudine
2037 2989 2048 3006 ,
2074 2965 2308 3004 Constitutione,
2325 2966 2372 2995 seu

1306 3011 1494 3052 Juratnento,
1511 3019 1572 3041 non
1585 3008 1724 3040 obstante.

1349 3049 1420 3119 (ἒμᾶ
1443 3049 1559 3088 quidem
1582 3047 1683 3078 Gratia
1699 3055 1748 3085 per
1761 3045 1937 3077 Triennium
1959 3055 1974 3075 a
1995 3043 2059 3075 data
2072 3043 2193 3082 ejusdem
2206 3043 2301 3081 grathe
2337 3051 2373 3072 eo

1309 3098 1369 3127 quo
1415 3090 1491 3119 circa
1517 3086 1601 3118 ardua
1625 3085 1710 3116 dietae
1730 3085 1880 3116 Wellensis
1908 3083 2045 3115 Ecclesiae
2073 3083 2184 3121 negotia
2207 3090 2271 3112 toto
2293 3064 2374 3111 dicto

1309 3127 1452 3159 Triennio
1467 3127 1556 3157 extitit
1570 3132 1740 3162 occupatus,
1757 3123 1820 3154 usus
1834 3133 1894 3154 non
1909 3124 2050 3159 extiterat,

1346 3165 1459 3196 Vestrae
1472 3164 1616 3196 Sanctitati
1630 3164 1734 3195 votivis
1745 3162 1896 3194 affefflbus
1909 3161 2093 3199 supplicamus
2128 3158 2255 3196 quatinus
2267 3156 2374 3196 eidem,

1306 3204 1429 3244 Johanni
1439 3227 1449 3241 ,
1466 3212 1498 3235 ut
1511 3201 1677 3234 Residendo
1690 3202 1720 3232 in
1734 3201 1787 3232 alia
1800 3200 2006 3237 Ecclesiarum,
2027 3199 2075 3228 ubi
2090 3181 2229 3227 lieneficia
2243 3197 2373 3239 optinet,

1309 3244 1356 3275 vel
1370 3245 1400 3273 in
1416 3242 1551 3281 Corpore
1567 3240 1732 3272 Decanatfis
1745 3240 1801 3278 sui,
1819 3240 1866 3270 seu
1880 3239 1992 3276 alicujus
2008 3234 2230 3278 praebendarum
2242 3238 2350 3265 suarum
2361 3258 2370 3271 ,

1310 3282 1356 3314 vel
1371 3281 1424 3312 alia
1437 3280 1566 3313 Ecclesia
1587 3279 1748 3311 Cathedrali
1763 3303 1772 3317 ,
1799 3279 1847 3309 ubi
1869 3275 2054 3308 Beneficiatus
2076 3272 2183 3312 existit,
2201 3282 2247 3303 aut
2262 3274 2290 3303 in
2303 3273 2371 3302 loco

1308 3321 1359 3351 ubi
1376 3322 1396 3341 ²*
1414 3329 1525 3359 ceperat
1539 3320 1692 3357 Originern
1707 3341 1716 3357 ,
1741 3319 1873 3355 quotiens
1884 3315 1934 3345 sibi
1949 3313 2082 3351 placuerit
2096 3312 2322 3357 (proutSanitati
2337 3311 2370 3341 δε

1310 3358 1516 3397 Complexioni
1529 3358 1583 3389 suae
1597 3358 1696 3389 melius
1712 3357 1812 3387 viderit
1825 3353 1990 3390 convenire)
2007 3352 2033 3382 se
2045 3352 2081 3381 ab
2098 3351 2221 3381 hcclciia
2236 3349 2369 3379 Welleu-

1311 3398 1331 3428 fi
1342 3399 1431 3430 valeat
1444 3398 1481 3428 de
1494 3405 1598 3429 caetero
1612 3396 1771 3433 absentare,
1787 3391 2013 3431 quibuscumque
2028 3388 2304 3431 Consuetudinibus,
2323 3386 2371 3431 yel

1310 3438 1440 3475 Statutis,
1458 3436 1541 3475 ipsius
1554 3434 1707 3472 Ecclesiae,
1725 3433 1771 3463 seu
1783 3433 1951 3471 juramento
1964 3430 2030 3467 suo,
2047 3438 2106 3458 non
2119 3426 2311 3469 obstantibus,
2326 3436 2370 3455 in-

1309 3475 1425 3515 dulgere
1445 3475 1603 3512 dignemini
1644 3472 1769 3508 ratiose3
1797 3471 1830 3501 δε
1851 3477 1882 3499 ut
1903 3468 2124 3498 Distributiones
2138 3466 2171 3495 Sc
2184 3465 2232 3494 alia
2249 3463 2370 3494 Emolu-

1309 3523 1406 3545 menta
1420 3515 1450 3544 in
1464 3512 1584 3543 absentia
1599 3511 1646 3542 sua
1659 3511 1803 3549 percipere
1817 3507 1908 3546 posset
1921 3530 1931 3546 ,
1956 3505 2108 3537 secundum
2123 3503 2245 3533 formam
2261 3502 2372 3533 Gratiae

1311 3554 1361 3583 sibi
1376 3554 1449 3591 prius
1460 3551 1622 3588 concessae,
1640 3547 1784 3589 potiffime
1797 3556 1864 3577 cum
1877 3555 1940 3584 aer,
1958 3545 1988 3574 in
2003 3543 2128 3574 Civitate
2141 3539 2279 3570 Welleusi
2289 3565 2298 3579 ‚
2318 3541 2369 3571 ubi

1309 3591 1385 3622 idem
1408 3588 1662 3629 Decanusffrelidet
1678 3611 1689 3626 ,
1716 3585 1877 3617 multotiens
1891 3584 1923 3614 fit
1936 3581 2074 3620 infestus,
2089 3581 2123 3612 &
2143 3579 2198 3610 sure
2213 3581 2370 3616 contrariusv

1309 3630 1432 3662 Sanitati.

2389 3299 2404 3315 ⁴⁸
2427 3300 2482 3327 iv:

2386 3337 2455 3373 458².
2478 3333 2489 3373 ’.

1345 3707 1504 3740 conservet
1520 3716 1571 3739 vos
1585 3703 1740 3736 Altiffimus
1752 3711 1802 3740 per
1816 3708 1945 3738 tempora
1960 3697 2089 3738 prospera
2105 3696 2138 3727 &
2154 3695 2296 3735 longaeva:

1348 3783 1415 3814 Dat.
1434 3772 1507 3824 affiud
1522 3778 1829 3816 westmonasterium,
1845 3776 1960 3807 decimo
1974 3774 2057 3805 tertio
2070 3771 2116 3804 die
2131 3771 2316 3804 Decembris.'

1513 3913 1572 3948 Ad
1587 3912 1762 3947 Cardinales
1776 3911 1867 3957 fhper
1884 3913 1995 3943 Gratia
2007 3911 2160 3956 praetaffa.

1383 3999 1523 4044 Enerabili
1537 4000 1565 4029 in
1579 3997 1697 4042 Christo
1712 3995 1804 4036 Patri,
1823 3995 1959 4040 Domino
1969 3995 2007 4026 C.
2025 3995 2084 4026 Dei
2104 3995 2208 4035 gratia,
2227 3994 2370 4026 Albanen-
2382 3962 2514 4040 Αῗὲἒέλ

1393 4040 1413 4070 si
1427 4038 1587 4082 Episcopo,
1606 4036 1715 4081 Amico
1729 4036 1779 4066 suo
1794 4034 1935 4066 carissimo
1941 4057 1951 4073 ‚
1967 4033 2139 4075 Edwardus,
2157 4034 2368 4069 &esaiutem
2379 4044 2433 4069 An.
2447 4051 2476 4077 4,

1313 4080 1347 4112 δε
1363 4079 1476 4122 sincerae
1490 4076 1647 4120 dilectionis
1659 4074 1819 4118 affectum„
1979 4113 1984 4118 ¹
2007 4112 2012 4118 .
2108 4113 2113 4118 ι
2211 4112 2215 4117 ¹
2278 4110 2282 4115 Δ
2379 4084 2408 4107 E.
2431 4089 2456 4116 3,

1356 4115 1417 4151 Viri
1432 4115 1621 4152 Venerabilis,
1640 4113 1710 4145 Deo
1723 4113 1841 4182 devoti&5
1855 4112 1890 4192 {c
1906 4111 2014 4144 Clerici
2026 4111 2115 4144 nostri
2129 4106 2375 4178 Praedssefflh'aiigi}
2383 4118 2487 4155 ibidem,
