2562 4279
229 52 253 88 6
699 39 1501 92 CONVENTIONES,

86 128 163 160 Arin.
180 129 220 158 D.

109 177 191 207 1320.

84 209 152 234 Edv.
173 217 199 234 2-.

303 217 352 252 De
370 214 543 263 inquirendo
554 241 563 257 ,
581 214 671 260 fitper
688 215 856 247 Miraculis
874 213 992 248 Thomae
1008 210 1232 258 Hercfordeagsis

690 265 836 310 Epistopi.

85 352 163 385 Αῃη,
178 353 217 384 D,
236 349 350 411 PAP
360 349 400 379 AE
418 348 482 379 Rex
498 348 601 379 devota
612 347 716 386 pedum
732 348 826 380 oscula
837 349 995 380 beatorum.
1223 385 1227 389 ¹

107 403 191 433 1320,
340 386 392 417 Ne
415 397 567 424 pravorum
590 388 774 425 protervitas,
800 388 883 418 bonis
904 389 1013 426 semper
1034 385 1135 417 infesta
1157 384 1298 429 moribus,

85 438 138 458 Aa.
159 442 198 467 ¹4·
235 428 439 457 circumveniat
458 427 631 456 innocentiae
643 427 811 466 puritatem,
828 436 874 457 aut
887 427 1063 457 sermonibus
1076 425 1299 455 odiiventatem

87 474 118 495 E.
142 480 167 496 2.
235 465 380 495 obnubilet
402 466 440 494 rei
462 463 563 504 gcstce,
581 464 680 495 vestrae
703 465 814 495 Sanitae
829 465 988 496 Paternitati
1003 468 1011 500 (
1021 474 1086 503 quae
1098 465 1127 493 iri
1142 462 1232 493 odore
1246 462 1299 503 bo-

84 512 155 535 Rom.
184 506 217 539 ὠ·
235 513 279 532 nae
293 503 389 532 Famae
405 503 533 533 Fratrum
547 504 580 534 &
595 503 778 534 Subditorum
793 502 906 534 suorum
921 503 1091 538 delectatur)
1112 501 1186 532 fideli
1201 499 1299 531 Testi-

83 550 125 573 Ἑν.
151 556 190 580 iq..
235 543 335 571 monio
356 543 523 571 nunciamus
539 563 548 577 ,
568 541 665 582 quod,
685 542 847 572 venerabilis
870 542 968 580 Pater,
987 541 1169 572 Guillielmus
1190 538 1299 582 Muna—

83 588 115 610 E.
137 593 161 610 2.
233 580 313 609 tensis
336 579 491 618 Episcopus
513 581 596 618 (qui,
608 581 642 610 ad
667 580 864 619 inquirendum
875 582 912 611 de
926 581 994 611 Vita
1008 581 1042 611 &
1058 578 1217 615 Miraculis‚
1237 576 1299 621 reli-

85 631 157 655 rimi.
173 621 198 648 A.
234 619 274 648 cis
294 620 461 656 memoriae,
479 617 554 649 Beati
565 619 712 658 Thomae,
731 619 876 659 quondam
890 618 1101 649 Heresordeniis
1114 617 1266 659 Episcopi,
1282 624 1297 644 a

234 656 307 687 Sede
331 656 500 694 Apostolica
520 656 687 696 destinatus,
706 659 736 688 iri
751 658 884 695 Angliam
898 668 988 698 nuper
1002 657 1097 693 venit)
1117 656 1204 693 dum,
1222 663 1297 684 circa

233 696 422 726 commissum
445 696 494 726 sibi
516 704 626 727 tanturn
648 697 681 726 &
703 697 762 726 tam
775 697 885 727 salutare
899 697 1063 736 negotium,
1080 703 1214 732 tanquam
1229 692 1297 721 side-

232 733 350 763 ]ii'iimus
369 734 530 773 Executor,
547 735 576 764 in
600 734 706 774 Regno
727 734 826 765 nostro
836 736 936 775 jugiter
950 733 1127 771 intendebat,
1145 731 1297 770 prudenter

233 773 266 802 δε
281 772 452 809 laudabiliter
464 774 548 803 omni
561 781 690 811 tempore
705 773 731 803 se
747 774 862 811 habuit,
879 775 913 804 ὃς
928 774 963 803 ab
977 772 1111 802 omnibus
1125 770 1183 801 vita
1199 770 1232 800 ὃς
1247 779 1297 806 ge-

232 810 276 841 stu
299 811 497 842 honestissimo
518 813 624 842 merito
646 812 834 850 collaudatus,
855 812 983 853 expleto,
1002 810 1081 849 quod
1095 810 1121 840 ei
1133 808 1295 847 injuntfimm

232 849 338 889 fuerat,
353 850 388 881 ad
403 851 515 891 propria
526 851 667 881 remeavit.
1205 886 1221 891 ..

269 889 471 928 Quamobrem
485 889 607 919 eundem
622 888 797 928 Episcopum
813 889 918 925 (virum
932 889 1027 925 utique
1039 887 1086 917 alti
1102 885 1239 922 Consilii,
1258 884 1297 914 fa-

233 927 280 957 ma
305 928 459 966 pollentem
472 951 482 966 ,
507 928 539 958 ὃς
559 928 586 957 in
606 928 717 958 avendis
735 927 903 967 quibussibet
925 925 1174 964 circumspectum)
1197 923 1298 953 vestrae

233 964 403 997 Clementiae
425 967 536 997 sinceris
557 953 706 996 astefftibus
726 966 979 1003 commendamus,
998 965 1126 994 attentius
1139 971 1296 1006 exortantes

227 1006 361 1041 quatinus
380 1005 508 1044 Negotia
525 1027 533 1042 ,
559 1004 648 1044 ipsum
670 1014 753 1044 penes
774 1004 895 1034 vestram
918 1003 1165 1034 Mansuetudinem
1184 1010 1297 1044 contin-

230 1045 342 1082 gentia,
360 1042 569 1082 praemissorum
591 1043 831 1079 consideratione,
850 1042 939 1072 nostri
961 1044 1045 1072 etiam
1066 1040 1239 1078 Rogaminis
1254 1050 1297 1069 in-

231 1089 376 1120 terventu,
394 1082 496 1112 favoris
518 1082 643 1112 ubertate
663 1081 752 1112 vestra
767 1081 926 1119 Benignitas
938 1081 1032 1118 iubere
1048 1080 1178 1118 dignetur
1190 1079 1299 1117 ample-

233 1120 289 1156 etr,
307 1130 336 1150 ut
357 1130 393 1149 eo
415 1119 538 1150 Paternis
553 1119 703 1150 affeetibus
715 1121 838 1150 intimius
851 1121 1054 1158 conjungatur,
1071 1128 1130 1158 quo
1146 1117 1298 1155 majoribus

233 1158 341 1196 pollere
356 1159 460 1189 viribus
473 1159 556 1189 fuerit
568 1160 778 1198 comprobatus.

271 1196 447 1236 Conservet,
465 1198 526 1228 &o

268 1273 334 1305 Dat.
351 1275 425 1313 apud
439 1274 747 1314 XVesttnonasterium,
767 1274 888 1312 septimo
902 1273 948 1304 die
962 1273 1092 1311 Augusti

276 1409 336 1440 Pro
363 1406 495 1440 Rolando
521 1406 745 1453 Archiepiftopo
772 1407 1019 1450 Ardmacatano,
1042 1406 1078 1439 de
1099 1419 1155 1439 non
1171 1419 1248 1455 gra-

601 1455 702 1489 vando
713 1469 769 1503 pro
790 1455 920 1490 Debitis.

79 1540 158 1573 Anii.
173 1541 213 1573 D.
232 1541 346 1602 PAP
357 1542 397 1574 AE
418 1543 483 1574 Rex
495 1541 595 1574 devota
609 1543 714 1581 pedum
730 1543 822 1575 oscula
838 1543 994 1585 beatorum.

100 1589 184 1620 1320.
335 1581 449 1613 cuneta
467 1592 514 1620 per
534 1582 645 1612 Orbem
669 1582 854 1613 Subditorum
876 1583 1033 1614 discrimina
1052 1582 1125 1613 adeo
1139 1592 1190 1612 vos
1205 1581 1296 1612 credi-

78 1622 132 1647 An.
152 1630 195 1655 ¹4.
235 1629 296 1650 mus
313 1619 432 1652 Paterna
451 1623 553 1658 pietate
575 1622 620 1651 res
634 1623 724 1659 icere,
743 1630 773 1651 ut
785 1622 819 1652 ad
836 1621 960 1659 ipsorum
977 1622 1155 1659 indigentiam
1169 1620 1295 1650 relevan-

78 1662 110 1685 Ε.
132 1668 155 1686 2.
233 1657 315 1696 dam,
335 1661 382 1698 qui
404 1659 479 1691 nulla
501 1659 583 1697 culpi
615 1659 648 1690 ua
663 1660 858 1699 praecedente,
877 1660 913 1691 set
926 1660 1005 1690 solius
1019 1660 1162 1690 infortunii
1178 1658 1295 1689 necessi-

77 1700 147 1723 Rom.
159 1696 191 1729 ὃν
229 1705 284 1727 tate
297 1698 509 1738 deprimuntur,
524 1699 738 1738 compassionis,
758 1698 885 1737 Gratiae,
904 1700 936 1730 δε
953 1698 975 1728 F
977 1699 1067 1729 avoris
1090 1707 1208 1728 munera
1223 1707 1297 1738 prae-

78 1738 111 1799 {r
128 1745 184 1800 214.
229 1736 355 1767 tendatis.
474 1765 491 1769 ,

271 1775 472 1815 Qamobrem
486 1775 570 1814 cum,
589 1775 760 1806 Venerabilis
773 1776 869 1814 Pater,
887 1776 982 1807 Frater
995 1775 1156 1813 Roiandus,
1177 1774 1296 1806 Archie-

78 1820 116 1839 m.
128 1822 156 1847 4.
171 1813 197 1840 d.
231 1813 358 1852 piscopus
378 1814 577 1844 Armacatanus
589 1837 598 1852 ,
618 1817 702 1845 totius
723 1814 874 1845 Hiberniae
894 1814 1001 1845 Primas
1014 1839 1023 1853 ,
1043 1824 1091 1852 per
1114 1814 1239 1844 Hostiles
1260 1815 1294 1844 δε

232 1853 390 1891 inopinatos
409 1853 545 1891 aggressus
567 1853 740 1892 Scotorum,
759 1863 848 1891 partes
862 1853 934 1892 illas,
951 1855 980 1884 in
1012 1855 1091 1884 uibus
1111 1852 1295 1891 Temporalia

231 1891 298 1920 dieti
320 1889 581 1929 Archiepiscopatus
602 1891 739 1930 existunt,
757 1892 904 1922 crudeliter
926 1894 990 1922 inva
1011 1893 1140 1929 entium,
1159 1891 1191 1922 ὃ(
1213 1892 1297 1922 deva-

232 1929 380 1968 stantium,
400 1938 442 1960 tot
462 1930 494 1960 &
518 1938 591 1960 tanta
605 1929 739 1968 Dampna
754 1930 895 1970 perpessus
908 1931 954 1968 sit,
973 1930 1053 1968 quod
1067 1930 1102 1960 de
1114 1930 1296 1968 Temporali-

229 1968 282 1997 bus
294 1967 345 1998 suis
364 1967 520 2005 praediffls,
538 1979 553 1998 a
567 1976 696 2005 tempore
710 1979 769 2008 quo
781 1979 813 1999 ea
826 1969 861 1999 de
875 1969 957 1998 nobis
970 1969 1090 2008 recepit,
1108 1970 1154 1998 vii<
1170 1968 1208 1998 sui
1221 1969 1296 1998 surri-

227 2004 294 2044 ptsis
311 2007 416 2045 recepit
436 2006 602 2043 necessaria,
621 2007 754 2045 gravique
773 2006 848 2037 AEre
862 2007 969 2044 alieno,
989 2017 1041 2046 pro
1057 2006 1128 2037 statu
1141 2006 1227 2037 dietae
1238 2007 1296 2038 Ec-

227 2044 317 2075 clefiae
331 2044 534 2085 supportando,
550 2045 662 2075 cooitur
677 2047 803 2083 onerari,

267 2082 438 2114 Clementiae
455 2084 554 2114 vestra:
577 2068 683 2114 devote
696 2084 826 2114 duximus
841 2083 1056 2125 supplicandum
1092 2084 1220 2122 quatinus
1234 2093 1296 2115 exa-

229 2121 355 2152 &ionem
374 2123 552 2161 debitorum,
568 2123 597 2152 in
617 2123 718 2161 quibus
738 2122 814 2153 idem
837 2123 919 2153 Pater
934 2132 987 2162 pro
1000 2121 1061 2152 Ecc
1072 2122 1123 2152 esni
1137 2122 1184 2153 sua
1199 2122 1295 2153 Curiae

232 2159 332 2190 vestrae
352 2161 507 2200 obligatur,
524 2161 558 2192 ad
576 2162 732 2191 terminum
752 2162 813 2199 sex,
832 2162 876 2192 vel
892 2161 986 2191 saltem
1001 2162 1124 2201 quinque
1139 2172 1293 2199 annorum,

231 2199 283 2267 pio
302 2200 404 2230 intuitu
427 2199 539 2230 differre
559 2199 670 2237 velitis,
695 2201 727 2230 ὃς
750 2201 896 2230 sententias
914 2199 1229 2230 Excommunicationis
1250 2200 1296 2230 seu

248 2237 396 2276 nterdifti,
414 2238 431 2268 si
453 2248 517 2277 quae
540 2239 569 2267 in
590 2238 677 2277 ipsum
699 2238 862 2269 auctoritate
885 2237 978 2268 vestra
1002 2238 1062 2269 latae
1085 2239 1134 2268 lint
1148 2239 1297 2269 occasione

230 2275 402 2314 supradict-52,
422 2276 441 2306 si
458 2277 567 2314 placet,
586 2277 756 2314 benignitate
768 2277 847 2307 solita
861 2277 989 2307 relaxetis.

272 2313 429 2344 Conservet
449 2325 500 2345 vos
523 2314 695 2353 Altissimus,
714 2315 748 2345 ad
771 2315 918 2354 Regimen
939 2314 1073 2346 Ecclesiae
1095 2315 1150 2345 suae
1169 2315 1299 2355 SanCtae,

232 2361 283 2389 per
296 2361 427 2390 tempora
438 2354 564 2392 prospera
577 2354 610 2385 &
625 2352 764 2392 longaeva.

271 2426 339 2458 Dat.
355 2430 429 2468 apud
443 2429 731 2462 Vi‘cstmonasterium
742 2453 752 2470 ,
768 2431 888 2472 septimo
902 2430 947 2461 die
960 2430 1085 2471 Augusti.

468 2566 528 2596 Pro
545 2562 711 2607 Albaneqfi
727 2565 865 2611 Epcftopo
886 2564 1060 2598 cardinale.

82 2650 160 2682 Ann.
175 2650 216 2684 D.
237 2644 362 2700 REX
381 2648 566 2680 Thesaurario
581 2650 614 2679 ἃ
630 2648 798 2680 Camerariis
810 2650 876 2686 suis,
893 2650 1017 2680 salutem.

104 2699 190 2728 ¹320·
345 2686 492 2725 Liberate,
511 2688 546 2718 de
564 2688 709 2718 Thesauro
732 2689 845 2727 nostro,
865 2688 1022 2719 Venerabili
1046 2688 1135 2727 Patri,
1155 2688 1190 2719 A.
1213 2689 1301 2720 Alba-

80 2732 134 2757 Α».
157 2739 198 2764 ¹4-
237 2725 315 2755 nensi
333 2724 493 2764 Episcopo,
512 2726 624 2756 SanCtae
647 2726 788 2758 Romanae
808 2726 943 2758 Ecclesiae
959 2726 1118 2766 Cardinali,
1135 2736 1252 2758 centum
1267 2729 1306 2759 &⁷

81 2771 112 2793 Ε.
136 2777 160 2795 2.
236 2765 439 2802 quinquaginta
456 2764 584 2802 Marcas3
601 2764 749 2804 videlicet,

80 2806 193 2833 Libemt.
633 2813 637 2822 ‘

85 2853 129 2878 14·
144 2848 174 2870 E.
190 2854 216 2872 2.
275 2841 294 2860 *ς
305 2839 353 2870 De
365 2850 441 2870 anno
456 2841 552 2882 Regni
567 2841 655 2872 nosti-i
670 2842 824 2873 undecimo
839 2844 1040 2882 quinquaginta
1056 2842 1168 2873 Marcas
1187 2854 1192 2873 z

81 2891 118 2908 m.
136 2891 161 2917 3.
277 2878 315 2909 Et
330 2879 366 2909 de
380 2890 455 2909 anno
473 2880 568 2920 Regni
581 2880 671 2909 nostri
686 2881 859 2911 duodecimo
872 2883 1076 2920 quinquaginta
1092 2882 1204 2912 Marcas
1217 2892 1224 2912 ι

82 2920 102 2937 '³
121 2921 175 2947 ΠΙ.
271 2917 309 2948 Et
324 2918 358 2947 de
371 2928 446 2948 antio
463 2918 557 2958 Regni
572 2919 659 2948 nostri
675 2920 872 2950 tertiodecimo
885 2922 1086 2960 quinquaginta
1101 2920 1230 2958 Marcas,

85 2956 151 2992 846.
276 2957 353 2996 Qiae
375 2957 400 2986 ei
422 2967 436 2986 a
458 2967 533 2988 retro
553 2959 614 2988 sunt
634 2958 669 2986 de
691 2958 782 2987 annua
804 2959 940 2989 Peniione
959 2960 1171 2997 Qinquaginta
1187 2959 1301 2990 Marca-

237 3005 319 3039 rum,
335 3005 420 3064 quaim
442 2997 486 3034 ei,
502 3006 550 3036 per
571 2997 662 3026 literas
682 2996 787 3027 nostras
810 3007 951 3035 patentes,
968 2998 1157 3028 concessimus
1169 2998 1204 3028 de
1219 3000 1301 3030 nobis

236 3043 379 3072 percipien
399 3043 455 3063 am.

269 3109 359 3140 Teste
378 3110 460 3150 Rege
475 3111 549 3149 apud
562 3110 850 3143 westmonasterium
860 3135 869 3150 ,
885 3113 992 3144 octavo
1003 3114 1049 3144 die
1064 3112 1194 3153 Augusti.

383 3248 442 3278 Pro
462 3248 572 3293 Rogero
591 3245 626 3279 de
644 3244 864 3293 A'orrhburgh,
889 3246 1149 3280 commendatoria.

89 3332 166 3363 Arm.
181 3332 221 3364 D.
298 3331 356 3362 ΑΡ
367 3330 409 3362 AE
426 3330 490 3361 Rex
505 3331 607 3362 devota
621 3332 725 3371 pedum
738 3331 830 3361 oscula
846 3332 999 3361 beatorum.

113 3379 196 3409 1320.
347 3370 442 3410 Urget
462 3368 577 3400 affectio
598 3371 705 3400 intimae
727 3371 862 3407 caritatis,
885 3369 939 3409 quii
958 3370 1123 3407 personam,
1148 3370 1300 3410 praedflefti

89 3413 133 3436 Ari
163 3419 207 3445 14.
243 3408 349 3440 Clerici
367 3412 400 3440 ὃς
422 3409 564 3439 Secretarii
583 3409 688 3447 nostri,
707 3408 836 3447 Magistri
854 3409 960 3447 Rogeri
972 3409 1007 3438 de
1022 3408 1229 3447 Nortliburgh,
1248 3410 1301 3439 Ar—

92 3450 123 3473 Ε.
144 3458 169 3475 2.
242 3447 400 3478 chidiaconi
424 3447 669 3486 Rycliemundiae,
687 3447 895 3485 prosequimur,
914 3447 964 3476 suis
985 3447 1157 3485 exigentibus
1178 3449 1303 3478 moribus

92 3484 206 3518 ivm-&⁸
243 3486 277 3516 &
298 3487 400 3516 meritis
420 3486 564 3523 virtuosis,
582 3495 629 3523 ut,
648 3496 712 3523 quae
736 3484 822 3515 status
840 3485 920 3524 ipsius
942 3485 1148 3522 prosperitatem
1166 3485 1302 3524 fulciunt,

94 3525 134 3549 fr.
159 3532 199 3558 14-
242 3533 343 3562 augent
363 3524 521 3563 honorem,
547 3526 579 3555 &
599 3533 778 3554 concernunt
797 3523 976 3561 pi·or⁴e<stuuni
997 3525 1187 3562 incrementa,
1210 3525 1305 3554 multi-

95 3564 125 3585 E.
145 3569 170 3586 2.
243 3562 348 3599 plicatis
366 3563 507 3601 precibus,
527 3564 626 3593 vestrae
649 3563 817 3593 Clementia:
837 3561 968 3592 ferventis
991 3562 1114 3591 desiderii
1135 3561 1228 3591 studio
1243 3563 1303 3600 sug-

97 3607 171 3632 m-4·
243 3609 384 3637 geramusg
404 3600 516 3631 firmam
535 3602 571 3632 de
592 3601 681 3632 vestra
695 3602 864 3640 benignitate
879 3600 1009 3630 fiduciam
1025 3610 1193 3637 reportantes
1228 3601 1304 3638 uoti,

245 3641 433 3680 oportunitate
453 3639 562 3677 oblata,
581 3641 674 3670 innata
696 3640 785 3670 vestra
806 3639 999 3670 Benivolentia
1019 3638 1181 3669 nostrorum

247 3685 359 3705 minum
374 3687 483 3707 memor
499 3687 559 3707 erit.

288 3714 488 3754 (Quamobrem
510 3717 545 3745 de
567 3717 692 3754 benigna
711 3717 745 3747 &
764 3716 882 3755 gratiosa
902 3715 1094 3754 responsione,
1109 3726 1194 3755 quarn
1216 3715 1304 3746 vestra

250 3749 438 3781 Maiiiuctudo
458 3754 549 3783 facere
567 3755 746 3793 dignabatur,
762 3755 903 3784 carissimo
924 3756 1013 3784 Fratri
1033 3757 1066 3785 ὃς
1088 3754 1177 3784 Fideli
1191 3754 1305 3791 nostro,

249 3787 402 3818 Edmundo
421 3791 455 3819 de
475 3792 665 3830 ll'odestoke,
686 3795 718 3823 ὗε
740 3795 846 3823 caeteris
869 3794 1108 3824 Ambassatoribus
1122 3794 1238 3830 nostris,
1254 3804 1305 3822 nu-

249 3836 299 3866 per
319 3827 491 3869 ad<vestram
513 3831 685 3867 praetenti-am
705 3841 752 3869 per
776 3842 826 3861 nos
843 3831 1000 3871 destinatis,
1020 3832 1100 3870 super
1113 3832 1306 3869 requisitione,

249 3874 299 3908 per
320 3868 390 3906 ipsos
411 3875 443 3893 ex
467 3875 540 3903 parte
554 3869 649 3899 nostra
663 3871 743 3899 vobis
757 3870 844 3906 facta,
864 3881 915 3907 pro
929 3871 1049 3908 eisdem,
1069 3871 1146 3900 sicuti
1163 3871 1211 3907 ipli
1226 3871 1307 3899 nobis

250 3906 371 3945 seriosius
392 3904 556 3946 retulerunt,
583 3908 682 3937 vestra:
701 3907 884 3946 Beatitudini,
913 3919 979 3947 quas
999 3910 1140 3947 valemus,
1157 3909 1307 3948 gratiarum

242 3944 389 3984 referimus
402 3941 522 3972 actiones
537 3955 546 3981 3

1236 3649 1306 3678 oga-

1562 44 1955 93 LITERAE,

1379 130 1464 161 Totis
1487 130 1636 163 affeffibus
1654 132 1853 171 supplicantes,
1872 132 2000 170 quatinus
2018 131 2164 170 praefatum
2184 129 2333 164 clericum
2351 142 2404 163 no·
2418 127 2494 160 Arm.
2508 130 2547 165 D.

1344 167 1452 207 strum,
1470 172 1536 209 qui,
1557 180 1615 201 tam
1637 170 1784 201 Genitoris
1802 170 1908 209 nostri,
1931 172 2019 210 quam
2039 169 2161 209 nostris,
2184 181 2201 201 a
2220 171 2312 211 longis
2333 179 2407 201 retro
2440 177 2525 208 1320-

1343 209 1536 247 temporibus,
1554 209 1671 240 fideliter
1692 209 1859 239 inhaerendo
1879 210 2037 248 obsequiis,
2055 209 2160 239 utiliter
2181 209 2215 240 &
2236 209 2408 240 laudabiliter
2421 209 2490 236 Edv·
2504 218 2530 238 2-

1342 244 1478 277 laboravit
1500 248 1581 277 omni
1600 256 1726 287 tempore
1745 249 1799 286 (&
1819 257 1906 288 quem
1926 258 2040 279 morum
2060 248 2184 288 probitas
2197 270 2207 285 ,
2237 246 2409 279 Litterarum

1341 283 1472 323 scientia,
1496 286 1631 316 fidelitatis
1652 286 1824 324 constantia,
1843 287 1959 324 provida
1980 286 2218 325 circumspectio,
2233 286 2268 316 &
2285 285 2335 317 alia
2352 287 2410 317 vir-

1342 330 1436 353 tutum
1456 324 1569 363 insignia
1592 325 1787 363 multipliciter
1803 324 2014 363 condecorant)
2033 325 2136 356 habere
2155 323 2336 363 dignemini,
2354 334 2408 356 no-

1344 360 1392 391 stri
1406 363 1644 402 consideratione,
1663 366 1781 402 paternis
1794 362 1943 394 affeeribus
1955 363 2202 394 commendatum.

1379 399 1419 430 Et
1440 410 1492 438 eo,
1510 401 1530 431 fi
1549 402 1656 440 placet,
1674 403 1829 440 expolitum
1852 401 2013 433 fiducialiter
2032 401 2133 433 vestrae
2151 401 2296 432 Serenitati
2318 400 2408 432 nostri

1342 438 1435 468 cordis
1454 439 1619 470 desiderium
1634 451 1687 480 pro
1702 442 1823 480 eodem,
1842 451 1912 471 curn
1925 440 2038 471 facultas
2053 440 2204 480 optulerit,
2222 439 2338 471 celerius
2351 450 2408 477 op—

1342 485 1396 506 tata
1413 476 1529 508 efferitui
1550 488 1729 517 mancipare,
1743 489 1802 519 quo
1823 479 1851 509 id
1873 479 1966 510 nostra
1980 480 2165 524 multiplicata
2178 478 2353 517 intercessio,
2370 479 2405 509 ὃς

1342 514 1508 561 nostrorum
1520 516 1574 547 fida
1588 518 1686 549 relatio
1700 517 1735 548 N
1737 519 1904 557 unciorum,
1923 517 2018 551 vestris
2032 519 2118 549 beatis
2129 518 2241 549 auribus
2253 517 2408 550 ferventius

1340 562 1515 585 lntlrnarunt.

1379 591 1555 632 Constrvet,
1573 594 1634 626 ἃς.

1378 668 1447 699 Dat.
1463 669 1536 707 apud
1550 669 1744 703 Stratfordiam
1756 680 1811 704 atte
1822 672 1919 713 Bogh,
1937 683 2018 705 nono
2034 673 2081 704 die
2093 671 2223 712 Augusti.

1718 798 1777 829 Pro
1796 796 1874 831 ditio
1889 800 2014 845 Rogero.

1342 875 1553 936 VEnerabili
1575 880 1604 909 in
1625 879 1743 912 Christo
1762 881 1858 921 Patri,
1876 881 2013 915 Domino
2031 883 2064 915 B.
2077 884 2113 915 de
2127 883 2233 915 Monte
2248 882 2402 920 Faventia,
2417 883 2493 916 Ann.
2507 885 2549 922 D«

1391 953 1396 958 ⁴
1428 916 1540 947 Sanctae
1561 917 1664 949 Mariae
1684 920 1713 950 in
1728 920 1840 959 Aquiro
1855 921 1991 952 Diacono
2005 921 2163 962 Cardinali,
2183 923 2290 953 Amico
2303 919 2403 952 nostro
2437 932 2521 963 1320.
2548 926 2549 929 ’

1340 953 1501 1022 grimmo,
1525 954 1694 995 Edwardus‚
1715 959 1777 990 &c.
1797 959 1912 990 salutem
1927 984 1938 998 ,
1963 960 1997 991 &
2018 961 2132 992 fincerae
2153 961 2313 994 dilefflonis
2333 958 2403 990 affe-
2417 965 2469 990 An.
2482 973 2525 1000 ¹4·

1373 1002 1432 1022 um.
2418 1004 2451 1028 E.
2468 1011 2494 1031 2.

1378 1030 1478 1075 Efficit
1496 1032 1600 1077 sincera
1613 1034 1757 1074 Dileetio,
1775 1035 1830 1074 qua
1848 1036 2012 1076 personam,
2029 1036 2124 1068 dileeti
2139 1036 2291 1071 Clerici&
2306 1037 2403 1068 Secre-
2417 1039 2482 1067 thid.

1342 1076 1403 1099 tarii
1424 1071 1529 1110 nostri,
1549 1072 1678 1113 Magistri
1700 1072 1809 1114 Rogeri
1831 1075 1867 1105 de
1885 1075 2098 1115 Northburgh,
2114 1074 2317 1107 Archidiaconi
2337 1075 2402 1116 Ry-

1340 1107 1536 1153 chemundiae‚
1553 1111 1753 1149 amplectimur
1765 1113 1806 1143 ob
1819 1112 1981 1154 multiplicia
1996 1114 2077 1154 ipsius
2091 1115 2190 1146 merita
2203 1114 2339 1152 virtuosa,
2356 1123 2406 1153 ut,

1341 1156 1406 1184 quae
1427 1149 1508 1186 ipsius
1528 1159 1632 1187 augent
1650 1151 1832 1189 profeetuum
1844 1153 2033 1191 incrementa,
2051 1152 2162 1184 intenso
2174 1152 2303 1183 desiderii
2313 1152 2406 1185 studio

1362 1190 1595 1258 Γῖἰὲιίζῧὲηέἓέὴιὲς
1617 1191 1651 1220 ad
1670 1189 1698 1220 id
1719 1191 1806 1221 etiam
1825 1191 1935 1222 nostros
1958 1191 2109 1223 Benivolos
2129 1191 2162 1223 &
2176 1191 2298 1223 Amicos
2308 1191 2407 1223 sedulis

1508 1250 1513 1255 ,
1581 1238 1653 1259 mus.

1357 1263 1563 1310 'RQapropter
1576 1267 1698 1298 eundem
1710 1267 1864 1308 Rogerum
1879 1269 1994 1307 (virum
2007 1270 2104 1309 utique
2119 1268 2294 1300 Litterarum
2306 1268 2406 1300 Scien-

1342 1309 1382 1332 tia
1405 1303 1574 1348 praedictum
1580 1306 1733 1349 ,moribus
1754 1315 1958 1348 temperatum,
1977 1309 2116 1347 omnique
2133 1308 2244 1339 honore
2263 1307 2403 1347 dignum)
2527 1309 2541 1326 ⁹

1343 1339 1445 1371 vestrae
1458 1342 1605 1373 dilectioni
1619 1345 1729 1385 sincero
1742 1345 2009 1377 recommendamus
2022 1346 2144 1384 affeetu,
2515 1346 2541 1372 ‘³

1380 1379 1525 1411 Attentius
1542 1383 1685 1414 exorando
1702 1385 1846 1423 quatinus,
1864 1385 1935 1416 esim
1957 1385 2035 1423 super
2049 1385 2184 1424 aliquibus
2196 1384 2233 1420 N
2268 1385 2346 1423 otiis,
2365 1385 2408 1424 ἰΡ·

1342 1417 1393 1448 sius
1419 1418 1638 1452 Promotionem
1666 1422 1701 1453 &
1728 1421 1882 1454 Honorem
1900 1424 2078 1463 tangentibus
2092 1447 2103 1463 ,
2131 1433 2216 1464 penes
2271 1424 2407 1454 ominum

1341 1457 1494 1502 Summum
1509 1458 1683 1491 Pontificem
1695 1461 1804 1492 tractari
1813 1462 1976 1500 contigerit,
1982 1462 2082 1501 velitis,
2087 1472 2186 1494 amore
2193 1462 2295 1501 nostri,
2302 1461 2408 1501 modis,

1341 1496 1443 1533 quibus
1459 1496 1559 1529 decere
1577 1499 1611 1530 ὅ(
1631 1499 1759 1537 expedire
1769 1500 1910 1540 videritis,
1927 1501 1935 1530 i
1957 1502 1981 1532 fi
1996 1499 2124 1541 Negotia
2137 1501 2276 1531 benevole
2289 1510 2406 1538 promo-

1340 1545 1423 1573 vere,
1442 1536 1492 1575 δε,
1514 1544 1544 1567 ut
1557 1537 1636 1575 Juxta
1655 1538 1748 1570 cordis
1766 1539 1856 1569 nostri
1874 1539 1930 1570 defi
1950 1540 2043 1570 etium
2061 1538 2176 1571 effeetui
2194 1540 2406 1579 mancipentur,

1338 1572 1437 1612 Opem
1450 1574 1483 1606 &
1498 1574 1658 1607 Consilium
1672 1587 1813 1616 apponere
1827 1587 1974 1617 oportuna.

1374 1650 1442 1683 Dat.
1461 1660 1492 1684 ut
1509 1653 1597 1693 supra.

1510 1792 1600 1825 Bulla
1611 1819 1621 1835 ‚
1648 1792 1694 1826 ad
1708 1796 1818 1827 Pacem
1834 1805 1904 1827 cum
1921 1797 2016 1827 Scotis
2025 1820 2037 1837 ,
2061 1790 2241 1827 hortatoria.

1335 1875 1510 1943 JOhannes
1531 1876 1703 1918 Episcopus,
1722 1879 1815 1910 servus
1828 1879 1973 1911 servorum
1987 1878 2063 1917 Dei,
2081 1877 2222 1910 mriffimo
2237 1878 2266 1909 in
2281 1877 2401 1909 Christo
2417 1873 2495 1905 Ann.
2508 1875 2547 1915 D,

1386 1914 1476 1955 Filio,
1494 1916 1652 1956 Edwardo,
1667 1916 1745 1958 Regi
1763 1918 1876 1958 Angliae
1890 1917 2009 1957 Illustri,
2028 1918 2141 1950 salutem
2155 1919 2189 1950 &
2204 1916 2401 1959 Apostolicam
2416 1923 2522 1980 Al320.

2444 1965 2470 1981 n.
2486 1962 2529 1990 ¹4·

1374 1993 1404 2023 Si
1417 1993 1572 2033 dispendia,
1589 1993 1629 2024 fili
1643 1994 1802 2034 cariffime,
1817 1995 2021 2027 consideranter
2038 1995 2241 2033 *attenderee,
2255 2003 2318 2034 quae
2331 1992 2402 2024 Belli
2417 1996 2449 2019 E·
2470 2001 2497 2021 2.
2528 2033 2532 2037 Α

1339 2030 1489 2063 Calamitas
1508 2032 1688 2064 introducere
1699 2035 1845 2065 consuevit
1860 2045 1866 2064 :
1905 2034 1936 2065 Si
1949 2033 2108 2064 commoda
2122 2033 2306 2064 considerares
2315 2039 2404 2062 atten—
2417 2034 2458 2057 Ex
2473 2032 2532 2064 AF.

1338 2071 1392 2101 tius
1427 2080 1490 2110 quae
1503 2070 1584 2102 Pacis
1595 2071 1692 2102 lenitas
1703 2074 1887 2113 repromittit·
1908 2073 2042 2112 profecto
2055 2071 2196 2103 credimus
2229 2070 2290 2102 uod
2302 2070 2337 2102 ad
2350 2069 2405 2101 Pa·
2418 2076 2481 2105 togr.

1337 2111 1378 2139 cis
1416 2110 1528 2149 oedera,
1543 2111 1614 2141 inter
1626 2110 1767 2148 Regnum
1779 2120 1863 2142 tuum
1874 2096 1908 2142 ἐς
1922 2110 2060 2151 Regnum
2074 2110 2199 2149 Scotiae,
2228 2109 2304 2140 olide
2316 2109 2405 2140 refor-
2417 2107 2437 2126 *¹
2453 2107 2509 2143 111,

1339 2147 1457 2187 manda,
1471 2157 1553 2179 tuum
1575 2151 1707 2187 prompte
1726 2151 1856 2181 animum
1876 2150 2039 2187 inclinares,
2057 2159 2144 2188 opem
2166 2148 2287 2179 studiose
2305 2149 2406 2187 inpen-
2419 2145 2486 2182 847·

1339 2187 1434 2226 dereS,
1450 2188 1483 2219 &
1496 2187 1607 2218 solerter
1620 2188 1769 2218 efficacem
1782 2198 1901 2227 operam
1914 2188 2065 2219 adhiberes.

1377 2225 1409 2255 Id
1467 2236 1520 2265 ue,
1538 2226 1607 2257 crim
1622 2226 1655 2256 ad
1671 2227 1733 2257 haec
1747 2226 1955 2267 pertractanda,
1973 2228 2045 2257 inter
2059 2226 2108 2256 Te
2120 2226 2153 2257 &
2168 2225 2330 2265 Regentem
2343 2224 2407 2257 Re-

1340 2273 1430 2302 gnum
1468 2266 1554 2295 cotiae
1575 2273 1666 2295 certus
1680 2267 1834 2305 terminus,
1852 2274 1882 2296 ut
1896 2265 2100 2303 intelleximus,
2117 2265 2150 2295 fit
2163 2265 2311 2305 praefixus,
2327 2264 2408 2295 Sere-

1341 2304 1459 2333 nitatem
1481 2303 1606 2340 Regiam
1625 2312 1742 2341 paterno
1762 2314 1897 2342 rogamus
1919 2304 1952 2335 ὃ(
1973 2313 2164 2335 comonemus
2178 2303 2298 2342 affeetu,
2315 2303 2407 2342 quati-

1340 2351 1392 2371 nus

1378 2364 1555 2411 P'raeambula
1580 2381 1613 2411 &
1631 2380 1737 2412 attenta
1754 2380 1936 2412 meditatione
1956 2380 2105 2412 discutiens
2124 2381 2210 2420 quam
2233 2381 2356 2410 incertus
2373 2379 2406 2411 sit

1342 2417 1516 2449 Guerrarum
1532 2428 1664 2450 eventus:
1691 2421 1775 2458 quam
1788 2419 1883 2449 multis
1898 2419 2009 2451 Guerra
2023 2419 2154 2460 praedidm
2169 2419 2201 2449 sit
2215 2417 2316 2448 onusta
2331 2419 2403 2456 peri-

1341 2457 1428 2496 culis,
1447 2458 1554 2497 magnis
1568 2468 1683 2497 quoque
1697 2459 1778 2499 plena
1791 2458 1953 2497 dispendiis3
1971 2467 2108 2498 quantum
2123 2457 2183 2487 Dei
2196 2456 2311 2487 obsistat
2322 2457 2406 2487 servi-

1342 2497 1385 2526 tiis
1403 2505 1409 2525 :
1434 2506 1504 2536 quot
1523 2498 1680 2527 animarum
1702 2499 1799 2536 exitia,
1817 2497 1923 2528 excidia
1943 2506 1995 2528 cor
2016 2506 2116 2534 orum,
2133 2495 2271 2527 vastitates
2292 2505 2406 2534 rerum,

1342 2534 1377 2564 &
1397 2534 1465 2573 alia,
1483 2544 1542 2565 non
1559 2535 1642 2566 facile
1661 2534 1851 2573 numeranda,
1869 2536 1966 2565 incom
2007 2546 2022 2565 a
2039 2535 2136 2565 secum
2157 2534 2264 2572 trahat;
2289 2543 2409 2565 necnon

1343 2574 1376 2603 &
1391 2574 1595 2612 circumspecte
1609 2574 1786 2604 considerans
1800 2573 1879 2610 qubd
1917 2572 1995 2603 Pacis
2009 2575 2039 2603 in
2053 2581 2183 2613 ternpore
2191 2596 2202 2611 ‚
2219 2573 2322 2603 colitur
2333 2582 2409 2603 con-

1343 2613 1485 2650 gruentius
1505 2612 1597 2643 Adtor
1615 2612 1714 2651 Pacis,
1732 2612 1866 2652 operibus
1883 2597 1995 2643 f'ietatis
2008 2619 2122 2644 vacatur
2134 2612 2263 2650 liberius,
2281 2612 2316 2642 &
2330 2612 2408 2643 saluti

1343 2648 1485 2681 efficacius
1497 2650 1650 2681 intenditur
1663 2652 1818 2681 animarum
1832 2660 1838 2679 :

1381 2688 1428 2719 Ad
1442 2689 1547 2720 Pacem
1562 2690 1667 2729 ipsam,
1678 2699 1738 2720 non
1748 2689 1840 2720 solum
1853 2688 1923 2719 Tibi
1935 2689 2131 2729 expedientem
2147 2689 2182 2720 &
2197 2687 2323 2728 Regenri
2335 2697 2410 2728 prae-

1343 2726 1443 2766 dieto,
1460 2728 1499 2758 set
1516 2727 1695 2760 neceffariam
1716 2729 1771 2758 toti
1791 2727 1919 2767 mundo,
1938 2727 1972 2758 &
1993 2727 2144 2765 specialiter
2166 2727 2295 2759 Subsidio
2308 2728 2410 2758 Terrae

1343 2767 1462 2805 sanitae,
1480 2776 1544 2804 quae
1559 2775 1641 2797 tuum
1654 2766 1815 2797 Subsidium
1828 2767 1911 2797 anxie
1925 2765 2118 2804 praestolaturz,
2135 2767 2183 2797 cui
2196 2776 2256 2797 non
2270 2774 2350 2806 potes
2363 2767 2408 2800 iri-

1345 2805 1460 2836 tendere
1472 2805 1541 2835 sicut
1555 2813 1685 2843 appetere
1699 2805 1817 2844 diceris,
1835 2804 1948 2843 praefata
1963 2803 2076 2836 Guerra
2090 2804 2225 2843 durante,

1383 2844 1434 2874 Ob
1462 2843 1550 2882 Regis
1572 2842 1680 2881 pacifici
1704 2845 1890 2875 reverentiam
1910 2845 1945 2875 &
1964 2842 2052 2875 dietae
2070 2844 2172 2876 Terrae
2191 2843 2293 2875 sancitae
2313 2842 2408 2874 Subsi-

1345 2882 1442 2921 dium,
1460 2883 1587 2913 animum
1603 2890 1685 2913 tuum
1699 2882 1823 2914 habilites
1836 2883 1870 2914 ὃς
1886 2882 2013 2912 inclines.

1338 1955 1576 1986 benedictionem.

1380 2959 1451 2991 Dat.
1474 2959 1609 2992 Avinion.
1628 2968 1730 3000 quarto
1747 2959 1812 2991 Idus
1831 2958 1956 2998 Augusti
1970 2982 1981 2999 ,
2005 2958 2194 2991 Pontificatfis
2213 2957 2305 2990 nostri
2327 2967 2404 2991 anno

1342 3008 1451 3039 quarto.

2052 3074 2143 3114 Sigillo
2155 3073 2259 3115 avulsi).

1474 3203 1533 3238 Ad
1547 3207 1690 3237 Comitem
1706 3202 1895 3246 Hellandiae,
1915 3214 1970 3249 pro
1981 3200 2104 3248 justitia
2122 3199 2270 3236 habenda.

1344 3288 1490 3343 REX,
1515 3288 1623 3319 Nobili
1643 3289 1734 3328 Viro,
1759 3288 1892 3319 Domino
1911 3288 1965 3319 W.
1987 3287 2151 3327 Hanoniae,
2171 3287 2353 3326 Honandiae‚
2369 3288 2405 3320 ὅ(
2416 3293 2492 3325 Anu.
2502 3291 2539 3324 D.

1417 3329 1554 3359 Selandiae
1575 3327 1702 3366 Comiti,
1720 3337 1752 3357 ac
1775 3327 1910 3358 Domino
1931 3327 2042 3366 Frifiae,
2060 3328 2168 3358 Amico
2181 3327 2232 3358 suo
2244 3325 2404 3364 cariffimo,
2435 3340 2516 3374 1320·

1342 3368 1457 3400 salutern
1472 3369 1505 3398 &
1518 3367 1631 3396 sincerae
1644 3366 1798 3398 dileffionis
1810 3365 1955 3396 affec‘mm.
2417 3375 2469 3400 Aa.
2487 3379 2526 3407 ¹4·

1382 3407 1457 3444 Pro,
1471 3405 1581 3436 dilectis
1598 3406 1695 3444 nobis,
1712 3404 1799 3435 Petro
1818 3405 1854 3435 de
1873 3403 2043 3445 Welewyk,
2061 3405 2095 3435 &
2113 3403 2246 3443 Johanne
2255 3401 2404 3433 Trenche-
2416 3415 2448 3438 E.
2469 3419 2494 3438 2,

1346 3456 1406 3476 mer
1428 3447 1460 3476 ὃς
1480 3444 1608 3481 Jobanne
1630 3444 1718 3475 Stater
1738 3444 1775 3474 de
1797 3443 1927 3482 Ravens,
1946 3453 2061 3474 necnon
2080 3442 2285 3473 Executoribus
2303 3440 2403 3473 Testa-
2417 3446 2541 3485 clausam*

1345 3485 1435 3514 menti
1450 3483 1523 3513 Petri
1538 3483 1604 3513 Atte
1619 3482 1689 3520 See,
1707 3483 1740 3512 &
1754 3481 1871 3512 Ricardi
1884 3482 2005 3521 Trouk,
2021 3481 2237 3517 defundiorum3
2332 3518 2337 3524 ⁸
2415 3492 2448 3515 Ε,
2463 3496 2489 3514 2.

1381 3523 1428 3552 Ut
1443 3523 1481 3552 eis
1489 3545 1499 3560 ,
1518 3521 1594 3561 super
1607 3521 1821 3558 recuperatione,
1832 3521 2021 3559 quorumdam
2035 3519 2180 3550 Bonorum
2194 3517 2228 3547 &
2242 3515 2406 3562 Mercrmo-
2419 3536 2455 3555 m.
2465 3532 2506 3552 22.
2516 3518 2541 3550 d.

1345 3563 1474 3598 niorum,
1491 3559 1525 3590 ad
1544 3560 1691 3589 valentiam
1712 3560 1927 3597 quingentarum
1962 3560 1994 3590 &
2017 3558 2128 3597 viginti,
2147 3557 2181 3586 &
2201 3565 2283 3585 unius
2296 3555 2408 3599 ‘Libra-

1348 3610 1428 3638 rum,
1444 3600 1476 3629 ὃς
1497 3598 1712 3636 quatuordecim
1729 3597 1910 3637 Solidorum‚
1940 3598 2145 3642 'terlingorum,
2161 3605 2175 3624 a
2193 3594 2332 3632 praefatis,
2350 3593 2406 3626 Pe-

1347 3637 1567 3713 {rasim}
1579 3635 1903 3712 Ξίὴῗοῖἓῆξὲῗὲἢῗὲ,
1911 3632 2249 3714 {giz‘issiatssgfizfflai‘
2259 3630 2408 3701 iflussffriff.

1347 3725 1376 3744 ra
1390 3714 1478 3781 2¹²¹?ss
1488 3737 1497 3752 ,
1510 3724 1599 3752 prope
1609 3713 1729 3744 Terram
1744 3712 1871 3744 nostram
1885 3709 2151 3751 Angliae,hostiliter
2163 3708 2407 3748 depraedatorum,

1367 3763 1377 3783 t
1412 3762 1507 3782 icitur:

1347 3764 1366 3859 ἒ
1384 3791 1436 3820 Vel
1462 3790 1546 3821 Pretii
1567 3790 1717 3821 Bonorum
1738 3790 1926 3828 eorumdem,
1946 3787 2057 3829 plenam
2076 3785 2111 3816 &
2133 3784 2255 3815 celerem
2271 3784 2408 3823 justitiam

1370 3831 1406 3859 eri
1424 3830 1547 3859 faceretis

1389 3868 1442 3899 Per
1456 3852 1560 3898 nostras
1575 3867 1680 3898 Literas
1695 3868 1824 3906 speciales
1836 3865 2014 3896 meminimus
2026 3861 2126 3906 pluries
2143 3871 2195 3891 vos
2209 3861 2324 3906 rogfiffe.

1387 3906 1494 3939 Verum
1508 3908 1587 3947 quia,
1602 3907 1636 3936 ad
1651 3907 1754 3947 primos
1766 3914 1873 3936 rovatus
1886 3903 2012 3939 nostrOS,
2029 3901 2111 3931 nobis
2125 3910 2173 3938 per
2189 3899 2292 3930 Literas
2306 3900 2407 3932 vestras

1349 3944 1517 3985 rescripsistis
1536 3945 1612 3985 quod
1631 3945 1789 3983 praedietis,
1829 3951 1905 3981 etro,
1916 3940 2060 3981 Johanni,
2078 3939 2111 3971 ὃς
2127 3938 2269 3978 johanni,
2287 3940 2320 4008 {c
2336 3938 2411 4008 {xe-

2252 3987 2289 4009 cu
2300 3987 2343 4008 ori
2364 3987 2410 4017 us,
