2562 4279
699 130 807 171 ET
894 129 1161 171 ACTA

0 232 38 255 in.
53 219 92 252 D.
109 231 173 252 rum
187 218 430 251 conservationem
441 214 598 257 Jurarnenti
610 215 728 246 vinculo
740 215 832 245 sumus
851 214 970 252 astriffl,
991 216 1025 246 ὃς
1038 222 1101 253 quae
1111 238 1119 251 ,
1135 214 1170 256 ad

3 269 65 301 322.
110 260 343 300 procurationem
356 259 530 296 aliquorum,
545 264 626 285 more
638 254 855 297 Progenitorum
874 253 1037 283 nostrorum
1050 263 1108 296 riori
1127 256 1169 282 io-

47 308 70 326 2.
106 299 176 336 lito,
195 299 223 327 in
238 298 328 328 vestra
343 296 429 328 Sacra
445 295 535 326 Curia
547 293 680 324 haeremus
699 300 824 331 impetita
844 291 974 327 fuerunt)
989 292 1072 321 nobis
1089 291 1169 320 illaesa

105 345 278 368 remaneant:

0 311 27 330 v.

141 375 191 406 Ut
209 375 266 412 iic,
288 372 453 404 cessantibus
466 369 609 406 scandalis,
628 368 722 399 honor
737 367 873 398 Ecclesiae
886 367 1051 404 Romanae,
1068 365 1168 396 Matris

108 414 231 451 nostrae,
257 414 287 442 in
309 411 439 442 Materna
459 408 607 439 dulcedine
625 406 732 436 Filium
755 406 966 443 amplestentl's,
992 405 1102 435 uberius
1125 405 1167 435 vi-

108 460 186 492 geat,
202 453 235 483 &
249 460 282 481 ex
297 451 353 480 hoc
367 449 391 479 F
392 447 467 478 ilialis
479 447 606 477 Devotio
619 445 742 474 similiter
755 452 960 482 angmentetur.

183 490 315 520 *iaesumus
337 488 419 518 etiarn
439 495 469 515 ut
491 485 526 515 de
541 483 611 514 statu
625 482 664 512 H.
682 482 885 512 Lincolnieniis
898 481 1028 520 Episcopi
1042 481 1110 519 (qui
1123 480 1166 510 di-

109 491 398 562 &cffiarthoiomaeQ
415 523 513 555 nostro
528 522 655 557 Rebelli,
675 522 739 550 totis
755 521 861 550 viribus
875 520 1015 558 adhaeret,
1033 520 1066 550 &
1082 520 1166 549 nobis

109 567 304 601 contrariatur)
318 566 394 603 juxta
412 571 540 600 rogatum
560 559 702 597 nostrum,
722 559 872 588 literatorie
895 569 943 596 per
962 557 1097 588 Nuncios
1114 568 1168 588 no-

110 605 182 636 stros
201 603 347 644 praedieios
359 601 480 637 fastum,
496 598 622 629 ordinare
634 597 700 626 velit
713 597 803 627 vestra
819 596 971 627 Paternitas
983 598 1069 635 quam
1088 597 1169 626 beni—

111 653 183 683 gna,
199 642 348 682 quoniam,
364 639 423 677 ipso
444 639 472 668 in
488 637 596 674 Regno
614 634 710 669 nostro
725 637 754 665 in
769 644 842 666 tanta
859 635 1005 675 Dignitate
1020 644 1170 665 remanen-

110 690 156 720 te,
173 681 249 711 idern
264 679 400 717 Regnum
414 686 473 706 non
487 675 626 705 credimus
641 674 817 712 tranquillari.

151 719 197 749 Ad
215 719 293 755 haec,
318 716 400 747 Pater
417 713 519 745 Sanete
534 735 544 751 ,
568 713 703 743 dileecum
725 711 871 743 Clericum
892 712 1023 743 nostrum
1037 736 1046 750 ,
1072 710 1170 750 Magi-

112 756 199 788 strum
221 755 379 785 Robertum
400 752 436 782 de
458 750 564 782 Baldok
579 774 589 790 ,
622 750 866 782 Archidiaconum
888 751 1080 781 Middlesexiae
1102 762 1107 782 n
1119 750 1167 788 qui

227 794 303 862 „r

51 846 58 852 ·
275 841 282 861 i
837 840 848 858 s
974 842 982 858 t
1157 844 1171 850 -

7 872 32 891 ²·
112 841 318 903 bisltgslii’tenteisa
339 842 433 899 {arere
454 839 611 897 crinimodt·
620 840 687 896 lriion
701 840 864 905 poffiiiirus)
886 839 986 897 vestiis:
1000 865 1168 897 Beatitudini

111 910 199 949 plenis
219 907 363 939 affectibus
381 904 634 943 commendamus,
653 905 833 946 supplicantes
849 907 977 943 quatinus
991 906 1085 936 eidem
1101 903 1172 935 Cie-

112 950 175 979 rico
189 946 288 978 nostro
302 947 405 983 (quem
420 945 577 974 Literarum
592 943 721 989 scientia,
740 945 806 975 vitae
820 944 959 976 laudabilis
974 943 1101 975 honestis
1111 966 1120 981 ,
1138 943 1172 974 ὃς

110 988 161 1018 alia
182 987 315 1017 virtutum
336 991 472 1013 exornant
493 983 626 1022 insignia)
644 982 680 1012 de
699 983 869 1022 Episcopatu
885 984 913 1013 in
930 983 1040 1020 Regno
1055 981 1172 1020 nostro,

132 1026 240 1056 roximo
259 1031 408 1059 vacaturo,
435 1022 468 1052 &
490 1021 526 1052 ad
549 1020 632 1052 vestri
658 1021 841 1062 Apostolatsis
863 1021 1099 1058 Ordinationem,
1126 1021 1172 1051 seu

145 1063 328 1102 ispoiitionem
343 1060 485 1099 spectante
494 1084 504 1100 ‚
519 1060 675 1099 dignemini
690 1060 788 1091 nostris
801 1062 929 1099 precibus
945 1059 1106 1099 providere:

147 1102 184 1132 Et
205 1100 283 1139 super
304 1098 463 1130 Praebenda
486 1100 522 1129 de
546 1099 718 1140 Aylesbuiy,
743 1110 829 1139 quam
851 1100 936 1130 habet
956 1109 990 1129 ex
1011 1098 1176 1129 Collatione

109 1140 203 1172 nostra
226 1140 255 1168 in
274 1138 399 1169 Ecclesia
415 1138 619 1173 Lincolnienli,
637 1138 667 1168 in
682 1148 740 1177 quo
755 1139 831 1169 fac‘to
843 1138 893 1176 Jus
908 1137 1037 1167 nostrum
1054 1137 1176 1175 speciali-

109 1187 152 1210 ter
165 1177 301 1215 venatur,
319 1178 388 1208 sicut
402 1177 463 1207 alias
478 1176 578 1207 vestra:
594 1174 767 1207 Clementiae
778 1176 951 1215 scripsimus,
966 1177 1046 1213 ipsius
1066 1173 1174 1206 Clerici

110 1216 198 1249 nostri
209 1218 333 1256 quietem
348 1215 484 1245 ordinare.

149 1255 262 1294 Insuper
271 1255 405 1285 dilectum
421 1253 566 1284 Clericum
579 1252 726 1291 nostrum,
747 1251 920 1290 Magistrum
934 1252 1126 1284 Willielmum
1139 1251 1176 1282 de

111 1294 292 1334 Ayremynne
309 1317 318 1331 ,
345 1292 528 1323 Cancellariae
550 1292 655 1321 nostrae
676 1291 862 1322 Secretarium
886 1292 988 1331 (quem
1015 1290 1172 1321 Literarum

110 1334 226 1374 peritia,
246 1332 319 1363 odor
339 1332 425 1362 bonae
446 1332 545 1369 samoe,
564 1331 597 1361 ὅτ
622 1330 674 1360 alia
693 1330 838 1361 laudabilia
862 1331 976 1368 merita,
993 1329 1103 1360 honore
1118 1329 1176 1359 Ec-

112 1371 266 1402 clesiastico
285 1370 373 1408 digne
395 1370 517 1400 habilem
540 1368 676 1404 reddunt)
695 1370 728 1400 &
750 1368 896 1408 Negotia,
918 1368 1010 1408 ipsum
1033 1368 1106 1408 apud
1127 1379 1178 1398 ve-

113 1409 409 1480 grarnxClementiam
424 1408 632 1447 contingentia,
646 1407 738 1437 eidem
754 1407 876 1438 similiter
888 1407 1121 1438 commendamus
1135 1408 1179 1437 in-

143 1458 231 1479 antius
241 1461 246 1465 '

151 1472 304 1517 Exora'ntes
320 1495 350 1518 ut
362 1485 466 1524 idistis,
483 1485 618 1515 Roberto
636 1485 668 1515 δε
690 1484 871 1523 willielmo,
890 1483 927 1514 sic
950 1483 1038 1513 nostri
1061 1484 1178 1522 intuitu,

116 1525 144 1557 se
155 1527 257 1566 aperiat
270 1524 353 1555 vestri
369 1523 554 1563 Apostolatfis
567 1524 650 1563 gratia
664 1523 795 1562 liberalis,
813 1522 889 1561 quod
903 1522 988 1552 iidem
1004 1521 1109 1552 Clerici
1126 1533 1180 1552 no-

117 1564 183 1603 stri,
203 1565 267 1603 qui,
282 1574 297 1594 a
312 1564 436 1601 jamdiu,
454 1563 487 1594 &
509 1562 760 1600 inpraesentiarum,
777 1562 926 1592 nobiscum
942 1561 1051 1591 labores
1068 1561 1181 1599 partici-

116 1611 200 1643 pant,
217 1602 250 1633 ad
271 1602 357 1633 nostri
380 1602 555 1639 instantiam,
575 1610 659 1639 prout
679 1601 882 1638 desideramus,
898 1600 1014 1629 honoris
1028 1600 1179 1629 cumulum

116 1642 337 1679 consequantur,
356 1641 389 1672 &
412 1651 445 1671 ex
469 1641 525 1671 hoc
536 1639 594 1670 aliis
608 1640 787 1670 benemeritis
802 1639 835 1669 ad
850 1638 981 1677 obsequia
996 1638 1078 1668 nobis
1093 1637 1181 1668 fideli-

116 1688 158 1711 ter
173 1680 360 1717 impendenda
375 1679 507 1710 annuatis.

155 1718 312 1749 Conservet
326 1741 336 1756 ,
353 1718 414 1749 ὅτε.

152 1793 223 1826 Dat.
241 1794 313 1833 apud
330 1793 456 1825 &Veston
474 1792 568 1823 subtus
586 1792 681 1833 Egge,
698 1792 834 1824 vicesimo
850 1793 953 1831 quinto
967 1792 1014 1822 die
1028 1791 1182 1823 Februarii.

320 1916 467 1963 Ejusdem
492 1919 696 1964 Argumenti‚
721 1916 765 1950 ad
795 1916 984 1951 Cardinales.

0 2015 50 2039 nn.
62 2005 107 2038 D.
196 2001 336 2034 Enerabili
359 2004 389 2033 in
410 2001 529 2034 Christo
551 2001 641 2041 Patri,
660 2001 795 2033 Domino
818 2002 853 2032 L.
878 2001 936 2032 Dei
949 2003 1053 2043 gratia,
1073 2003 1186 2035 Sanftae

3 2055 88 2087 132²-
208 2041 313 2072 Mariae
337 2042 367 2072 in
381 2041 438 2072 Via
459 2041 529 2072 Latii.
547 2041 691 2084 Diacono,
705 2040 865 2079 Cardinali,
884 2041 992 2072 Amico
1015 2043 1065 2072 suo
1085 2043 1188 2073 carissi-

0 2088 30 2112 [η.
47 2095 56 2113 i
61 2094 89 2121 5.
126 2090 195 2117 mO,
214 2079 384 2118 Edwai‘dUS,
401 2081 464 2111 δίε.
477 2080 607 2118 salutem,
626 2080 659 2110 &
674 2082 788 2110 iincerae
801 2079 958 2109 dilefflonis
974 2079 1120 2111 affetftum.

0 2143 6 2151 .
25 2133 52 2152 2.
163 2118 274 2149 Statum
294 2118 390 2156 Regni
405 2118 491 2148 nostri
507 2116 567 2152 ὡς.
582 2125 614 2147 ut
621 2117 724 2157 fiaepra,
742 2118 777 2149 ad
792 2117 910 2149 Curiam
923 2117 1089 2150 Romanam
1104 2118 1190 2150 desti-

0 2162 82 2190 iidem.
125 2165 220 2195 natos,
240 2157 319 2188 vobis
331 2157 461 2187 volumus
473 2158 603 2186 intimari.
927 2173 930 2179 ·

163 2195 366 2264 Sugsequenter
390 2197 462 2227 vero
481 2195 551 2225 dieti
573 2194 705 2226 Rebelles
722 2193 811 2226 nostri
831 2194 890 2230 &a
905 2201 937 2225 ut
951 2193 1055 2235 ficpra,
1073 2196 1192 2228 feliciter

128 2244 163 2265 ex
185 2245 200 2264 e
220 2244 269 2265 ire.

164 2245 246 2342 Qae
266 2272 362 2303 omnia
384 2272 466 2302 vobis
486 2272 666 2311 intimamus,
683 2280 714 2303 ut
734 2281 768 2302 ex
786 2271 962 2312 prosperitate
977 2270 1090 2312 nostrii,
1107 2283 1193 2312 quam

128 2310 179 2342 soli
230 2310 336 2342 tiffimo
348 2309 526 2347 ascribimus,
542 2310 660 2341 laetiores
672 2309 836 2341 efficiamini
842 2311 893 2349 ,¹35
907 2312 936 2341 in
949 2311 1060 2350 agendis
1074 2310 1194 2351 nostris,

128 2351 160 2380 in
183 2350 318 2380 Roman-3.
337 2348 426 2379 Curia
445 2349 596 2389 praedieca,
616 2349 742 2380 vestrum
763 2348 923 2380 Consilium
943 2350 1045 2381 nostris
1065 2350 1101 2381 N
1104 2352 1195 2382 unciis

129 2388 270 2428 praedictis
284 2387 384 2419 affistat
400 2388 434 2418 &
450 2388 593 2418 Auxilium
609 2396 794 2428 oportunum.

168 2425 300 2456 Vestram
323 2427 406 2464 igitur
425 2425 624 2457 Paternitatem
637 2426 823 2457 reverendam
837 2425 993 2458 affe&uofis
1008 2427 1137 2466 precibus
1151 2438 1194 2458 re-

128 2465 266 2503 quirimus
287 2465 320 2495 &
345 2473 492 2503 rogamus,
512 2467 638 2503 quatinus
659 2474 690 2496 ut
709 2465 819 2496 Nuncii
839 2465 983 2503 praedicti,
1002 2467 1083 2504 super
1111 2466 1194 2497 distis

130 2503 270 2543 Negotiis
288 2502 389 2533 nostris
409 2504 418 2539 (
427 2503 462 2534 de
481 2504 580 2543 quibus
593 2504 725 2534 Domino
740 2504 863 2534 Summo
877 2504 1011 2535 Pontifici
1025 2505 1126 2535 Preces
1139 2516 1195 2535 no-

129 2541 197 2572 stras
210 2541 357 2579 iteramus)
379 2541 495 2572 feliciter
508 2542 705 2582 expediantur,
725 2543 760 2573 ad
774 2553 825 2573 nos
837 2553 905 2574 cum
921 2543 1096 2574 festinatione
1113 2554 1196 2574 com-

131 2581 219 2650 mtfida
240 2588 411 2612 revertantur
426 2603 437 2620 ,
464 2581 552 2612 velitis
572 2590 641 2612 cum
659 2583 741 2612 omni
761 2580 889 2613 efficacia
906 2582 1086 2621 interponere
1105 2592 1195 2621 partes

131 2629 168 2651 ve
195 2630 243 2650 ras.

169 2658 216 2689 Ad
236 2658 314 2697 haec,
339 2658 479 2689 dilectum
499 2657 645 2689 Clericum
662 2658 811 2697 nostrum,
837 2658 1008 2698 Magistrum
1032 2660 1195 2691 Robertum

129 2696 168 2728 de
187 2696 295 2728 Baidok
317 2697 420 2737 (quem
440 2696 474 2728 ad
487 2696 706 2736 Episcopatum,
726 2698 755 2727 in
772 2697 877 2737 Regno
887 2698 986 2730 nostro
1001 2700 1133 2740 proximo
1146 2710 1197 2730 va-

131 2743 277 2774 oeturum,
291 2736 325 2766 &
345 2735 379 2766 ad
400 2735 621 2767 Ordinationem
642 2737 686 2766 seu
708 2735 933 2776 Dispositionem
947 2737 1018 2768 dicti
1033 2737 1128 2768 Sanffi
1142 2738 1196 2768 Pa-

132 2775 181 2804 tris
203 2774 372 2815 speciantem
381 2796 391 2813 ,
389 2776 574 2842 1&promoveri
592 2773 776 2812 affectamus)
796 2784 929 2814 necnon,
947 2776 1082 2807 diletiffltn
1104 2776 1195 2808 Cleri-

135 2820 204 2842 cum
223 2811 369 2850 nostrum,
427 2812 557 2851 agistrum
570 2813 763 2844 Willielmum
776 2814 812 2845 de
827 2813 1028 2855 Ayremynne,
1047 2815 1197 2846 Cancella-

135 2851 185 2895 riae
206 2850 310 2880 nostrae
323 2849 526 2890 secretarium,
544 2851 644 2882 vestrae
656 2852 817 2891 dileffloni,
835 2862 941 2893 quanto
955 2853 1099 2892 specialius
1115 2863 1197 2892 pote-

134 2897 239 2928 rimus,
256 2889 507 2926 commendamus,

173 2926 314 2958 Attentiiis
334 2924 512 2963 deprecantes
533 2928 661 2967 quatinus
680 2929 756 2960 circa
772 2939 820 2967 ea,
836 2939 900 2969 quae
913 2930 1039 2967 ipsorum
1054 2933 1198 2972 quietem,

134 2965 214 3004 super
227 2965 382 2996 Praebendi
394 2965 431 2996 de
444 2965 598 3006 Aylesbuty
614 2968 710 3005 (quam
744 2968 875 2998 raedictus
888 2968 1044 3006 Robertus)
1065 2971 1099 3001 ὃς
1120 2971 1197 3001 Prae-

135 3003 229 3035 benda
248 3003 284 3034 de
296 3004 429 3044 Leghton
450 3004 550 3035 Busard
588 3006 692 3043 (quam
707 3007 717 3035 i
737 3015 784 3036 ern
799 3006 991 3043 Willielmus)
1010 3016 1044 3038 ex
1058 3008 1198 3040 Collatio-

136 3041 218 3073 nibus
239 3042 341 3074 nostris
359 3042 479 3082 habent,
495 3045 523 3073 in
569 3043 668 3074 eclesia
680 3043 888 3083 Lincolniensi,
905 3046 935 3075 in
951 3046 1052 3084 quibus
1063 3047 1199 3087 Negotiis

132 3080 185 3120 Jus
204 3080 332 3118 nostrum
352 3081 501 3122 specialiter
521 3082 658 3119 versatur,
679 3091 712 3113 ac
735 3084 820 3113 etiarn
832 3083 1001 3114 eorumdem
1016 3084 1199 3117 Clericorum

136 3118 302 3164 nostrorum
323 3125 332 3154 t
343 3129 466 3158 quorum
486 3121 619 3161 obsequia
638 3121 677 3151 fic
699 3122 775 3152 utilia
793 3120 927 3152 sentimus
942 3145 952 3161 ,
975 3124 1053 3162 quod
1075 3124 1199 3164 ipsorum

136 3157 298 3228 praesentiali
315 3158 449 3190 famulatu
471 3168 565 3189 carere
585 3159 744 3190 commode
765 3170 823 3190 non
839 3160 1002 3200 possumus)
1021 3162 1149 3193 Honoris
1165 3164 1199 3194 ὃς

163 3206 195 3226 ro

138 3235 170 3266 ἃ
197 3197 348 3265 rpotioln&o
352 3206 535 3237 augmentum
549 3199 738 3238 contingunt,
754 3201 856 3230 curetis
869 3199 969 3230 nostris
982 3199 1117 3232 Precibus
1129 3201 1201 3234 effe-

171 3245 204 3265 ua
216 3243 266 3265 iter
294 3245 307 3263 a
349 3243 415 3266 rare.

177 3272 247 3305 Dat.
264 3281 296 3305 ut
307 3272 392 3314 supra.

319 3349 429 3381 Eodem
443 3351 532 3382 modo
546 3352 673 3384 scribitur
688 3352 862 3394 subscriptis,
880 3354 1028 3395 videlicet,

181 3429 298 3458 Domino
315 3429 349 3456 G.
369 3426 446 3456 tituli
463 3429 557 3457 Sanaezi
574 3431 673 3458 Ciriaci
692 3433 720 3459 in
740 3432 857 3469 Termis,
891 3431 910 3461 Ἰ

179 3469 296 3497 Domino
331 3467 366 3495 G.
391 3464 467 3496 tituli
488 3468 645 3496 Sannorum
671 3468 829 3499 Marcellini
853 3478 892 3503 φ’
909 3463 918 3488 '¹
936 3469 1098 3502 Presbiteris
1111 3470 1183 3502 Car-

249 3507 342 3542 Petri,
380 3545 384 3550 ⁴
433 3546 437 3550 ὁ
911 3492 1084 3545 ,>dinalibus.

181 3544 299 3573 Domino
312 3545 344 3573 P.
361 3541 436 3572 tztult
448 3544 556 3573 Sanelae
571 3543 715 3583 Sufimnae,
899 3548 920 3591 j

181 3591 298 3619 Domino
314 3589 349 3618 R.
367 3590 474 3619 Sandae
494 3591 598 3619 Mariae
616 3593 645 3619 in
662 3591 818 3632 Cofinedyn,

177 3630 295 3659 Domino
310 3630 352 3658 A.
372 3629 480 3658 Sanc‘i‘ae
498 3631 602 3658 Mariae
619 3632 648 3658 in
667 3632 792 3670 Porticu,
931 3630 1069 3663 Diaconis
1099 3632 1201 3664 Cardi-

181 3668 297 3696 Domino
313 3669 348 3696 Β.
365 3669 474 3698 sanem
492 3670 594 3697 Mariae
613 3670 641 3696 in
661 3671 697 3697 A
712 3671 786 3707 uiro,
932 3671 1048 3701 nalibus.

179 3707 294 3735 Domino
313 3706 348 3735 G.
365 3709 472 3736 SandZae
493 3709 586 3737 Luciae
604 3709 633 3735 in
651 3709 684 3735 Ci
695 3710 747 3746 ice,

182 3744 296 3774 Domino
310 3746 344 3774 R.
361 3744 519 3784 Jerusalem
532 3742 569 3779 ὠ
584 3743 688 3775 Ceciliae
703 3748 785 3785 Regi,
803 3745 1002 3785 Confiznguineo
1015 3749 1111 3788 Regis,

181 3783 297 3812 Domino
312 3785 394 3814 Petro
409 3787 510 3824 Doza,
527 3787 624 3814 Fratri
635 3786 747 3814 Domini
760 3788 859 3814 Summi
872 3785 1029 3826 Pontificis3

181 3821 297 3853 Domino
313 3823 396 3856 Petro
408 3825 441 3855 de
451 3827 480 3856 V
480 3827 527 3863 ia,
546 3825 659 3855 Domini
670 3825 772 3855 Summi
784 3822 923 3865 Pontficis
935 3827 1045 3863 Nepoti.
1072 3857 1074 3860 ,

1244 128 1709 182 PUBLICA.

2217 153 2268 198 3‘9

2283 225 2358 257 Ami.
2372 222 2411 259 132

1668 285 1671 287 ‚
2310 273 2396 305 1322.

1258 307 1286 334 ἦε
1303 312 1362 342 Pro
1392 313 1502 359 Rogero
1534 314 1570 346 de
1595 314 1813 364 Northburgh‚
1840 321 1871 350 in
1895 318 2068 365 Epissopum
2087 316 2221 356 Lichfel-
2279 305 2395 370 {affixa

1596 362 1711 409 densi’m
1731 377 1872 412 promoto.
2282 389 2299 414 9
2305 389 2350 417 33.
2365 363 2372 370 ·

1209 436 1257 500 P
1268 441 1293 471 A
1302 441 1325 471 Ρ
1335 442 1376 473 AE
1396 444 1461 476 Rex
1480 446 1587 492 dev-ota,
1595 448 1698 485 pedum
1711 450 1803 481 oscula
1817 452 1970 484 beatorum.
2145 484 2153 487 ‚⁷
2284 459 2337 483 An.
2357 465 2400 491 15·
2412 456 2417 458 .

1224 519 1244 528 ,Α
1321 480 1425 520 Nuper
1446 494 1482 528 ex·
1500 485 1618 530 Literffi,
1636 487 1807 519 Venerabilis
1823 490 1925 530 Patris,
1945 491 2068 522 Domini
2083 490 2118 520 L.
2133 490 2192 521 Dei
2206 495 2267 529 gra·
2285 498 2313 521 Ε,
2336 503 2350 520 2

1209 526 1261 556 tia,
1278 518 1391 565 Sancite
1409 521 1638 568 Mariae'in'Viri
1658 525 1729 556 Lata
1750 526 1871 558 Diaconi
1884 529 2056 567 Cardinalis,
2074 529 2108 559 de
2123 529 2268 559 voluntate
2286 536 2355 559 Rom.
2376 534 2418 567 ¹5²·-

1211 557 1304 587 vestra
1324 560 1405 588 nobis
1423 561 1550 604 direc‘hs,
1567 564 1767 602 intelleximus,
1784 568 1880 604 quod,
1899 568 2033 598 dilectum
2054 567 2202 598 Clericum
2216 577 2269 597 no-
2288 575 2318 598 Ε.
2339 580 2366 598 2.

1213 595 1300 650 sirum
1314 619 1323 633 ,
1354 597 1525 642 Magistrum
1548 600 1696 644 Rogerum
1719 602 1755 632 de
1775 603 1968 645 Northburgh
1984 630 1992 644 ,
2025 606 2271 637 Archidiaconum
2287 619 2322 638 m.
2341 616 2384 635 ιι,

1211 633 1493 681 lxicnemundiae,1m
1514 637 1686 679 Episcopum
1702 639 1888 672 Ecclesiarurn
1899 643 2097 675 (joventi-ensis
2109 646 2141 676 &
2160 644 2274 686 Lyche-

1212 672 1338 703 feldenlis
1353 684 1515 705 vacantium
1533 677 1703 713 praefecistis.

1253 711 1346 756 Nunc
1364 722 1460 758 'autern
1477 714 1581 756 Literae
1596 717 1753 747 Sanfflratis
1767 717 1867 748 vestr-„e
1885 715 2014 758 Bullatae,
2032 731 2081 760 per
2097 728 2214 760 manus,
2231 721 2276 752 di-

1213 748 1279 779 lecti
1301 752 1382 795 nobis
1404 763 1433 782 in
1447 752 1590 796 Cluilio,
1610 755 1709 785 Fratris
1734 755 1857 787 Roberti
1873 758 1909 787 de
1920 757 2096 798 Wyrltesop,
2115 761 2151 790 de
2164 760 2275 791 Ordine

1215 787 1311 833 San-:li
1334 789 1501 829 Augustini,
1520 793 1601 822 nobis
1622 794 1807 832 praesentatae,
1826 805 1943 825 omnem
1954 800 2153 829 certitudinem
2169 798 2276 829 Praefea

1216 827 1317 871 <filionis
1331 830 1475 867 prtediClne
1490 831 1571 860 nobis
1588 832 1791 871 expresserunt,
1808 833 1845 862 de
1860 844 1917 873 quo
1929 834 1984 865 laeti
1995 835 2078 874 facti,
2090 836 2190 867 vestrae
2206 836 2276 868 Cle*

1218 874 1436 910 mentitepgrates
1450 869 1483 899 ὅσ
1495 870 1592 907 gratias
1605 871 1747 900 referimus
1761 881 1824 910 quas
1839 874 1961 902 valemus
1977 883 1983 901 2

1237 904 1410 953 ,Humffltffl'
1430 907 1610 945 supplicantes
1629 911 1755 948 quatinus
1770 933 1780 948 ,
1806 918 1837 939 ut
1857 921 1872 940 a
1894 911 2113 951 quibuscumque
2134 913 2279 954 Episcopis

1217 943 1374 989 Catholicis
1386 970 1395 983 ,
1414 946 1483 988 infra
1504 945 1790 986 Regnum-nostrum
1808 972 1817 986 ,
1835 949 1864 978 in
1886 948 1954 979 loco
1974 953 2172 989 competenti,
2191 962 2277 990 quem

1217 983 1347 1027 elegerit,
1365 986 1519 1014 coniectari
1534 985 1636 1023 valeat,
1654 984 1755 1015 Electo
1769 987 1906 1026 praediffo
1921 988 1930 1025 (
1942 989 1989 1025 qui
2000 988 2112 1018 Officio
2125 987 2279 1020 Theiauran

1219 1032 1251 1052 rii
1272 1022 1449 1053 Garderobae
1471 1023 1574 1053 nostr-x
1595 1025 1631 1054 ita
1653 1027 1790 1054 continue
1803 1025 1844 1055 est
1857 1027 2020 1065 intendens,
2037 1027 2117 1066 quod
2129 1028 2164 1056 ab
2177 1030 2278 1057 eodem

1218 1061 1245 1090 se
1259 1061 1399 1104 absentare
1420 1071 1481 1091 non
1500 1061 1593 1099 potest
1606 1076 1611 1095 ,ι
1631 1063 1748 1101 gratiam
1762 1064 1868 1102 ficere,
1885 1066 1918 1095 &
1932 1065 2011 1104 super
2024 1065 2164 1096 favoribus
2178 1067 2210 1096 δί
2226 1067 2280 1095 uti-

1219 1099 1357 1138 litatibus,
1377 1100 1426 1130 sibi
1441 1101 1650 1138 concedendis,
1667 1102 1741 1138 juxta
1755 1111 1888 1138 rogatum
1901 1103 2029 1134 nostrum
2044 1105 2106 1134 alias
2120 1104 2201 1134 vobis
2216 1104 2281 1135 inde

1220 1138 1346 1183 factum,
1364 1138 1507 1169 liberalem
1529 1139 1555 1169 se
1576 1139 1706 1170 exhibere
1724 1140 1852 1179 dignetur
1873 1141 2114 1173 vestraeSanetiras
2129 1144 2217 1181 quarn
2231 1144 2281 1173 be=

1222 1185 1315 1215 mgna.

1260 1215 1434 1255 Conservet,
1450 1216 1511 1246 δίε.

1261 1292 1329 1324 Dat.
1346 1293 1419 1334 apud
1432 1292 1634 1333 Coventriam‚
1651 1293 1785 1325 vicesimo
1800 1293 1906 1325 oftavo
1922 1294 1970 1325 die
1986 1294 2138 1327 Februarii.

1572 1423 1621 1457 De
1638 1423 1763 1457 Omndo
1777 1435 1833 1470 pro
1851 1427 1938 1471 Rege.

1228 1510 1319 1565 RE
1330 1510 1378 1547 X,
1396 1508 1503 1540 dileffis
1523 1508 1572 1538 sibi
1586 1510 1615 1539 in
1631 1508 1766 1548 Christo,
1785 1509 1871 1540 Fratri
1885 1509 2021 1547 l-lerneo,
2041 1507 2186 1547 Magistro
2200 1504 2287 1540 Ordi-
2309 1508 2384 1540 Ann.
2396 1509 2437 1541 D⁶

1303 1551 1344 1579 nis
1364 1548 1492 1578 Fratrum
1510 1547 1732 1579 Prsedicatorum
1745 1570 1756 1586 ,
1784 1548 1929 1579 Prioribus
1952 1550 1984 1579 ὃς
2002 1548 2143 1579 Fratribus
2162 1549 2286 1587 ejusdem
2336 1557 2422 1588 1322.

1225 1585 1358 1625 Ordinis,
1377 1587 1412 1618 ad
1427 1586 1569 1617 Generale
1582 1586 1749 1626 Capitulum
1763 1586 1861 1623 suum,
1879 1587 1952 1624 apud
1965 1587 2128 1626 Viennam,
2145 1588 2176 1617 in
2191 1586 2289 1617 Duca-
2306 1590 2357 1615 An.
2381 1598 2388 1614 1
2395 1596 2422 1622 ς,

1225 1632 1256 1655 tu
1276 1626 1413 1665 Austri-ie,
1428 1626 1455 1655 in
1479 1625 1563 1655 Festo
1583 1625 1763 1655 Pentecostes
1785 1627 1918 1662 proximo
1939 1624 2051 1664 futuro,
2069 1625 2289 1664 celebrandum,
2306 1630 2334 1652 E.
2361 1636 2386 1652 2.

1227 1666 1423 1701 conventuris,
1438 1664 1570 1702 salutem,
1587 1665 1620 1695 ὅτ.
1635 1664 1739 1702 Spiritu
1752 1663 1860 1694 Sanrsto
1875 1664 1957 1701 dirigi
1973 1666 1999 1694 in
2014 1665 2136 1703 agendis.
2306 1664 2442 1701 Clans.15.

1266 1703 1350 1734 Dum
1372 1703 1559 1742 Fragilitatem
1582 1702 1716 1733 humanae
1739 1702 1909 1733 conditionis
1931 1702 1965 1733 ad
1991 1705 2160 1733 memoriam
2179 1702 2289 1733 reduci-
2306 1706 2334 1730 E.
2355 1712 2379 1729 2-
2407 1711 2443 1729 m)

1229 1752 1309 1782 muS,
1325 1742 1457 1774 occulata
1478 1741 1532 1771 fide
1553 1742 1742 1779 conspicimus
1754 1741 1877 1772 humana
1889 1741 1993 1782 singula
2007 1741 2198 1780 corruptibilia
2211 1741 2290 1780 fore,
2312 1740 2353 1769 18·
2370 1741 2395 1768 d,

1229 1783 1263 1813 &
1275 1782 1386 1812 transire
1398 1781 1433 1811 de
1448 1781 1521 1812 facili
1534 1780 1566 1810 ad
1583 1791 1643 1811 non
1657 1780 1720 1810 effe.

1268 1820 1455 1851 Confidentes
1470 1820 1553 1858 igitur
1566 1819 1602 1849 de
1619 1818 1807 1850 misericordia
1824 1818 2039 1859 Omnipotentis
2054 1818 2114 1849 Dei
2130 1818 2228 1858 (cujus
2243 1828 2297 1849 vo-

1231 1859 1330 1890 luntati
1349 1861 1447 1890 omnia
1465 1858 1654 1895 subiciuntur)
1676 1859 1710 1889 ὃς
1729 1858 1805 1896 quod
1820 1858 1853 1888 ad
1871 1859 1988 1889 eandem
2003 1858 2230 1898 consequendam
2246 1856 2297 1887 de-

1231 1907 1367 1930 votorum
1384 1898 1487 1928 Preces
1501 1897 1622 1928 multum
1639 1905 1773 1934 poterunt
1787 1895 1931 1933 suffragari
1943 1919 1953 1935 ,

1267 1936 1466 1968 Devotionem
1485 1935 1606 1966 vestram
1627 1936 1658 1965 in
1672 1936 1808 1966 Domino
1821 1935 1976 1965 affectuose
1991 1935 2155 1975 requirimus
2171 1935 2204 1965 &
2217 1941 2298 1973 roga-

1232 1986 1310 2014 mus,
1330 1977 1458 2014 quatinus
1477 1985 1544 2013 nos,
1562 1975 1595 2006 &
1611 1973 1756 2005 Isabellam
1770 1973 1915 2013 Reginam
1930 1974 2042 2012 Angli-ae
2060 1973 2232 2004 Consortem
2244 1982 2300 2003 no⁴

1232 2015 1317 2045 stram
1337 2014 1522 2051 cariffimam,
1545 2023 1578 2043 ac
1599 2013 1717 2043 Liberos
1736 2012 1864 2050 nostros,
1889 2013 1919 2042 in
1942 2011 2093 2042 Missarum
2121 2012 2299 2050 solempniis,

1233 2063 1282 2092 pet
1301 2063 1353 2084 vos
1373 2052 1559 2090 celebrandis,
1577 2052 1611 2083 &
1623 2051 1680 2081 aliis
1696 2051 1880 2082 Orationibus
1896 2050 1992 2080 vestris
2005 2050 2130 2090 devotis,
2147 2049 2299 2090 specialiter

1233 2092 1452 2123 commendatos
1464 2090 1555 2121 velitis
1568 2090 1686 2127 habere,
1702 2091 1734 2121 &
1743 2113 1752 2127 ,
1769 2099 1817 2127 per
1830 2088 1994 2119 Confratres
2007 2087 2130 2128 vestros,
2146 2090 2176 2119 in
2191 2088 2299 2118 Domi=

1235 2132 1286 2161 bus
1309 2130 1425 2161 Ordinis
1445 2129 1532 2167 illius,
1551 2129 1581 2159 in
1601 2128 1751 2158 Miffatum
1774 2127 1950 2166 solempniis,
1968 2128 2000 2158 ὃς
2020 2127 2077 2158 aliis
2095 2127 2230 2158 Precibus
2245 2126 2297 2156 suis

1235 2170 1363 2206 devotis,
1382 2168 1451 2198 Deo
1465 2168 1557 2198 facere
1570 2167 1692 2197 similiter
1705 2167 1910 2197 commendari.

1273 2207 1359 2247 Ipsius
1374 2207 1593 2238 misericordiam
1607 2215 1660 2246 pro
1673 2205 1758 2235 nobis
1768 2206 1870 2245 jugiter
1882 2204 2076 2245 implorantes,
2087 2211 2118 2235 ut
2133 2203 2217 2234 nobis
2230 2212 2302 2234 con*

1237 2247 1317 2278 cedat
1337 2246 1474 2286 Regnum
1495 2246 1528 2276 &
1550 2244 1670 2282 Terras,
1688 2245 1792 2275 nostrae
1814 2244 1914 2274 ditioni
1934 2244 2074 2282 subjecta,
2092 2254 2124 2274 ac
2141 2242 2303 2283 Populum,

1237 2285 1335 2316 nostro
1355 2285 1503 2325 Regimini
1524 2283 1728 2321 commissum,
1747 2284 1784 2313 fic
1805 2292 1900 2322 regere
1921 2283 1950 2312 in
1970 2282 2113 2320 praesenti,
2131 2281 2212 2320 quod
2231 2289 2303 2312 cum

1237 2324 1342 2356 Elesiis
1356 2324 1407 2354 suis
1421 2333 1535 2363 regnare
1549 2322 1686 2363 possimus
1699 2321 1875 2359 perhenniter
1888 2321 1920 2352 in
1935 2321 2038 2351 futuro.

1274 2400 1342 2432 Dat.
1359 2401 1432 2439 apud
1449 2400 1600 2431 Abbatiam
1613 2398 1649 2430 de
1665 2397 1743 2430 Mira
1755 2397 1853 2437 Valle,
1869 2399 1952 2429 tertio
1962 2397 2008 2428 die
2024 2396 2133 2428 Martii.

1906 2449 1960 2476 Per
1974 2445 2057 2486 ipficm
2071 2448 2175 2484 Regem.

1276 2583 1326 2614 De
1343 2582 1456 2613 Comite
1477 2578 1671 2624 Lancastriae‚
1696 2583 1732 2618 ᾤ’
1743 2577 1802 2624 fibi
1820 2574 2054 2620 adhaerentibus,
2080 2573 2255 2619 arestandis.

1243 2666 1299 2721 R
1310 2663 1394 2704 EX,
1412 2664 1519 2697 dilec‘tis
1538 2667 1571 2697 &
1586 2664 1714 2696 fidelibus
1726 2663 1797 2704 suis,
1815 2663 2000 2701 Comitibus,
2016 2661 2188 2705 Batonibus,
2205 2658 2308 2705 Militi·
2325 2651 2453 2685 AnnD,

1321 2706 1388 2743 bus,
1408 2704 1654 2743 vicecomitibus,
1673 2705 1706 2734 &
1729 2703 1863 2734 omnibus
1881 2703 1938 2733 aliis
1957 2701 2082 2740 Ballivis,
2101 2698 2258 2736 Ministris,
2274 2698 2309 2729 &
2348 2702 2432 2734 1322.

1242 2741 1383 2774 Fidelibus
1399 2742 1451 2774 suis
1467 2745 1525 2774 tam
1543 2744 1615 2774 infra
1629 2743 1764 2773 libertates
1775 2765 1785 2781 ,
1803 2742 1889 2781 quarn
1909 2750 2002 2780 extra,
2024 2739 2059 2771 ad
2072 2749 2144 2779 quos
2164 2737 2310 2778 praesentes
2324 2736 2376 2761 An.
2396 2741 2440 2768 ¹5·

1241 2781 1346 2812 Literae
1358 2783 1553 2821 pervenerint,
1570 2782 1694 2813 salutem.
2324 2775 2355 2799 E·
2376 2780 2401 2798 2-

1279 2821 1376 2852 Sciatis
1389 2821 1484 2860 quod,
2282 2853 2287 2859 ι
2325 2814 2381 2837 Pat.
2396 2816 2440 2845 ¹5⁷

1280 2859 1378 2899 Cum,
1399 2869 1452 2898 pro
1471 2860 1582 2891 diversis
1600 2858 1800 2896 Facinoribus,
1818 2857 1897 2898 super
1921 2854 2066 2895 Populum
2084 2851 2115 2884 R
2151 2854 2180 2899 ni
2200 2853 2306 2898 nostri,
2323 2851 2352 2875 E.
2376 2856 2401 2875 2·

1241 2899 1274 2931 δε
1291 2898 1528 2936 Rebellionibus,
1546 2898 1629 2929 nobis
1641 2907 1691 2935 per
1703 2897 1853 2927 Thomam
1866 2895 2018 2926 Comitem
2032 2893 2139 2924 Lancai
2156 2903 2204 2923 riae
2217 2893 2306 2937 fastis,
2321 2892 2346 2924 P·
2368 2895 2394 2912 2·

1241 2937 1435 2977 assignavimus
1450 2961 1460 2977 ,
1486 2937 1605 2968 dileetos
1626 2937 1660 2968 &
1679 2935 1773 2966 fideles
1793 2934 1921 2974 nostros,
1946 2931 2134 2964 Edmundum
2156 2931 2306 2963 Comitem
2322 2934 2358 2953 ⁷⁷¹·
2380 2931 2428 2959 25⁶

1244 2976 1360 3015 Kantii,
1380 2976 1508 3007 Fratrem
1527 2975 1677 3013 nostrum,
1695 2975 1728 3004 &¹
1748 2973 1913 3013 Johannem
1936 2972 1973 3003 de
1993 2970 2140 3016 Warennzi
2154 2970 2306 3014 Comitem

1243 3015 1361 3054 Surriae,
1377 3013 1625 3055 Consanguineum
1647 3012 1792 3051 nostrum,
1819 3012 1989 3050 cariffimos,
2014 3009 2192 3054 conjunctim
2211 3010 2245 3040 &
2267 3008 2309 3052 di-

1243 3055 1322 3085 visim
1357 3054 1392 3084 ad
1407 3053 1627 3092 insequendum,
1640 3051 1834 3090 arestandum,
1853 3051 1886 3082 &
1902 3048 2073 3088 capiendum
2087 3047 2197 3078 dictum
2205 3046 2310 3090 Comi-

1243 3101 1303 3123 tem
1325 3077 1344 3112 ’ἰ
1360 3092 1546 3130 Lancastriae,
1566 3090 1764 3122 Humfredum
1785 3089 1820 3120 de
1840 3089 1941 3120 Bohun
1964 3087 2115 3118 Comitem
2129 3085 2308 3116 Herefordiae

1244 3133 1278 3162 δε
1301 3131 1441 3169 Effexiae,
1464 3131 1624 3170 Hugonem
1645 3129 1775 3160 Daudele
1790 3128 1956 3167 Juniorem,
1975 3125 2140 3165 Johannem
2159 3122 2308 3168 deeMou-

1245 3171 1311 3209 bray
1326 3193 1335 3208 ,
1360 3169 1600 3201 Bartholomaeum
1630 3167 1666 3198 de
1688 3167 1877 3199 Badeleimere
1891 3189 1901 3204 ,
1931 3165 2081 3204 Rogerum
2108 3162 2144 3193 de
2165 3161 2309 3201 Clifford,

1240 3208 1404 3247 Johannem
1420 3207 1536 3239 Giffard
1553 3207 1588 3238 de
1601 3206 1789 3247 Brymesfeld,
1806 3205 1970 3236 Henricum
1986 3203 2080 3243 Tyes,
2094 3200 2256 3239 Johannem
2272 3201 2308 3231 de

1245 3247 1442 3288 Wylyngton,
1463 3248 1496 3279 ὃ(
1516 3247 1678 3277 Henricum
1694 3245 1729 3276 de
1750 3245 1946 3285 Wylyngton,
1965 3243 1998 3272 &
2011 3250 2112 3271 omnes
2128 3240 2161 3270 &
2173 3239 2310 3283 singulos,

1245 3287 1274 3316 in
1298 3286 1419 3324 ipsorum
1440 3286 1620 3317 Commitiva
1643 3284 1790 3314 existentes
1805 3307 1814 3320 ,
1841 3291 1955 3313 necnon
1977 3278 2011 3310 ad
2031 3278 2165 3323 Castrum
2185 3277 2310 3325 Comitis

1244 3324 1415 3356 Lancastriae
1428 3325 1465 3356 de
1479 3325 1572 3356 Ponte
1586 3324 1676 3354 stadio
1690 3321 1886 3353 Obsidendum
1895 3320 1944 3358 ,&
1959 3318 1993 3349 ad
2006 3317 2140 3362 Castrum
2156 3316 2223 3359 illud
2232 3338 2241 3353 ,
2250 3325 2307 3360 una

1245 3374 1313 3395 cum
1332 3365 1466 3394 omnibus
1486 3363 1683 3400 Hominibm,
1701 3362 1734 3392 ὃς
1755 3359 1856 3398 Bonis,
1875 3360 1908 3390 ὅ(
1927 3356 2053 3396 Catallis,
2070 3367 2099 3400 iri
2121 3366 2156 3386 eo
2177 3364 2235 3392 jam
2248 3363 2307 3398 exi-

1245 3403 1399 3441 stentibuS,
1417 3403 1446 3432 in
1465 3413 1583 3433 manum
1605 3399 1732 3432 nostram
1754 3397 1941 3437 capiendum,
1958 3404 2042 3434 prout
2063 3394 2168 3425 eisdem
2181 3391 2308 3423 Comiti-

1244 3443 1296 3472 bus
1308 3442 1476 3478 injunximus
1489 3441 1550 3471 Ore
1565 3449 1643 3471 tenus
1658 3450 1664 3469 ι
2196 3469 2201 3476 ¹

1279 3480 1317 3511 Et
1329 3479 1395 3510 ideo
1408 3480 1508 3518 vobis,
1526 3479 1660 3510 omnibus
1673 3478 1706 3508 &
1721 3476 1847 3515 singulis,
1867 3473 2056 3515 Mandamus,
2073 3470 2121 3514 sub
2138 3469 2308 3514 Formi-‘adtu-

1244 3529 1274 3549 ra
1289 3519 1423 3549 omnium
1442 3528 1506 3556 quae
1527 3518 1608 3549 nobis
1629 3515 1787 3547 forisfacere
1810 3513 1949 3552 poteritis,
1965 3509 2308 3554 'firmiterynjungentess

1242 3558 1319 3597 quod
1339 3557 1458 3595 praefatis
1477 3556 1658 3593 Comitibus,
1676 3555 1709 3585 δί
1729 3562 1831 3583 eorum
1851 3552 1944 3588 alteri,
1963 3559 1993 3592 in
2012 3547 2171 3592 praemissis,
2189 3552 2243 3595 litis
2262 3556 2308 3578 in-

1243 3596 1405 3633 tendentes,
1424 3595 1637 3634 respondentes,
1655 3591 1846 3627 consulentes,
1864 3590 1896 3620 &
1913 3587 2086 3631 auxilianteS,
2106 3587 2310 3626 facientesque,

1243 3645 1314 3665 cum
1336 3642 1399 3664 toto
1422 3634 1500 3672 posse
1519 3634 1631 3670 vestro,
1649 3642 1680 3662 ea
1699 3640 1761 3669 quae
1784 3629 1888 3668 praefati
1901 3626 2047 3663 Comites,
2067 3625 2112 3670 vel
2127 3634 2227 3656 eorum
2242 3624 2309 3656 alter

1243 3674 1326 3705 vobis
1344 3674 1488 3711 injungent
1505 3674 1549 3703 vel
1567 3673 1690 3709 injunget
1705 3671 1783 3710 super
1799 3667 1856 3711 lioc
1873 3674 1907 3696 ex
1920 3673 1996 3703 parte
2010 3662 2114 3694 nostra.
2150 3703 2155 3708 .

1282 3711 1393 3742 Damus
1414 3719 1508 3741 autem
1532 3709 1649 3749 praefatis
1664 3731 1673 3744 ,
1695 3706 1877 3743 Comitibus,
1903 3704 1936 3734 &
1957 3711 2057 3747 eorum
2080 3702 2172 3746 alteri,
2197 3701 2309 3743 plenam

1242 3750 1410 3789 potestatem
1433 3758 1533 3779 omnes
1556 3748 1636 3785 illos,
1654 3755 1725 3784 quos
1747 3745 1776 3774 in
1799 3743 1850 3774 hac
1872 3750 1949 3780 parte
1971 3750 2127 3772 invenerint
2143 3740 2311 3773 Contrarios

1243 3798 1290 3819 aut
1314 3787 1461 3825 Rebelies‚
1479 3797 1530 3824 per
1550 3785 1725 3824 Captionern
1747 3783 1780 3814 &
1798 3781 2052 3812 Incarcerationem
2067 3777 2233 3818 Corporum
2247 3780 2312 3811 suo-

1243 3837 1323 3864 rum,
1344 3828 1376 3858 ὃς
1400 3835 1450 3862 per
1464 3825 1625 3862 captionem
1638 3822 1794 3852 Terrarum
1810 3821 1843 3851 &
1863 3820 2132 3862 Tenementorurn,
2149 3818 2313 3857 Bonorum,

1242 3865 1470 3934 &ICatallorum
1487 3865 1600 3894 {uorum
1615 3862 1645 3892 in
1661 3869 1779 3891 manum
1793 3858 1934 3896 nostram,
1952 3855 2100 3898 puniendi.

1296 3913 1315 3933 n
1332 3904 1426 3940 cujus,
1445 3903 1507 3933 &c.

2324 3113 2340 3130 *τ
2351 3113 2405 3142 Ῑῐῐ,

2323 3160 2389 3188 9341

1280 3979 1371 4012 Teste
1385 3979 1470 4019 Rege
1481 3977 1555 4017 apud
1567 3975 1751 4017 Tottebury‚
1772 3984 1807 4006 11
1822 3974 1869 4006 die
1886 3973 1994 4005 Martii.

1841 4024 1896 4053 Per
1911 4020 1993 4061 :Pficm
2005 4023 2109 4060 Regem.
2252 4053 2310 4083 Ad
