2562 4279
73 613 150 646 Anii.
167 612 207 643 D.

104 652 189 692 1318.

74 695 127 719 An.
149 701 192 718 12.

73 734 103 757 E.
129 739 155 756 z.

73 768 209 804 Claustra.

102 827 107 832 .
127 815 207 833 2-111.

78 852 123 881 30.
139 845 163 872 d.

94 1157 180 1188 'III-

115 1206 181 1236 7²¹¹·

83 2140 160 2174 Ann.
177 2138 219 2171 D.

108 2179 193 2220 1318.

86 2223 141 2287 {in-
169 2228 213 2246 ¹2·
241 2220 361 2257 guineus
375 2219 485 2257 noster,
502 2219 642 2256 Magister
656 2219 778 2258 jacobus
796 2218 833 2248 de
850 2217 964 2248 Berkele
978 2240 988 2255 ,
1012 2217 1204 2254 multipliciter
1221 2216 1309 2246 deco·

113 2280 119 2286 .
137 2267 164 2286 2.

91 2853 171 2888 Ann.
184 2850 227 2883 D.

116 2892 207 2932 1318.

92 2936 146 2961 An.
166 2940 196 2958 ιτ.

116 2993 123 2998 ’
130 2991 196 3037 ibid.

217 102 298 151 156

65 181 144 215 Ὰηη.
159 181 201 213 D.
218 181 388 222 defendati53
401 192 460 213 non
484 180 630 212 inferentes
644 179 680 208 eis
699 199 708 215 ,
731 175 781 220 *vel
803 174 898 206 inferri
914 173 1114 219 ‘permittentes
1137 170 1289 209 injuriam,

89 222 174 261 1318.
220 221 406 260 Molestiam,
424 221 591 257 Dainpnum
602 240 611 255 ,
626 215 869 258 Impedimentum
885 212 1023 256 aliquod,
1040 216 1085 255 ieri
1109 209 1290 258 Gravament

63 265 137 291 Ξάν-
148 270 174 288 2·
221 261 275 299 Et,
293 261 311 291 si
327 259 393 298 quid
409 261 447 289 eis
460 257 633 288 forisfa&um
651 254 748 292 fuerit,
767 252 797 284 id
816 263 854 284 eis
869 275 879 291 ,
912 252 968 283 sine
988 250 1120 281 dilatione
1145 271 1155 287 ,
1185 247 1293 278 faciatis

225 299 410 373 ertiiil‘diirjli’u,
430 334 492 366 ὅτε.
510 333 593 372 usque
609 330 643 362 ad
656 329 771 362 Festum
788 329 899 362 Natalis
919 327 1047 360 Domini
1065 326 1200 366 proximo
1219 323 1293 354 futu-

227 385 289 408 rum
304 375 450 404 duraturas.
1119 402 1124 407 ⁴
1205 400 1221 406 ..

262 412 349 444 Teste
368 411 452 449 Rege
471 409 543 448 apud
559 407 854 447 Northamptoniam,
870 406 986 438 decimo
1006 404 1080 436 sexto
1097 402 1144 433 die
1156 400 1234 441 Julii.

227 534 286 570 Ad
301 537 418 569 Ducem
437 536 617 578 Britanniis,
633 533 668 568 de
689 531 852 568 Concordia
875 535 951 565 inter
971 530 1126 577 utriusque
1144 525 1295 562 Subditos.

232 621 322 675 RE
334 620 383 659 X,
404 619 511 651 Nobili
525 620 617 659 Viro,
631 620 765 651 Domino
777 618 803 658 J.
829 617 908 649 Duci
923 617 1072 649 Britanniae
1091 615 1123 646 ἃ
1140 610 1296 657 Pictiayiae,

309 659 525 699 Consanguineo
541 659 590 691 suo
606 658 764 697 carissimo,
778 658 909 696 salutem,
925 666 995 687 curn
1008 655 1121 686 siucerae
1136 652 1296 683 dileetioms

229 712 262 732 au
287 708 392 729 mento.

264 710 391 776 {Quinto
408 737 506 776 majori
527 736 663 767 desiderio
682 758 692 774 ‚
719 736 790 765 inter
815 731 924 764 nostros
946 732 980 763 &
1011 729 1116 761 vestros
1145 728 1295 773 Subditos,

231 777 359 808 Unionis
378 776 412 806 &
430 776 576 806 Amicitiae
592 776 746 812 appetimus
759 771 1021 809 firmitatem,tanto
1036 769 1181 813 turbamur
1197 776 1296 811 anxius

229 816 299 886 ‘sum
316 815 389 845 inter
407 812 478 853 ipsos
496 813 700 845 Contentionis
717 814 750 844 &
769 810 928 842 Discordiae
949 817 1094 839 materiam
1107 805 1297 843 conspicimus

244 854 360 886 uboriri.

271 891 351 923 Cum
367 893 458 930 itaque
471 891 557 921 nobis
571 890 668 922 datum
687 890 719 920 sir
735 887 854 925 intelligi
869 896 916 925 per
925 885 1029 931 aliquos
1042 882 1211 920 fidedignos,
1219 880 1297 920 quod

233 930 410 962 Mercatores
423 931 456 961 ὃς
471 929 637 966 Marinarii,
656 928 691 958 de
708 925 840 965 potestate
857 925 949 955 vestra
962 947 972 962 ‚
997 922 1174 966 quamplures
1201 921 1298 951 Naves

232 971 369 1010 guerrinas
402 969 546 1007 raeparari,
560 968 593 998 &
611 978 655 998 eas
671 965 848 997 Hominibus
867 963 902 994 ad
917 963 1007 994 Arma
1026 971 1129 993 muniri
1144 970 1204 999 Jam
1222 958 1299 1002 fece-

233 1016 316 1047 runt,
328 1017 359 1039 ut
414 1007 584 1037 ercatoribus
605 1005 641 1036 de
660 1005 766 1041 Regno
786 1001 900 1040 nostre,
921 1000 1025 1045 quiad
1041 1008 1128 1038 partes
1146 999 1300 1041 ultramari-

233 1057 281 1079 nas
298 1069 308 1086 ,
337 1056 389 1084 pro
406 1045 607 1077 Mercimoniis
622 1044 674 1075 suis
693 1042 802 1073 ibidem
820 1039 1001 1071 excercendrs
1014 1062 1024 1078 ,
1059 1048 1148 1076 nuper
1170 1037 1301 1076 Navigio

233 1086 414 1122 transierunt,
428 1084 462 1114 &
481 1083 539 1115 aliis
556 1084 657 1121 etiam,
674 1083 722 1121 qui
738 1081 773 1112 ad
790 1080 898 1111 easdem
919 1086 1008 1116 partes
1028 1076 1054 1107 se
1075 1075 1219 1107 transferre
1233 1084 1301 1113 pro—

233 1131 343 1162 ponunt
359 1123 476 1153 obvient
495 1121 629 1152 hostiliter
644 1121 725 1160 supra
741 1119 841 1156 Mare,
862 1117 897 1148 ad
917 1116 989 1155 ipsos
1008 1114 1229 1159 depraedandum
1249 1122 1303 1157 pro

234 1163 339 1193 viribus
356 1162 390 1192 &
409 1162 495 1191 etiam
514 1159 712 1191 destruendum
728 1169 739 1196 3
766 1157 843 1188 unde
867 1156 886 1176 ’¹¹‘
908 1154 1034 1198 Populus
1053 1151 1304 1197 paruum‘Manti-

235 1210 347 1231 marum
367 1207 479 1230 terretur
499 1198 672 1238 plurimum,
683 1198 717 1229 ὅ(
734 1196 856 1234 dampna
877 1194 1085 1233 quamplurima
1103 1201 1215 1223 evenire
1228 1199 1305 1222 veri-

235 1239 358 1270 similiter
375 1237 569 1268 formidantur.
1106 1270 1111 1275 ⁵
1285 1267 1301 1273 ..

272 1277 354 1316 Nos,
373 1275 533 1314 hujusmodi
549 1275 630 1307 malis
649 1273 830 1305 desiderantes
848 1271 983 1310 oportuni
996 1269 1170 1314 appositione
1185 1266 1304 1299 remedu

233 1316 351 1347 obviare
364 1338 374 1353 ,
407 1315 573 1346 Amicitiam
597 1313 719 1345 vestram
744 1320 878 1349 rogamus
895 1310 930 1341 &
948 1310 1112 1355 requirimus
1129 1317 1163 1338 ex
1180 1305 1305 1350 affe-Qu,

234 1355 362 1393 quatinus
388 1352 565 1384 Hominibus
583 1353 615 1383 &
641 1351 852 1381 Mercatoribus
873 1347 971 1379 vestris
995 1370 1005 1386 ,
1040 1355 1102 1378 tam
1128 1345 1305 1383 Mannarus,

234 1393 322 1432 quam
339 1392 415 1430 aliis,
433 1390 558 1422 distri&e
577 1390 665 1421 velitis
682 1389 773 1420 facere
790 1388 932 1426 inhiberi,
954 1396 990 1417 ne
1009 1384 1152 1417 Homines
1168 1385 1202 1416 &
1222 1383 1304 1414 Mer-

236 1440 345 1463 catores
363 1430 472 1461 nostros
490 1429 657 1468 praedietos,
675 1429 704 1458 in
722 1427 816 1459 eundo
833 1425 924 1458 versus
939 1425 1027 1456 dicias
1046 1433 1137 1463 partes
1155 1447 1166 1463 ,
1195 1422 1240 1454 seu
1257 1431 1306 1452 ex-

236 1469 303 1501 inde
315 1468 475 1507 redeunde,
493 1467 691 1506 aggrediantur
707 1465 843 1498 hostiliter
857 1488 868 1504 ,
892 1464 938 1495 seu
964 1465 1002 1495 eis
1024 1463 1130 1495 malum
1149 1470 1196 1494 aut
1213 1460 1306 1492 mole-

235 1508 337 1547 stiam,
354 1507 428 1538 clam
445 1506 490 1538 vel
508 1506 616 1545 palam,
634 1506 751 1544 faciant,
765 1505 812 1536 seu
826 1503 885 1535 fieri
905 1510 1066 1541 procurent.
1175 1539 1180 1545 .

275 1547 344 1578 Nos
361 1547 456 1585 enim,
475 1545 616 1577 consimili
633 1544 723 1576 modo
735 1567 747 1583 ,
778 1543 957 1573 Hominibus
974 1542 1008 1572 &
1027 1539 1235 1584 Mercatoribus
1253 1548 1307 1582 no-

234 1584 309 1624 stris,
326 1585 376 1616 sub
394 1583 569 1616 forisfactura
587 1582 754 1622 Corporum
771 1582 805 1614 &
823 1581 968 1612 Bonorum
982 1602 993 1619 ,
1022 1580 1142 1610 fecimus
1167 1577 1307 1615 inhiberi,

237 1634 274 1654 ne
298 1624 350 1662 ipsi
374 1622 519 1654 Homines
542 1623 577 1654 ὅ(
602 1622 777 1653 Mercatores
801 1620 907 1651 vestros
930 1617 1079 1657 praedieios
1097 1616 1308 1660 persequantur,

236 1662 283 1693 seu
301 1662 499 1700 aggrediantur
518 1660 670 1701 hostiliter,
687 1669 733 1692 aut
749 1661 788 1691 eis
805 1658 924 1690 inferant
942 1655 1308 1696 malum,molestiam,aut

237 1702 365 1739 injuriam
404 1701 483 1732 uovis
501 1699 601 1731 rnodo.
1257 1732 1261 1737 ι
1287 1731 1292 1737 ·

275 1739 363 1778 Super
413 1739 521 1777 ampnis
539 1747 630 1770 autem
646 1738 679 1769 &
696 1737 821 1775 Injuriis,
836 1735 857 1766 si
874 1745 937 1774 quae
956 1734 1037 1764 illatae
1056 1732 1156 1764 fuerint
1171 1732 1308 1775 Hominis

239 1778 290 1809 bus
307 1778 403 1808 vestris
424 1787 474 1815 per
487 1776 706 1815 nostros,parati
724 1775 816 1806 sumus
834 1775 966 1805 omnibus
984 1773 1017 1804 &
1035 1773 1309 1815 singuii5,conquer1

238 1816 415 1853 volentibus,
431 1816 562 1846 exhibere
581 1816 677 1846 celeris
693 1814 810 1853 justitiae
838 1812 1085 1851 complementum
1102 1821 1112 1849 ⁵,
1131 1809 1309 1853 rescribente-s

239 1855 349 1922 mbis'd
359 1854 378 1884 si
398 1854 508 1893 placet,
522 1863 571 1893 per
587 1854 702 1885 latorem
717 1852 910 1891 praesentium,
931 1849 999 1889 quid
1016 1849 1094 1888 super
1111 1849 1161 1880 hiis
1178 1848 1310 1879 duxeritis

238 1894 330 1923 tacien
352 1903 411 1923 um.

274 1931 345 1962 Dat.
363 1931 436 1971 apud
453 1930 728 1969 Northamptoniam
736 1952 747 1969 ,
760 1928 897 1961 vicesimo
911 1927 958 1959 die
969 1927 1048 1966 Julii.

263 2059 322 2090 Pro
338 2053 458 2102 Jacobo
479 2055 516 2089 de
532 2054 670 2098 Berkele,
685 2054 902 2103 Confhnguineo
920 2056 1008 2101 Regis
1021 2080 1032 2097 ‚
1053 2055 1164 2087 iteratae
1175 2063 1288 2100 preces.

240 2141 405 2210 PAgAZ
428 2141 492 2173 Rex
511 2140 843 2186 devota'pedumqoscula
858 2141 1014 2184 beatorum.
1068 2179 1073 2183 .

356 2189 474 2212 irtutum
492 2182 525 2212 &
544 2181 718 2212 Meritorum
735 2180 854 2217 lnslgma
868 2202 878 2217 ,
901 2180 1020 2218 quibus,
1046 2176 1164 2208 dileetus
1182 2175 1311 2207 Consan-

241 2267 330 2297 ratur,
348 2268 400 2288 nos
417 2259 539 2289 excitant
555 2259 588 2289 &
607 2258 747 2288 inducunt
764 2264 793 2287 ut
811 2266 934 2294 ἄμμε
953 2255 1035 2293 ipsius
1052 2256 1199 2297 respiciunt
1213 2253 1310 2284 Corn-

87 2301 159 2325 Rom.
182 2293 216 2328 ὁ·
242 2296 363 2327 modum
377 2297 410 2327 &
423 2296 593 2335 Honorem,
609 2294 792 2339 effeetuaIiter
811 2304 993 2338 procuremus
1006 2317 1016 2333 ,
1039 2294 1072 2326 &
1090 2304 1126 2324 eo
1143 2292 1310 2331 ferventius,

87 2339 130 2400 {n
153 2342 195 2361 12·
240 2345 298 2374 quo
318 2336 347 2365 in
364 2334 451 2372 gradu
468 2333 724 2373 consanguinitatis
743 2343 794 2364 nos
815 2334 934 2371 attingit.

109 2393 116 2400 .
138 2381 165 2398 2.
183 2380 220 2400 m.

92 2411 169 2440 nid·

282 2373 397 2405 Idcirco
413 2372 512 2404 vestrae
528 2373 673 2404 Sanffltati
691 2382 743 2410 pro
757 2371 861 2402 eodem
875 2372 988 2411 Jacobo
1006 2370 1079 2413 (pro
1094 2379 1152 2410 quo
1172 2369 1235 2399 alias
1254 2379 1310 2400 vo-

244 2413 287 2442 bis
303 2411 473 2450 scripsimus)
501 2412 634 2442 iteramus
658 2420 755 2448 preces
779 2409 883 2440 nostras
903 2421 913 2448 ·,
945 2409 1086 2440 humiliter
1108 2407 1311 2446 supplicantes,

244 2451 371 2491 quatinus
390 2449 543 2482 Petitiones
557 2451 639 2488 ipsius
655 2448 868 2486 consanguinei
886 2447 974 2478 nostri
988 2470 999 2487 ,
1029 2446 1128 2477 vestrae
1143 2446 1309 2477 Beatitudini

244 2488 425 2527 porrigendas
456 2489 491 2519 ad
514 2488 696 2519 exauditionis
716 2495 820 2525 optatae
840 2488 960 2524 gratiani
976 2509 986 2525 ,
1012 2495 1131 2523 precum
1152 2484 1310 2515 nostrarum

242 2529 277 2559 &
293 2527 416 2566 ejusdem
426 2512 528 2567 ,lacobi
543 2528 711 2558 meritorum
723 2526 821 2557 intuitu
829 2525 994 2565 ,admittere
1009 2525 1141 2563 dignetur
1154 2523 1243 2555 vestra
1258 2523 1310 2555 Pa-

241 2568 352 2599 ternitas
368 2566 555 2597 Sacrosarit‘Jta.

279 2603 434 2636 Conservet
442 2627 452 2643 ,
465 2605 526 2635 &c.

317 2643 386 2674 Dat.
405 2642 477 2681 apud
496 2642 716 2681 Northampton
724 2665 733 2680 ,
744 2640 881 2673 vicesimo
893 2650 972 2672 nono
984 2639 1031 2672 die
1043 2639 1120 2679 Julii.

449 2768 509 2803 Ad
525 2772 631 2816 Regem
648 2768 752 2802 Sicilie
766 2779 822 2814 pro
833 2768 956 2815 praefato
973 2764 1104 2813 Jacobo.

249 2852 461 2915 MAgnisico
475 2853 601 2891 Principi
610 2852 760 2892 ,Domino
773 2853 921 2892 Roberto,
932 2851 992 2884 Dei
1007 2852 1093 2890 gratis
1102 2875 1111 2890 ,
1124 2851 1238 2882 Ciciliae
1251 2850 1314 2881 Re-

342 2895 373 2930 gi
389 2892 500 2932 illustri,
517 2892 737 2930 consanguineo
749 2892 797 2923 suo
811 2892 971 2930 kariffimo‚
984 2891 1220 2930 Edwardus‚&c.
1236 2888 1315 2921 Salu-

248 2940 326 2970 tem,
336 2932 370 2963 &
384 2931 451 2969 pros
481 2941 527 2962 ros
541 2931 575 2962 ad
592 2939 660 2961 vota
670 2930 817 2962 successus.

286 2969 365 3008 Pro,
383 2970 439 3000 dile
470 2980 490 3000 o
511 2968 729 3009 Consanguineo
741 2969 855 3008 nostro,
869 2968 1012 3007 Magistro
1024 2968 1138 3006 Jacobo
1153 2967 1189 2998 de
1211 2966 1313 2998 Berke·

248 3008 290 3047 le,
304 3007 458 3040 affeeiuose
471 3018 522 3040 vos
536 3018 687 3046 rogamus,
699 3009 823 3047 quatinus
836 3008 925 3046 ipsum
941 3007 1084 3046 Jacobum
1106 3007 1238 3037 habentes
1260 3015 1313 3036 no-

247 3047 294 3078 stri
311 3047 484 3084 Rogaminis
495 3049 652 3090 interventu
675 3046 835 3084 propenfius
855 3045 1090 3077 commendatum
1100 3068 1109 3084 ,
1125 3053 1155 3076 ut
1170 3045 1250 3082 ipfiiis
1263 3054 1313 3088 ne-

249 3087 342 3124 gotia,
357 3096 420 3125 quae
436 3095 519 3124 penes
533 3085 695 3129 Dominum
715 3085 869 3115 Summum
886 3083 1157 3127 Pontificemhabet
1172 3083 1315 3121 expediri,

246 3123 696 3206 iffiifflesffifflss'ssfflffs
709 3122 1314 3204 ΞΞΞΞΞΞ’,ΞΞΞΞ,,ΞΞΞΞ,ΞΞ,ΞΞΞΟΞΞΞ

247 3200 335 3268 νείῧιε
351 3210 438 3269 parttsss
451 3201 568 3240 vestras,
583 3209 612 3232 ut
628 3201 676 3232 has
693 3199 795 3231 Preces
808 3199 914 3231 nostras
929 3200 982 3230 libi
995 3199 1091 3232 sentiat
1103 3197 1264 3230 fructuosas.

318 3247 352 3269 at.
368 3247 398 3270 ut
423 3249 499 3278 upra.

336 3365 396 3400 Ad
409 3369 523 3413 Papam
533 3366 638 3413 ‚fitpor
653 3369 766 3399 enormi
783 3365 948 3400 Excuslione
964 3367 1057 3399 Curiae
1076 3367 1222 3400 Romame.

221 3480 228 3487 ,
250 3449 413 3521 PAPAE
442 3451 506 3483 Rex
528 3452 630 3483 devota
643 3451 749 3490 pedum
761 3450 853 3482 oscula
872 3451 1027 3481 beatorum.

335 3489 454 3529 Preces,
469 3490 566 3521 effiiias
580 3490 679 3521 vestrae
696 3489 876 3527 Beatitudini,
897 3499 934 3519 eo
955 3488 1082 3519 fidentius
1102 3489 1244 3527 iteramus,
1259 3497 1317 3526 quo

213 3556 219 3562 .
251 3528 297 3568 id,
315 3529 389 3568 quod
407 3531 526 3568 petitur,
546 3528 699 3560 honestum
717 3530 895 3566 arbitramur,
911 3527 944 3559 &
959 3527 997 3558 fic
1015 3539 1030 3558 a
1048 3527 1138 3558 vestra
1155 3527 1316 3564 Benignita-

251 3576 278 3599 te
295 3567 312 3597 s
325 3577 428 3598 eramus
444 3568 582 3606 gratiosius
599 3567 732 3599 exaudiri.

253 3576 1316 3683 hist?wsmsmstfflselepeusaegistzfflsifflsffise

224 3706 231 3714 .
254 3682 365 3712 afflone
379 3682 433 3712 Sex
448 3682 568 3714 Milium
580 3682 737 3714 Parvorum
756 3667 942 3712 F³lorenorum
959 3682 995 3712 de
1020 3663 1184 3719 Flor’encifi,

291 3718 325 3750 In
343 3720 442 3758 quibus
461 3720 638 3759 Richardus‚
656 3721 802 3759 quondam
821 3721 917 3752 Abbas
934 3719 1006 3751 disti
1023 3720 1098 3756 loci,
1125 3718 1315 3750 Praedeceffor

253 3757 314 3788 suus
328 3778 339 3793 ,
368 3758 456 3788 felicis
473 3759 673 3790 recordationis
687 3782 698 3798 ,
728 3759 856 3789 Domini
880 3758 918 3789 C.
934 3767 1002 3790 tunc
1019 3757 1134 3788 Summi
1151 3756 1315 3796 Pontii-icis,

252 3795 465 3839 Praejdecefforis
484 3797 566 3828 vestri
581 3821 591 3836 ,
618 3797 750 3828 Camerae
766 3807 819 3836 pro
841 3798 947 3828 secreto
963 3797 1072 3828 servitio
1087 3796 1211 3833 ejusdem
1228 3797 1315 3827 fuerat

253 3833 406 3877 obhgatus3
423 3833 456 3877 ὃς
473 3844 537 3872 quae
553 3836 630 3866 idem
647 3835 834 3867 Praedeceffor
855 3835 947 3867 vester
962 3859 972 3875 ,
998 3844 1061 3866 ante
1079 3843 1202 3866 mortem
1219 3833 1314 3872 suam,

251 3872 373 3904 totaliter
386 3872 506 3911 remisit,
518 3882 549 3904 ut
562 3874 735 3913 audivimus,
750 3882 831 3912 prout
849 3874 948 3906 vestrae
963 3873 1134 3905 Clementiae
1155 3882 1206 3911 per
1223 3873 1316 3912 legiti-

254 3920 302 3942 ma
315 3910 488 3952 documenta
505 3911 648 3942 clarescere
667 3915 783 3950 poterit:

291 3949 393 3993 Quam
409 3947 526 3986 quidem
551 3948 734 3980 Exaffionem
762 3949 899 3989 Magister
926 3950 1073 3987 Rigandus
1086 3973 1096 3988 ‚
1125 3949 1252 3980 Clericus
1277 3949 1312 3980 &

186 4011 194 4020 .
251 3987 389 4022 Nuncius
401 3985 510 4026 vester,
521 3983 541 4002 *
557 3988 589 4018 in
605 3986 714 4027 Regno
729 3989 845 4029 nosti-0,
863 3998 879 4021 a
896 3989 1038 4028 praedieto
1048 3987 1312 4027 Wiliielm0‚nunc

645 78 1448 134 ooNvENTioNEs,
1504 71 1903 132 L1TERAE,

1327 164 1457 205 Abbate,
1471 164 1505 195 ad
1522 174 1594 204 opus
1611 164 1735 196 vestrum
1752 165 1955 196 nichilominus
1977 162 2079 203 exigite
2418 165 2492 198 Ann.
2508 164 2547 202 D.

1364 203 1445 234 Cum
1467 204 1568 234 eodem
1592 204 1705 235 Abbate
1718 205 1837 243 gratiose
1850 211 1976 242 ageretur
2009 213 2055 242 ut,
2071 202 2250 235 Remiffione
2262 205 2398 243 praediCia
2443 207 2527 246 1318.

1329 254 1345 273 a
1357 242 1447 273 vestra
1467 242 1640 282 Benignitate
1652 250 1797 280 acceptata
1816 266 1826 280 ,
1859 243 1960 274 eadem
1978 227 2100 273 l’ixaetio
2121 244 2242 274 omnino
2260 244 2374 276 cessaret
2389 268 2399 284 ,
2421 248 2486 272 Edv-
2505 256 2530 274 2.

1329 281 1430 312 Preces
1444 281 1551 312 nostras
1564 281 1717 311 direximus
1739 281 1883 321 speciales,

1368 319 1496 358 Verum,
1511 321 1576 360 quia
1594 319 1673 350 idem
1693 318 1859 357 Capelianus
1874 319 1966 350 noster
1981 319 2107 350 stu-stum
2121 319 2261 350 dictarum
2276 316 2400 352 Precum

1330 358 1509 396 nostrarum,
1526 368 1614 397 quem
1628 357 1762 396 speravit,
1780 358 1908 389 nondum
1926 359 2004 388 sensit
2021 357 2221 397 effestualiterg
2238 358 2278 389 set
2300 360 2403 390 coher-

1332 397 1428 427 ciones
1446 406 1545 428 contra
1563 397 1704 435 eundern,
1717 397 1796 439 super
1815 397 1914 427 eadem
1931 396 2102 435 Exadiione,
2129 397 2160 426 in
2179 397 2260 434 ipfius
2280 398 2313 429 &
2335 397 2402 428 Do-

1332 445 1394 466 mus
1412 435 1467 466 suae
1486 435 1632 473 praeditffioe
1647 435 1853 473 depressionem
1874 435 2080 474 gravissimam,
2094 435 2183 466 indies
2201 444 2383 473 agravantur:

1370 473 1426 504 Pro
1446 473 1548 504 eodem
1570 473 1725 512 Capellano
1739 473 1855 513 nostro,
1893 483 1958 504 uem
1975 475 2005 504 in
2022 474 2135 505 sinceris
2152 474 2271 505 caritatis
2289 475 2403 506 visceri-

1332 513 1385 543 bus
1403 513 1540 551 gerimus,
1585 522 1617 543 ro
1637 512 1715 543 dieta
1734 512 1837 543 Domo
1897 512 2147 544 estmonasteriensi
2159 536 2169 551 ,
2189 523 2254 552 quae
2273 512 2310 544 de
2331 513 2403 544 Pro-

1331 552 1494 589 genitorum
1512 561 1551 581 no
1576 561 1674 582 rorum
1694 552 1727 582 &
1746 551 1844 582 nostris
1862 551 2025 582 Elemosinis
2042 550 2170 583 fundatur
2221 551 2257 583 ad
2282 551 2405 584 vestram

1332 589 1573 621 mansuetudinem
1591 599 1761 620 recurrentes
1781 613 1791 628 ,
1818 591 1916 620 iteratis
1947 590 2076 627 precibus
2105 574 2245 622 humiliter
2267 589 2407 629 supplica-

1333 638 1414 667 mus,
1437 629 1579 667 quatinus,
1597 636 1627 658 ut
1643 627 1760 659 Exaetio
1780 629 1813 660 &
1829 627 2024 659 Coherciones
2052 627 2177 667 praefatae
2198 631 2322 661 omnino
2342 639 2406 661 ces-

1331 666 1408 705 sent,
1426 675 1585 697 memorato
1604 665 1721 697 Clerico
1738 667 1772 698 ὅ(
1790 666 1910 697 Nuncio
1927 666 2021 698 vestro
2037 667 2212 708 dignemini,
2224 668 2325 700 nostris
2340 679 2404 707 pre·-

1331 705 1428 774 cibCug,
1438 705 1520 773 sjuxta
1542 703 1631 774 ngcstri
1645 704 1990 744 desiderium,praecipere
2003 706 2038 738 δε
2056 705 2197 737 mandare.

1419 753 1436 772 n
1448 751 1542 781 ervet,
1594 753 1621 773 c.

1403 780 1473 812 Dat.
1491 782 1565 820 apud
1582 780 1810 820 Northampton.
1825 783 1906 814 tertio
1920 782 1967 814 die
1985 782 2116 823 Augusti.

1512 903 1571 939 Ad
1585 903 1730 948 eundem,
1743 905 1835 952 fhpcr
1852 906 2020 941 Exaffiione
2045 904 2230 952 hujusmodi.

1335 989 1452 1052 PAP
1462 989 1504 1020 AE
1528 989 1594 1021 Rex
1611 988 1716 1021 devota
1730 989 1835 1028 pedum
1850 990 1943 1022 oscula
1958 992 2115 1022 beatorum.
2435 996 2499 1030 Ann
2521 995 2558 1032 D·

1420 1029 1542 1067 Nuper,
1558 1028 1637 1059 Pater
1653 1028 1773 1067 Sandie,
1795 1029 1930 1059 referente
1943 1031 2025 1060 nobis
2042 1031 2071 1059 iri
2087 1029 2204 1062 Christo
2217 1031 2411 1072 dileciofflra-
2456 1024 2538 1079 131’8,
2551 1025 2559 1034 ⁰

1336 1075 1378 1097 tre
1399 1067 1560 1098 Willielmo
1574 1067 1685 1098 Abbate
1698 1066 2007 1106 Westmonasteriensi,
2021 1066 2177 1106 Capeliano
2194 1070 2311 1109 nostro,
2330 1071 2412 1102 intel·
2430 1080 2484 1105 An.
2502 1084 2544 1107 12.'

1337 1107 1453 1136 leximus
1469 1106 1548 1144 quod
1576 1105 1735 1137 Richardus
1778 1106 1904 1137 nondam
1928 1107 2026 1137 Abbas
2056 1106 2114 1137 loci
2137 1107 2208 1138 illius
2227 1131 2238 1147 ‚
2290 1110 2412 1141 roximus
2430 1119 2461 1142 Ε.
2481 1124 2506 1143 2.

1340 1143 1532 1175 Praedeceisor
1550 1144 1631 1189 suus,
1646 1144 1717 1188 duo.
1761 1145 1765 1150 ’
1781 1145 1805 1176 'a
1820 1144 1977 1176 Parvorum
1996 1145 2185 1177 Florenorum
2201 1145 2238 1177 de
2264 1119 2412 1180 florencia
2430 1158 2500 1182 Rom.
2527 1153 2559 1189 6·

1339 1182 1456 1214 solverat
1471 1183 1615 1221 Magistro
1629 1182 1796 1214 Guilhelmo
1816 1183 1852 1214 de
1875 1183 1996 1215 Balaetto
2015 1207 2025 1223 ,
2050 1191 2119 1214 tunc
2138 1185 2167 1215 in
2189 1184 2300 1223 Regno
2315 1186 2411 1218 nostro
2432 1196 2559 1223 Fr.i2.z·:.

1340 1221 1462 1266 Nuncio
1478 1222 1613 1252 Ecclesiae
1627 1221 1772 1253 Romanae
1781 1222 1873 1261 ,Sede
1886 1222 2010 1261 ejusdem
2024 1224 2328 1263 vacante,venerando
2337 1224 2411 1256 Coe-
2436 1241 2461 1258 2.
2475 1241 2511 1261 m.
2521 1241 2559 1260 ii.

1340 1268 1380 1290 tui
1395 1259 1613 1329 clCardinalium,
1627 1261 1746 1292 nomine
1764 1261 1837 1292 dieti
1851 1260 1990 1294 Richardi
2011 1261 2128 1293 Abbatis
2140 1284 2150 1301 ,
2177 1261 2289 1294 ulterius
2310 1264 2412 1303 persol-

1339 1308 1394 1329 ven
1415 1308 1446 1329 a:

1377 1336 1413 1368 Et
1435 1337 1510 1376 quod
1532 1337 1609 1368 idem
1630 1337 1769 1376 Magister
1788 1337 1972 1369 Guillielmus
1987 1337 2065 1370 dicta
2090 1338 2149 1370 duo
2175 1339 2252 1370 milia
2280 1339 2415 1372 Floreno-

1341 1386 1406 1407 rum
1426 1376 1524 1407 vestrae
1545 1375 1680 1407 Camerae
1706 1376 1891 1416 postmodum
1918 1377 2025 1416 solvit,
2049 1377 2158 1409 distum
2183 1379 2328 1409 Abbatern
2347 1390 2414 1417 erga

1341 1414 1494 1453 praedidios
1514 1413 1676 1446 cardinales
1693 1414 1760 1445 inde
1777 1416 1808 1445 in
1824 1415 1903 1446 nullo
1918 1416 2114 1455 exonerando,
2133 1425 2216 1455 prout
2235 1417 2298 1448 haec
2317 1417 2415 1451 vestrae

1343 1453 1515 1484 Clementiae
1533 1463 1583 1492 per
1602 1453 1824 1484 instrumentum
1842 1453 1991 1492 publicum
2009 1464 2140 1492 apparere
2159 1455 2307 1487 dicuntur:

1377 1492 1424 1524 Ut
1441 1492 1518 1523 dieta
1535 1492 1593 1523 duo
1611 1492 1689 1523 milia
1707 1492 1909 1532 Florenorum,
1924 1493 1953 1522 in
1971 1492 2061 1523 vestra
2072 1492 2197 1524 Camera
2211 1494 2250 1525 fic
2270 1504 2318 1532 per
2337 1505 2415 1526 erro-

1342 1541 1404 1574 rem
1423 1530 1528 1570 soluta,
1545 1531 1667 1569 praefatis
1686 1529 1898 1570 Cardinalibus,
1916 1531 1951 1561 ad
1969 1533 2196 1562 exonerationem
2221 1533 2292 1564 dieti
2311 1532 2418 1572 Capel—

1341 1570 1398 1600 lam
1415 1568 1528 1639 ffostrial,
1559 1570 1757 1608 liberarentur,
1784 1569 1884 1600 vestrae
1902 1569 2067 1601 Beatitudini
2082 1580 2178 1609 preces
2194 1571 2301 1603 nostras
2316 1571 2418 1604 direxi-

1343 1618 1406 1640 mus
1488 1619 1497 1638 1
1523 1618 1564 1638 es:

1379 1646 1415 1678 Et
1424 1618 1512 1687 ’pggia
1525 1647 1617 1678 didius
1633 1646 1801 1685 Capelianus
1813 1646 1908 1677 noster
1920 1645 2046 1677 frustum
2065 1646 2206 1679 diiiarum
2223 1647 2349 1680 Precum
2365 1659 2417 1680 no-

1343 1684 1480 1730 strarum,
1498 1696 1585 1731 quem
1604 1685 1740 1724 speravit,
1757 1684 1940 1718 effectualiter
1959 1685 2090 1717 nondum
2113 1686 2216 1726 sensit,
2240 1686 2296 1726 set,
2315 1687 2350 1719 ad
2373 1689 2419 1718 in-

1343 1723 1471 1755 stantiam
1484 1724 1629 1755 dierorum
1643 1724 1835 1755 Cardinalium
1850 1747 1860 1763 ,
1881 1724 2031 1755 occasione
2049 1724 2195 1757 dierorum
2215 1725 2419 1766 Florenorum,

1343 1764 1382 1794 eis
1395 1762 1523 1794 nondum
1537 1763 1707 1801 solutorum,
1724 1762 1913 1801 multipliciter
1934 1762 2075 1802 fatigatur:

1382 1800 1441 1831 Pro
1459 1802 1578 1840 eodem,
1606 1811 1671 1832 uem
1689 1802 1718 1833 in
1735 1801 1845 1832 sinceris
1861 1802 1980 1832 caritatis
1999 1801 2152 1832 visceribus
2163 1803 2347 1842 gerimus,&
2362 1813 2415 1841 pro

1343 1839 1423 1871 diffita
1441 1839 1545 1871 Domo
1606 1839 1942 1881 estmonasterienfi,quae
1960 1839 1997 1870 de
2014 1839 2234 1884 Progenitorum
2252 1841 2416 1872 nostrorum

1345 1879 1379 1910 ὃ(
1397 1878 1497 1910 nostris
1515 1879 1682 1910 Elemosinis
1701 1877 1848 1919 fundatur,
1866 1877 1965 1909 vestrae
1982 1878 2127 1910 Smeiitad
2144 1879 2284 1910 humiliter
2299 1879 2418 1918 suplica-

1347 1926 1409 1948 mus
1426 1917 1561 1949 Precibus
1579 1918 1698 1955 iteratis,
1716 1918 1843 1956 quatinus
1856 1940 1868 1956 ,
1896 1925 1926 1948 ut
1946 1916 2023 1948 dicta
2046 1917 2105 1948 duo
2129 1918 2208 1948 milia
2231 1918 2419 1949 Florenorum

1345 1955 1429 1987 dietis
1449 1955 1645 1989 Cardinalibus
1660 1955 1815 1995 solvantur,
1834 1956 1880 1986 vel
1897 1956 1959 1986 alias
1976 1955 2056 1995 quod
2073 1956 2166 1986 dietus
2184 1955 2353 1995 Capelianus
2373 1958 2419 1986 in-

1345 1994 1382 2038 de
1396 2003 1463 2032 erga
1477 2005 1526 2026 eos
1543 2002 1723 2033 exoneretur,
1740 1994 1840 2024 nostris
1863 1993 2000 2025 Precibus
2027 2017 2039 2033 ,
2074 2004 2128 2033 pro
2153 1995 2255 2025 eodem
2272 1994 2420 2033 providere

1346 2033 1479 2070 dignetur
1492 2033 1583 2064 vestra
1600 2032 1750 2064 Paternitas
1768 2032 1958 2064 Sacrosandita.

1385 2070 1555 2111 Conservet,
1573 2072 1635 2103 &c.

1418 2109 1486 2142 Dat.
1501 2110 1575 2151 apud
1588 2110 1804 2149 Norhampton.
1823 2110 1905 2141 tertio
1922 2109 1970 2141 die
1988 2108 2120 2149 Augusti.

1345 2239 1395 2271 De
1413 2237 1643 2281 Coqfirmatione
1659 2247 1780 2273 eorum,
1806 2246 1868 2281 quae
1889 2236 2034 2268 Comitem
2060 2232 2239 2278 Lancastriae
2259 2235 2421 2282 speffant,

1599 2285 1761 2330 fhlenniter
1776 2283 1866 2329 fasta
1885 2286 1916 2315 in
1939 2283 2156 2316 Parliamento.

1395 2370 1441 2402 At
1451 2379 1474 2401 T
1500 2381 1521 2401 A
1542 2376 1726 2401 iti-:Minuit
1738 2378 1756 2400 ε
1766 2378 1808 2408 R,
1823 2378 1877 2408 que
1894 2367 2010 2407 Come,
2021 2368 2176 2406 n’adgaires
2212 2370 2331 2400 certeins
2347 2367 2417 2400 Pre··
2440 2371 2516 2404 Ann.
2530 2368 2562 2404 D¹

1345 2378 1386 2441 F
1403 2409 1459 2440 lati.
1472 2432 1483 2448 ‚
1509 2408 1655 2447 Countes,
1669 2408 1703 2439 δε
1718 2407 1840 2439 Barouns
1857 2430 1867 2446 ,
1894 2407 1930 2437 de
1949 2407 1975 2438 la
1995 2406 2111 2451 volunte
2131 2391 2224 2438 nolite
2240 2407 2376 2445 Seigneur
2390 2409 2416 2439 ie
2462 2412 2544 2452 1318.

1347 2447 1431 2489 Roy,
1448 2449 1481 2480 &
1500 2447 1588 2478 assent
1601 2448 1649 2478 des
1663 2445 1784 2484 piusours
1801 2445 1913 2476 Grantz
1928 2445 1966 2476 du
1980 2445 2128 2483 Roialme,
2142 2445 2176 2476 &
2189 2454 2276 2477 autres
2295 2446 2333 2477 du
2346 2457 2418 2477 con·
2438 2454 2492 2478 An.
2511 2459 2552 2480 12.

1346 2486 1393 2518 seil
1410 2486 1436 2517 le
1456 2486 1531 2526 Roi,
1548 2486 1605 2516 lors
1627 2485 1763 2516 esteaunts
1781 2495 1798 2516 a
1821 2484 2046 2523 Norbampton,
2065 2483 2176 2515 fuissent
2193 2485 2254 2516 alez
2274 2484 2373 2516 devers
2390 2485 2417 2516 le
2441 2493 2473 2516 f..
2493 2499 2520 2516 2.

1348 2524 1464 2556 Counte
1481 2525 1517 2556 de
1536 2523 1702 2562 Lancastre,
1719 2523 1755 2554 de
1773 2523 1859 2561 parler
1877 2523 1912 2553 &
1929 2530 2012 2553 treter
2033 2522 2154 2564 ovesque
2172 2523 2210 2554 lui
2228 2523 2270 2554 sur
2291 2523 2318 2554 le
2331 2523 2417 2563 profit
2441 2527 2528 2563 Claus.

1348 2565 1384 2596 &
1406 2564 1496 2594 l'onur
1510 2562 1604 2594 nostre
1621 2562 1759 2600 Seigneur
1777 2562 1803 2591 ie
1822 2560 1900 2599 Roi,
1918 2561 1951 2592 δε
1968 2561 2004 2591 de
2017 2560 2068 2591 son
2086 2561 2234 2592 Roiaime:
2446 2575 2488 2594 12.
2503 2570 2562 2594 Ea.

1386 2602 1423 2633 Et
1441 2613 1477 2633 en
1495 2601 1520 2632 la
1539 2601 1704 2640 parlaunce‚
1721 2600 1755 2631 ὃς
1771 2600 1868 2638 treitz,
1881 2608 1961 2630 entre
1978 2600 2016 2630 les
2033 2599 2094 2631 dit-z
2109 2598 2370 2639 Prelatz,Countes
2383 2601 2418 2633 δε
2442 2614 2480 2634 m.
2494 2603 2562 2633 aad.

1347 2640 1472 2673 Barouns
1488 2664 1497 2680 ,
1519 2640 1553 2671 &
1581 2639 1607 2670 le
1633 2638 1673 2670 dit
1688 2637 1805 2669 Counte
1820 2637 1855 2668 de
1874 2637 2042 2678 Lancastre,
2061 2638 2137 2677 parle
2153 2640 2186 2670 &
2202 2648 2271 2670 trete
2289 2638 2345 2670 fust
2384 2651 2419 2671 ue

1347 2679 1487 2718 Evesqes,
1506 2678 1650 2715 Countes,
1668 2677 1703 2708 &
1725 2675 1856 2720 Barouns‘
1868 2675 1981 2707 fuissent
2000 2677 2187 2708 demorauntz
2208 2678 2304 2708 devers
2324 2688 2363 2708 no
2388 2689 2419 2709 re

1348 2718 1482 2758 Seigneur
1502 2716 1527 2748 le
1543 2717 1619 2754 Roi,
1638 2725 1691 2753 por
1706 2715 1744 2745 lui
1761 2714 1908 2745 conseiller
1926 2725 1955 2745 es
1979 2715 2129 2753 bosoignes
2151 2717 2199 2755 qui
2218 2716 2418 2749 touchererent

1349 2756 1376 2787 le
1395 2755 1479 2795 profit
1496 2754 1589 2786 nostre
1607 2754 1730 2792 Seignur
1747 2753 1774 2784 le
1790 2753 1857 2794 Roy
1875 2754 1908 2784 &
1928 2752 2217 2794 RoiaIme,tauntque
2234 2765 2271 2786 en
2288 2755 2338 2786 son
2356 2766 2422 2795 pre-

1348 2796 1435 2826 chein
1454 2794 1628 2825 Parlement:

1363 2873 1371 2884 ‚
1387 2834 1425 2865 Et
1439 2833 1475 2878 de
1494 2843 1566 2872 ce0‚
1583 2832 1618 2863 &
1637 2830 1756 2862 d'autres
1773 2829 1871 2862 choses
1887 2829 2052 2862 Endenture
2066 2830 2132 2862 faite
2147 2841 2183 2863 en
2198 2831 2223 2862 la
2239 2831 2350 2871 forme,
2372 2833 2421 2872 qui

1350 2883 1362 2904 s
1372 2871 1487 2941 εὲίέιὲἰὶ
1500 2909 1662 2941 Endenture
1675 2906 1834 2946 tesmoigne
1842 2907 1986 2947 ,Coment
2000 2906 2039 2937 les
2052 2907 2217 2940 honurables
2230 2907 2421 2947 Pieres,i’Er-

1349 2949 1466 2988 cevesqe
1480 2949 1516 2979 de
1529 2948 1680 2989 Dyvelyn,
1698 2947 1732 2979 δε
1750 2947 1788 2977 les
1806 2946 1925 2985 Evesqes
1939 2946 1975 2977 de
1990 2945 2144 2985 Norwitz,
2159 2947 2211 2986 Ely
2224 2946 2258 2977 &
2273 2945 2419 2987 Cicestre,

1350 2989 1385 3020 &
1398 2988 1436 3019 les
1443 2987 1570 3019 Countes
1584 2986 1621 3017 de
1634 2985 1799 3016 Pembroch
1814 2986 1847 3017 &
1856 2984 1999 3053 Amr-idei&
2008 2983 2153 3028 Monsieur
2166 2984 2266 3022 Roget
2281 2983 2318 3015 de
2334 2985 2419 3017 Mor-

1349 3022 2218 3129 ffir.fflffiffiis‘s'eiffns?f'ffig‘ifizusrffiiffissffiss?
2230 3022 2420 3094 Eziffiffiz

1350 3113 1378 3136 te
1395 3105 1429 3136 &
1444 3103 1549 3135 l’affent
1563 3101 1658 3133 nostre
1674 3102 1716 3132 dit
1728 3101 1867 3138 Seigneur
1878 3100 1904 3129 le
1951 3109 1982 3129 01
2029 3106 2098 3129 uunt
2116 3099 2189 3136 parle
2206 3100 2244 3130 od
2266 3100 2293 3130 ie
2305 3100 2421 3133 Counte

1350 3144 1387 3174 de
1402 3142 1553 3174 Lancastre
1566 3141 1608 3172 sur
1622 3140 1660 3170 ies
1675 3139 1787 3177 choses,
1801 3138 1984 3182 touchauntes
1998 3121 2025 3167 ie
2038 3136 2119 3181 profit
2135 3137 2230 3169 nostre
2241 3138 2379 3178 Seigneur
2393 3139 2421 3171 le

1351 3182 1430 3219 Roi,
1445 3182 1478 3212 &
1494 3181 1532 3210 du
1544 3179 1696 3217 Roiaime,
1712 3187 1748 3207 en
1760 3177 1786 3207 la
1798 3176 1892 3206 forme
1904 3185 1952 3213 qui
1966 3175 2091 3214 s'ensuit3
2107 3175 2166 3206 cest
2180 3176 2271 3208 asaver

1391 3219 1459 3258 Qie
1474 3219 1499 3249 ie
1513 3217 1594 3249 Eves
1607 3226 1636 3246 es
1649 3216 1686 3246 de
1705 3215 1860 3258 Norwirz,
1870 3213 2056 3252 Ciceſtre,E1
2083 3200 2341 3255 ,Salisbury‚S'eint
2357 3215 2421 3248 Da-

1352 3258 1419 3295 vid,
1437 3256 1571 3294 Kardoil,
1611 3253 1739 3292 ereford,
1754 3253 1787 3284 &
1803 3251 1976 3297 Wircestre':
1994 3253 2030 3282 les
2047 3224 2175 3284 Countes
2197 3253 2233 3284 de
2257 3253 2421 3294 Pembrok,

1352 3295 1559 3332 Richemund,
1572 3291 1715 3324 Hereford
1733 3293 1767 3323 δε
1785 3290 1922 3322 Arundel:
1939 3291 1999 3322 Sue
2014 3291 2103 3328 Hugh
2119 3292 2155 3322 de
2169 3291 2333 3333 Courtney,
2356 3293 2419 3325 Sire

1353 3335 1455 3371 Roger
1477 3333 1512 3364 de
1528 3332 1700 3368 Mortimer‚
1713 3330 1772 3361 Sire
1782 3329 1874 3369 Johan
1885 3329 1921 3360 de
1933 3329 2071 3367 Segrave,
2083 3330 2142 3361 Sire
2155 3330 2249 3368 Johan
2266 3331 2301 3361 de
2319 3330 2420 3372 Grey,

1353 3374 1388 3405 δε
1400 3383 1438 3403 un
1452 3372 1507 3403 dez
1522 3371 1639 3402 Banretz
1654 3370 1679 3400 le
1695 3368 1812 3400 Counte
1825 3369 1860 3400 de
1876 3368 2042 3407 Lancastre,
2059 3369 2106 3409 q'il
2124 3369 2213 3400 vodra
2226 3378 2343 3407 nomer,
2365 3379 2419 3407 por

1353 3422 1391 3442 un
1413 3409 1743 3449 quartier,dernoergent
1785 3418 1827 3439 res
1841 3408 1877 3438 de
1892 3407 1987 3438 nostre
2001 3407 2136 3444 Seigneur
2153 3407 2179 3437 ie
2197 3406 2256 3437 Roi
2287 3415 2419 3448 tauritque

1352 3461 1368 3481 a
1388 3450 1522 3488 prechein
1541 3448 1715 3485 Parlement,
1729 3418 1803 3477 iisiiit
1822 3457 1876 3484 que
1891 3446 1963 3477 deux
1977 3446 2025 3477 des
2038 3445 2117 3490 Eyes
2131 3456 2175 3484 es,
2194 3455 2232 3475 un
2269 3455 2297 3475 es
2313 3444 2415 3477 Coun-

1353 3497 1410 3558 Ξῖ
1429 3498 1471 3557 ῖῖ,
1487 3486 1792 3561 &assessis
1806 3484 1995 3561 gesse
2007 3457 2226 3555 ΞΞῖὲῖῖ-ῖῖ
2250 3483 2287 3514 ⁴³⁶
2302 3483 2413 3516 Lm·

1391 3550 1428 3596 E't
1446 3575 1501 3603 que
1522 3548 1594 3595 tutes'
1611 3563 1723 3602 choses,
1737 3573 1771 3601 qe
1786 3573 1802 3593 a
1817 3563 1933 3599 charger
1949 3563 2056 3600 facerit,
2069 3571 2105 3599 qe
2126 3560 2153 3590 se
2171 3567 2308 3597 porrount
2325 3560 2359 3591 &
2372 3560 2422 3591 de-

1352 3612 1471 3635 verount
1484 3604 1549 3634 faire
1562 3602 1625 3633 sanz
1640 3601 1816 3639 Parlement,
1831 3600 1858 3632 se
1870 3601 1971 3633 facent
1995 3611 2045 3640 par
2064 3599 2127 3629 lour
2143 3598 2247 3636 assent,
2264 3598 2297 3628 &
2307 3621 2316 3636 ,
2336 3599 2355 3629 si
2369 3610 2418 3630 au-

1351 3651 1472 3673 trement
1485 3641 1574 3672 soient
1589 3640 1655 3678 fait,
1670 3640 1721 3671 soit
1734 3649 1820 3671 teriuz
1837 3650 1890 3678 por
1907 3641 2002 3678 nient,
2014 3639 2055 3669 .&
2071 3635 2182 3667 adresce
2192 3645 2235 3680 'en
2254 3635 2416 3669 Parlement

1350 3691 1397 3718 par
1414 3680 1495 3720 agard
1512 3680 1560 3711 des
1577 3679 1655 3710 Piers
1668 3702 1679 3718 ,
1712 3679 1745 3710 &
1769 3687 1839 3709 totes
1863 3678 1960 3710 choses
1976 3674 2142 3708 covenables
2162 3673 2247 3705 serent
2263 3674 2418 3707 redreffeez

1351 3729 1484 3788 Ρᾶἒξαέιί
1500 3756 1657 3786 Parlement
1676 3755 1764 3785 soient
1780 3755 1856 3799 essuz
1873 3753 1909 3784 de
1925 3762 1995 3796 eux,
2015 3751 2048 3782 &
2065 3750 2113 3781 dos
2131 3758 2236 3789 autres,
2256 3750 2286 3787 qi
2302 3750 2416 3782 devient

1351 3794 1480 3825 demorer
1499 3805 1560 3832 pres
1577 3795 1613 3825 de
1631 3793 1725 3824 nostre
1742 3793 1875 3833 Seigneur
1892 3792 1918 3822 le
1936 3791 2010 3827 Roi‚
2035 3799 2083 3827 par
2099 3797 2218 3832 quarters
2231 3810 2242 3825 ,
2265 3787 2365 3833 solone.
2379 3799 2416 3819 ce

1350 3834 1397 3872 q'il
1414 3835 1534 3864 serrount
1553 3832 1629 3864 essu'l.
1648 3834 1681 3864 &
1700 3831 1805 3869 affigne
1822 3842 1858 3862 en
1875 3829 2032 3860 Parlement
2050 3849 2060 3864 ,
2081 3837 2104 3870 'a
2129 3827 2197 3857 faire
2221 3827 2255 3858 &
2272 3826 2418 3858 conseiller

1349 3871 1442 3902 nostre
1459 3872 1594 3908 Seigneur
1612 3871 1637 3901 le
1657 3870 1717 3900 Roi
1735 3881 1770 3901 en
1789 3870 1813 3900 la
1832 3869 1943 3899 fourme
1960 3865 2124 3896 avauntdite.

1386 3909 1422 3940 Et
1439 3910 1476 3940 les
1494 3909 1609 3947 susditz,
1624 3909 1750 3947 Prelatz,
1771 3907 1916 3943 Comites,
1929 3905 1962 3935 &
1983 3903 2125 3946 Barouns,
2142 3902 2179 3933 de
2207 3903 2360 3946 lanvolente
2378 3904 2413 3935 δε

1347 3947 1451 3978 l’affent
1466 3948 1559 3978 nostre
1580 3948 1716 3984 Seigneur
1732 3948 1758 3977 le
1781 3945 1842 3975 Roi
1856 3967 1866 3982 ,
1890 3950 1940 3973 unt
1957 3952 1993 3972 en
2011 3951 2065 3979 pris
2083 3951 2118 3979 qe
2137 3941 2163 3971 le
2184 3940 2243 3971 Rox
2261 3940 2302 3972 fra
2320 3952 2353 3973 au
2370 3942 2413 3972 dit

1348 3985 1465 4019 Counte
1481 3986 1518 4018 de
1535 3985 1704 4025 Lancastre,
1721 3985 1754 4017 &
1769 3994 1784 4016 a
1801 3983 1839 4015 ses
1855 3989 1958 4021 gentz,
1975 3980 2009 4012 &
2025 3979 2065 4011 ses
2089 3980 2248 4021 meiguees,
2270 3979 2353 4050 Reges
2377 3980 2410 4022 ὄρ

2332 4026 2413 4056 cquh

2461 2914 2477 2932 '⁶
2499 2913 2550 2944 111.

2479 2960 2540 2990 7²3·
