2562 4279
694 166 801 208 ET
880 164 1160 208 ‘ACTA'

0 251 63 282 Ann.
77 248 118 281 D·
139 253 272 290 proximo
293 253 438 295 futurum,
455 255 501 286 die
519 254 640 294 ejusdem
654 253 729 284 Festi
742 252 867 292 incluso,
885 252 1042 288 duraturae,
1059 248 1190 280 annueri-

17 295 96 328 1323.
134 301 197 322 mus
212 304 218 309 ·

0 329 54 355 zdv.
73 336 98 355 ²·
172 314 320 370 Ipsamque
339 330 541 370 sufferentiam,
559 331 609 361 sub
630 329 705 360 certa
726 329 835 366 foi-mii,
854 331 883 359 in
903 327 1004 357 Litetis
1023 325 1124 370 nosti-is
1139 328 1187 364 pa-

133 369 272 408 tentibus,
292 369 358 400 inde
370 370 521 408 confectis,
538 368 686 404 contenta,
705 368 928 398 mandaverimus
939 365 1076 395 observari
1090 375 1096 393 ;
1145 403 1150 408 ⁶
1164 403 1169 407 .

173 406 218 438 Ac
241 408 395 439 Alexander
415 408 450 438 de
469 408 573 446 Seton,
588 408 621 437 &
637 406 810 436 Willielmus
823 405 858 434 de
872 403 1086 441 Mountfichet,
1104 402 1185 447 Mili-

133 452 190 483 tes,
205 447 238 477 &
260 446 398 484 Magister
418 446 561 476 VValterus
578 445 613 475 de
628 444 792 484 Twynliam
808 442 953 479 Clericus,
971 443 1007 472 us
1022 451 1056 471 ue
1071 441 1104 470 ad
1119 441 1184 471 Vil-

133 484 190 513 lam
211 484 334 515 nostram
353 484 438 516 Novi
458 483 548 514 Castri
568 483 646 520 super
657 483 787 522 Tynarn,
805 491 857 520 pro
872 481 988 519 praefato
1033 480 1134 509 oberto
1149 479 1182 509 δί

132 521 185 552 suis
199 522 399 563 Complicibus
411 523 443 553 &
458 522 621 553 Fautoribus
635 520 790 558 praedietis,
808 521 836 549 in
852 520 985 559 proximo
996 518 1047 548 sint
1062 526 1183 560 ventu—ri,

134 559 169 589 ad
191 561 364 592 tractandum
384 561 417 591 &
436 559 686 595 concordandum,
702 558 755 588 una
778 568 847 588 cum
867 553 1043 587 Hominibus
1065 555 1183 593 nostris,

154 609 204 629 uos
224 599 330 630 ibidem
344 608 378 630 ex
388 599 441 628 hac
455 598 534 630 causa
548 597 651 627 missuri
666 598 773 634 sumus,
790 596 868 635 super
882 596 1038 626 Securitate
1051 595 1085 624 &
1100 594 1182 637 C.0¹¹‘

133 608 224 667 ductu
245 646 297 677 pro
316 636 436 667 Praeiatis
449 660 458 675 ,
485 635 662 671 Comitibus,
682 635 851 673 Batonibus,
872 634 1029 670 Militibus,
1047 632 1183 670 Clericis,

133 674 169 705 &
189 675 261 714 aliis,
278 684 349 713 quos
366 675 456 706 dictus
475 673 618 704 Robertus
638 672 721 713 usque
740 673 774 703 ad
793 672 902 703 dictam
919 671 1022 702 Villam
1035 671 1070 701 de
1084 668 1182 714 Novo

134 711 251 752 Castro,
290 722 323 743 ro
344 713 481 744 Trauatu
498 711 643 748 habendo,
663 712 718 742 una
732 721 799 742 curn
814 711 976 749 deputandis
992 721 1006 740 a
1021 709 1120 747 nobis,
1137 709 1181 739 su-

131 760 181 789 per
192 723 354 781 finaliPPace
368 751 400 782 &
414 749 598 787 Concordia,
614 749 683 780 sicut
701 750 877 788 praedicitur,
895 749 935 779 est
949 749 1079 793 missurus
1090 755 1099 792 3
1121 787 1126 792 ·

168 788 256 820 Vobis
275 790 456 826 mandamus,
473 788 524 818 sub
546 789 623 825 gravi
641 787 815 819 forisfaffitura
829 787 942 825 nostrii,
959 787 1075 817 firmiter
1088 791 1181 825 injun-

127 835 239 866 gentes,
257 826 337 866 quod
360 827 494 865 praesatis,
518 826 696 864 Alexandm,
721 827 896 865 VVillielmo,
915 827 948 857 &
968 825 1115 867 {Valterm
1134 824 1179 854 vel

127 866 211 897 alicui
233 875 350 904 eorum,
366 865 411 895 seu
425 864 603 895 Hominibus
618 865 653 895 de
669 865 789 895 Familiis
805 865 855 895 suis
872 867 899 894 in
917 864 1058 899 Perlonis,
1075 863 1177 902 Equis,

128 903 283 942 Hernefiis,
295 904 339 934 seu
352 904 407 933 aliis
421 902 521 940 Bonis,
536 904 579 933 vel
595 903 707 934 Catallis
722 904 827 942 suis,in
842 903 983 933 veniendo
998 903 1025 933 in
1041 902 1177 940 Regnum

124 942 268 981 nostrum,
287 941 437 979 morando,
451 943 484 972 ὅ(
498 942 597 973 exinde
610 942 771 981 redeundo,
784 953 844 972 non
858 942 993 980 inferatis,
1010 941 1055 971 seu
1069 941 1105 971 ab
1121 940 1178 970 aliis

123 981 217 1011 inferri
231 981 392 1018 permittatis
404 981 532 1016 iniuriam
542 1005 550 1015 ,
569 979 628 1014 &a

159 1018 192 1049 In
211 1019 304 1056 cujus,
330 1018 391 1049 &c.
412 1018 497 1058 usque
514 1019 549 1050 ad
569 1019 682 1050 Festum
702 1018 875 1050 Ascensionis
890 1018 1017 1049 Domini
1038 1017 1174 1058 proximo

120 1057 245 1087 futurum
258 1056 406 1088 duraturas

193 1094 282 1126 Teste
294 1095 375 1137 Rege
389 1095 463 1135 apud
477 1095 767 1128 westmonasterium
782 1096 877 1134 primo
891 1095 935 1126 die
950 1093 1060 1132 Aprilis.

749 1175 803 1202 Per
816 1171 896 1212 ipfimt
909 1174 1013 1209 Regem.

291 1212 447 1252 Dupplicat.

147 1334 204 1368 Ad
217 1338 327 1384 Regem
343 1341 492 1382 Franciae‚
511 1340 601 1385 fiaeper
620 1335 725 1384 injuste
742 1339 925 1384 attemptatis
942 1339 973 1369 in
991 1334 1135 1381 Vasbonia

534 1385 744 1433 reformandis.

0 1489 36 1510 m,
52 1479 93 1511 D⁸
114 1469 330 1531 MAgnifico
350 1471 476 1513 Principi
497 1471 632 1503 Domino
655 1473 694 1503 K.
717 1472 774 1502 Dei
792 1470 893 1510 gratia,
912 1471 1039 1501 Franciae
1057 1471 1091 1501 &
1104 1469 1170 1500 Na-

1 1526 50 1558 323

55 1541 62 1547 ,
208 1520 294 1541 varrae
312 1510 388 1551 Regi
409 1511 508 1542 Illustri
521 1534 531 1549 ,
553 1512 638 1541 Fratri
660 1511 709 1542 suo
728 1508 891 1548 carissimo,
916 1509 1087 1547 Edwardus,
1107 1509 1168 1539 &c.

0 1570 14 1583 ι.
32 1558 74 1585 ι6.
111 1549 242 1588 salutem,
260 1550 293 1580 &
307 1550 340 1580 ad
355 1559 440 1589 vota,
455 1549 592 1580 successus
607 1549 751 1588 prosperos
762 1560 794 1580 ac
808 1549 911 1579 felices.
966 1556 967 1559 ’

9 1604 35 1623 2,
152 1586 194 1617 Ex
216 1589 293 1624 gravi
305 1588 426 1627 querela,
445 1587 666 1619 dileetivaffalli
682 1587 784 1625 nostri,
803 1587 933 1618 Bernardi
945 1585 1169 1624 Treucaleonis,

0 1633 26 1659 fc.
46 1633 88 1661 16.
113 1623 236 1656 Domini
249 1627 350 1657 Terrae
365 1627 451 1658 Feudi
469 1625 630 1664 Marconis,
647 1627 808 1663 accepimus
819 1626 915 1665 quod,
1070 1663 1077 1668 ο

9 1680 35 1697 2.
151 1664 234 1695 Licet
253 1665 323 1704 ipse,
342 1673 405 1696 toto
422 1674 552 1702 tempore
571 1665 636 1703 suo,
653 1665 792 1702 tenuerit,
810 1664 944 1703 ipsiusque
955 1663 1168 1701 Progenitores,

11 1717 54 1737 ιο.
112 1701 238 1734 Domini
255 1704 355 1734 Terrae
371 1703 457 1734 Feudi
471 1702 616 1742 praedicti,
634 1711 650 1732 a
669 1710 797 1742 tempore
812 1704 891 1737 cuius
905 1703 1038 1732 contrarii
1054 1711 1167 1731 memo-

111 1743 150 1772 ria
169 1751 228 1772 non
245 1741 353 1779 existit,
370 1742 509 1772 tenuerint
530 1741 652 1770 Terram
671 1740 835 1778 praedictam
849 1741 937 1770 Feudi
952 1740 1114 1777 Marconis,
1132 1740 1165 1770 &

109 1779 244 1812 Castrum
262 1780 298 1811 de
318 1779 513 1818 Corrensano,
530 1780 564 1810 &
585 1787 710 1816 quartam
731 1787 837 1816 partem
859 1778 944 1809 Villae
963 1779 999 1808 de
1018 1778 1112 1817 Vico,
1129 1778 1166 1809 de

107 1820 207 1858 nobis,
226 1819 260 1851 &
281 1818 511 1858 Progenitoribus
531 1816 649 1857 nostris,
663 1817 808 1858 quondam
828 1817 961 1857 Regibus
975 1817 1087 1858 Angli-ae
1098 1838 1108 1857 ,
1131 1818 1164 1849 &

104 1856 239 1890 Ducibus
250 1857 410 1896 Aquitaniae
417 1883 427 1899 ,

145 1896 311 1928 Senescallus
328 1905 423 1928 tamen
438 1897 529 1929 vester
542 1897 578 1928 de
589 1896 753 1936 Toloano,
771 1907 897 1938 quaerens
910 1897 1037 1929 adversus
1051 1896 1162 1928 distum

105 1933 277 1966 Bernardum
299 1934 488 1976 Occasiones,
507 1936 583 1967 fictas
606 1937 639 1967 &
659 1937 752 1966 minus
772 1945 898 1976 veraces,
915 1937 1014 1967 animo
1034 1937 1116 1967 nobis
1129 1937 1164 1966 δε

102 1974 197 2006 eidem
218 1973 358 2004 Bernardo
379 1975 541 2013 injuriandi,
558 1975 636 2012 super
654 1974 774 2006 Tenu'ra
791 1975 892 2006 Terrae
911 1975 998 2006 Feudi
1019 1975 1163 2014 praedicti,

104 2013 195 2055 ipsum
209 2012 379 2043 Bernardurn
396 2015 430 2044 ad
441 2013 588 2052 Judicium
601 2014 634 2044 &
651 2012 778 2044 Examen
795 2015 823 2043 in
838 2013 928 2044 Curia
940 2013 1072 2044 vestrade
1078 2013 1163 2044 Tho-

103 2050 217 2089 }osano,
242 2050 399 2082 voluntarie
420 2052 454 2083 &
475 2052 576 2090 absque
595 2051 677 2082 causi
694 2052 878 2090 rationabili,
893 2052 960 2083 fecit
979 2054 1108 2090 evocari,
1126 2053 1160 2083 &

102 2089 211 2120 ibidem
232 2093 419 2128 (quamquam
440 2089 474 2120 ad
488 2089 606 2120 Curiam
617 2088 740 2120 vestram
757 2089 849 2120 fuisset
862 2090 1049 2130 appellatum,
1067 2091 1161 2121 eidem'

103 2128 291 2166 Appellationi
313 2138 373 2159 non
393 2127 536 2164 deferens)
556 2127 693 2164 quosdam
715 2127 881 2167 Proceffus,
899 2129 1002 2168 quide
1019 2128 1088 2167 Jure
1101 2139 1161 2160 non

104 2166 240 2197 deberent
259 2165 333 2205 fieri,
351 2175 448 2198 contra
460 2166 550 2203 ipsum
564 2165 737 2197 Bernardum
752 2166 786 2196 ad
801 2167 1009 2206 importabilem
1021 2167 1160 2198 summam

104 2204 255 2242 Pecuniae,
274 2205 382 2235 nedum
396 2206 445 2236 sub
460 2205 557 2235 Poenis
569 2205 686 2241 illicitis,
705 2205 946 2245 condempnavit,
957 2206 1060 2237 verum
1074 2209 1159 2237 etiam

103 2243 195 2280 ipsum
207 2242 346 2273 Carcerali
359 2243 506 2274 Custodiae
518 2243 585 2273 fecit
597 2243 771 2280 mancipari,
789 2243 918 2274 Feudum
933 2244 1001 2275 illud
1014 2244 1048 2276 ad
1063 2255 1161 2276 manus

103 2281 206 2312 vestras
224 2281 375 2321 ponendo,
393 2283 420 2312 in
443 2280 615 2320 nostriJuris
627 2281 770 2312 laesionem
783 2283 816 2313 &
831 2282 1082 2314 exhaeredationem
1097 2292 1159 2315 ma-

100 2320 248 2360 nifestam,
265 2330 298 2351 ac
311 2320 393 2360 ipsius
404 2321 423 2340 *
432 2320 563 2353 Bernardi
576 2319 770 2359 praejudicium
784 2330 846 2351 non
859 2321 1009 2353 modicum
1022 2324 1056 2355 &
1066 2323 1160 2362 jaebu-

97 2369 167 2391 ram.

78 2401 80 2403 ’
139 2397 208 2429 Nos
228 2399 329 2438 igitur,
344 2398 418 2439 Juris
441 2398 547 2438 nostri,
566 2400 596 2430 in
616 2398 670 2430 hac
689 2405 782 2439 parte,
800 2408 834 2430 ac
857 2399 939 2441 ipsius
955 2398 1056 2432 Vasalli
1070 2399 1160 2431 nostri

102 2436 314 2477 indempnitati,
333 2438 424 2469 modis
445 2440 478 2470 &
497 2439 565 2476 viis,
583 2438 683 2476 quibus
696 2439 868 2507 &terimuffi
889 2439 1014 2470 volentes
1026 2439 1160 2480 provide-

102 2486 150 2515 re,
168 2475 215 2506 Re
235 2476 290 2506 'am
312 2476 515 2507 Excellentiam
534 2475 692 2507 affectuosis
730 2478 838 2508 recibus
852 2475 1052 2516 imploramus,
1070 2479 1160 2516 quati-

101 2524 154 2545 nus
175 2524 215 2545 no
240 2516 280 2553 ri,
297 2515 319 2545 fi
339 2515 447 2554 placet,
463 2515 583 2553 intuitu,
601 2515 634 2545 &
649 2516 686 2545 ne
698 2515 760 2554 Juri
771 2515 871 2547 nostro
884 2516 1095 2553 praejudicetur,
1114 2516 1158 2546 di-

100 2552 152 2583 ἃο
170 2553 266 2584 vestro
292 2553 449 2584 Senescallo
467 2553 503 2583 de
521 2553 689 2584 Tholosano
706 2554 771 2585 dare
790 2555 945 2593 dignemini
959 2557 990 2585 in
1007 2555 1160 2592 mandatis,

100 2591 182 2629 quod
195 2602 245 2629 ea,
260 2601 323 2630 quae
336 2600 435 2623 contra
444 2591 494 2629 Jus
507 2591 637 2622 nostrum
646 2615 655 2630 ,
669 2593 703 2622 ὃς
717 2593 747 2623 in
762 2592 957 2631 praejudicium
969 2593 1040 2624 dieti
1055 2593 1159 2624 valsali

101 2630 189 2660 nostri
205 2630 298 2661 minus
313 2631 364 2661 rite
376 2631 568 2670 attemptavit,
586 2639 617 2661 ut
632 2630 672 2660 est
687 2630 813 2669 dictum,
828 2632 910 2661 caute
925 2632 958 2662 &
971 2631 1088 2662 sollicite
1102 2632 1159 2662 stu—

99 2667 163 2699 deat
183 2678 332 2707 revocare,
350 2669 530 2707 eundemque
551 2668 680 2699 nostrum
699 2668 852 2700 Vassallum
868 2680 883 2700 a
898 2668 1038 2701 Custodia
1052 2671 1159 2701 Carce-

99 2707 165 2743 rali,
182 2706 240 2745 quii
260 2707 398 2747 praemissa
415 2709 564 2738 occasione
585 2708 741 2747 detinetur,
756 2709 838 2740 faciat
859 2708 987 2747 liberari,
1003 2718 1033 2741 ut
1055 2709 1092 2741 sic
1105 2709 1158 2749 Jus

101 2745 231 2776 nostrum
244 2746 278 2776 ad
293 2745 393 2776 statum
409 2745 559 2783 pristinum
571 2754 729 2786 reponatur.

133 2783 208 2815 Dat.
222 2784 296 2821 apud
308 2782 598 2815 westmonasterium
607 2807 617 2823 ,
632 2793 731 2824 quarto
746 2785 791 2816 die
804 2785 916 2824 Aprilis.

1 2329 40 2358 11.

0 2368 40 2410 ’5⁶'

357 2928 449 2972 Super
469 2924 710 2960 Gravaminibus
727 2927 894 2963 antedift'is.

99 3010 186 3068 RE
196 3010 243 3049 X,
258 3010 364 3042 dile&o
379 3011 411 3042 &
426 3010 498 3041 fideli
510 3010 576 3050 su0‚
593 3011 715 3043 Fulconi
728 3012 917 3053 l'Estraunge,
935 3014 1091 3047 Senescallo
1106 3016 1156 3048 suo

172 3048 336 3088 Vasconiae,
354 3050 475 3080 salutem.

136 3086 181 3117 Ex
202 3089 278 3127 gravi
296 3088 422 3127 querela,
440 3088 553 3126 dileffi,
570 3087 631 3123 &a
649 3096 680 3118 ut
687 3088 772 3129 sicpra
783 3111 793 3128 ,
811 3094 927 3120 mutatis
940 3093 1095 3132 mutandis,
1114 3093 1158 3133 κβ

96 3133 149 3166 *que
161 3126 197 3155 ibi
210 3126 332 3157 volentes
345 3127 508 3167 providere,
524 3134 587 3157 tunc
595 3126 651 3167 fic,

136 3163 262 3194 Dictum
282 3164 398 3201 Regem
416 3166 542 3197 Franciae
562 3174 611 3205 per
628 3165 735 3197 nostras
750 3166 869 3198 Litteras
882 3169 1040 3207 rogavimus
1053 3169 1156 3207 specia-

97 3201 156 3240 les,
173 3202 299 3240 quatinus
317 3204 397 3234 dicto
416 3204 465 3234 suo
486 3204 644 3235 Senescallo
665 3205 700 3235 de
720 3204 968 3241 Tholosanossdare
980 3206 1109 3246 dignetur
1123 3211 1154 3240 in

97 3240 249 3277 mandatis,
273 3241 352 3280 quod
371 3251 420 3280 ea,
446 3253 509 3280 quae
527 3243 605 3273 idem
623 3243 792 3274 Senescallus
814 3244 850 3274 de
868 3244 1035 3276 Tholosano
1053 3257 1154 3279 contra

93 3278 147 3317 Jus
162 3279 308 3316 nostrum,
325 3280 358 3310 &
372 3281 401 3310 in
416 3281 609 3319 praejudicium
622 3281 693 3312 disti
707 3281 818 3313 Vassalli
833 3282 921 3313 nostri
941 3285 1032 3315 minus
1044 3286 1096 3316 rite
1111 3295 1154 3317 at-

97 3318 264 3356 temptavit,
282 3326 313 3348 ut
326 3317 368 3347 est
380 3318 491 3348 dictum
501 3342 509 3357 ,
527 3320 607 3350 caute
622 3320 656 3349 ὃ(
668 3320 784 3351 sollicite
795 3321 903 3353 studeat
917 3332 1063 3354 revocare:
1084 3334 1152 3355 eun-

96 3355 219 3394 demque
240 3355 369 3386 nostrum
387 3356 538 3388 Vassallum
558 3368 574 3387 a
597 3357 734 3388 Custodia
755 3358 892 3390 Carcerali
938 3362 995 3400 qui
1014 3363 1154 3402 praemissi&

96 3395 245 3438 occa-sione
266 3394 422 3433 detinetur,
439 3396 521 3426 faciat
541 3396 666 3434 liberari,
683 3404 714 3426 ut
734 3396 772 3428 fic
791 3397 841 3436 Jus
855 3383 985 3430 nosirum
998 3400 1032 3432 ad
1047 3401 1150 3433 statum

92 3432 246 3472 pristinum
259 3442 407 3470 reponatur
424 3443 430 3462 :

137 3469 230 3502 Vobis
251 3471 432 3509 mandamus,
450 3469 565 3502 firmiter
585 3472 776 3512 injungentes,
803 3474 901 3512 quod„
918 3478 1026 3508 vocatis
1045 3478 1096 3509 illis
1114 3478 1151 3510 de

95 3508 232 3540 Concilio
253 3510 351 3540 nostro
374 3509 441 3539 dicti
456 3509 601 3548 Ducatfis,
618 3511 654 3541 de
668 3511 795 3549 ipsorum
808 3513 841 3542 &
854 3513 948 3545 vestro
963 3516 1150 3556 avisamento‚

96 3547 125 3577 in
137 3548 289 3616 AEraerniffis
310 3548 369 3578 fieri
390 3548 511 3586 faciatis,
527 3548 604 3586 quod
619 3558 672 3587 pro
687 3550 754 3589 Jure
769 3550 884 3589 nostro,
903 3553 936 3582 ὃς
950 3553 1021 3584 dieti
1035 3554 1148 3587 Vassalli

94 3595 135 3615 no
163 3587 186 3616 ri
205 3586 418 3624 imdempnitate
437 3587 498 3616 fore
520 3586 640 3617 videritis
660 3588 837 3627 faciendum,
855 3590 883 3620 in
904 3591 1047 3630 praemissis
1062 3593 1146 3625 talem

96 3624 265 3663 diligentiam
283 3634 470 3664 apponentes,
487 3624 565 3664 quod
581 3624 643 3663 Juri
666 3626 764 3657 nostro
784 3628 813 3657 in
834 3628 887 3658 hac
909 3638 985 3667 parte
997 3630 1148 3664 nullatenus

95 3662 265 3701 detrahatur,
283 3664 316 3694 &
329 3664 408 3702 quod
425 3674 476 3694 vos
490 3662 588 3694 exinde
603 3663 753 3696 debeamus
767 3667 871 3697 merito
885 3669 1097 3701 commendare.

128 3699 217 3733 Teste
229 3701 327 3741 Rege,
344 3711 375 3733 ut
385 3703 472 3741 supra.

0 3041 28 3062 n.
37 3031 79 3064 D.

0 3079 62 3138 {²5⁶1

92 3777 299 3847 mur{dlgnsimiles
311 3779 426 3814 Litterae
440 3781 595 3822 diriguntur
608 3780 749 3823 Episcopo
761 3781 868 3814 Eliensi
882 3793 935 3822 pro
948 3785 1064 3822 praefato
1079 3786 1146 3818 Berz

99 4076 193 4125 νι’,ΐουι
213 4076 262 4108 ΙΙ.
282 4080 314 4109 Ρ.
330 4080 377 4111 ΙΙ.

1237 162 1268 200 Ρ
1309 165 1352 204 U
1394 168 1425 206 B
1461 172 1492 210 L
1531 173 1549 211 I
1588 174 1625 213 C
1666 176 1713 215 A„
2243 179 2297 226 ‘67

2300 250 2377 282 Ann.
2395 244 2437 285 D.

2324 299 2407 328 1323.

1234 332 1282 363 De
1307 334 1426 380 Treugtt
1438 361 1448 376 ‚
1477 340 1553 368 inter
1581 332 1720 373 Subdit'os
1740 347 1823 390 Regis
1843 348 1878 382 &⁶
1897 342 2036 377 Subdita&
2055 346 2177 378 Comitis
2195 346 2289 378 Flam
2301 329 2368 358 Edv.
2384 339 2411 359 ²'

1517 384 1585 418 driae
1606 391 1747 435 conceffiz,
1769 392 1999 437 proclamanda.

2296 483 2349 507 Aa.
2373 482 2415 511 16¹.

1417 544 1441 549 Η
1459 547 1463 550 .
2252 548 2253 552 Ἰ
2298 521 2327 545 Ε.
2350 528 2375 546 2.

1268 539 1312 582 Ad
1330 541 1694 592 Requilinonem,Nobilis
1708 549 1736 578 V
1739 551 1784 592 iri,
1794 550 1946 583 Lodowici
1960 554 2085 585 Comitis
2099 554 2235 586 Flandriae
2247 555 2281 587 ἃ
2296 557 2433 593 Chius-16¹·

1228 575 1263 605 N
1267 587 1397 619 ivernite,
1414 584 1496 627 nobis
1509 586 1683 629 supplicantis
1697 597 1726 617 ut
1742 592 1819 626 lupei·
1835 589 2069 631 Dillenlionibus,
2084 594 2156 623 inter
2169 594 2281 625 nostros
2295 598 2324 622 E.
2343 604 2378 621 2„
2395 605 2433 623 ms

1229 614 1262 644 &
1283 617 1344 647 suos
1363 619 1498 663 Subditos
1517 631 1634 662 exortis,
1652 623 1795 664 Treugam
1817 628 1877 656 iniri
1899 629 1931 658 ὃς
1949 631 2069 661 concedi
2084 631 2281 671 dignaremur,
2297 633 2382 661 10:51·

1264 652 1390 694 Treugae
1401 660 1531 690 iucunde
1546 663 1739 701 annuerimus,
1750 665 1782 694 ὃ(
1797 666 2012 698 concesserimus
2028 669 2177 707 Treugam
2188 671 2264 701 illam
2274 693 2284 709 ‚

1225 691 1312 737 usque
1330 695 1363 725 ad
1384 696 1499 727 Festum
1522 698 1619 729 Santsti
1642 699 1791 731 Michaelis
1806 705 1938 742 proximo
1961 705 2086 736 futurum
2101 708 2280 739 duraturam·

1225 729 1302 776 dum·
1322 742 1416 777 tamen
1435 736 1564 773 praefatus
1585 737 1695 768 Comes
1713 740 1830 769 eandem
1843 741 1985 781 Treugam
2004 745 2032 773 in
2043 745 2133 777 Terra
2149 733 2286 779 Flandrizss

1226 770 1361 818 publicari
1383 773 1416 803 &
1436 774 1591 814 observari,
1611 777 1645 806 ἃ.
1658 777 1750 807 dictos
1765 778 1895 809 Subditos
1910 781 1971 810 suos
1984 791 1999 810 a
2015 792 2196 824 quocumque
2208 785 2283 816 Sub*

1226 807 1311 852 lidio,
1330 811 1440 855 bcotis,
1452 812 1576 844 inimicis
1594 815 1627 845 &
1641 814 1806 845 Rebellibus
1821 818 1937 855 nostris,
1949 819 2095 859 faciendo,
2112 823 2144 852 &
2158 833 2174 853 a
2189 823 2284 855 Com.

1225 853 1432 893 municatione,
1453 862 1521 882 cum
1535 853 1637 883 eisdem
1651 853 1796 890 facienda,
1812 856 1935 885 omnino
1949 856 2074 888 desistere
2088 860 2207 892 faceret:

1246 884 1380 931 ‚Jamque
1392 889 1606 922 intellexerimus
1622 892 1700 929 quod
1715 892 1842 932 praefatus
1854 893 1962 923 Comes
1974 895 2080 925 didiam
2093 898 2235 938 Treugam
2252 902 2282 932 in

1223 920 1299 953 dicta
1321 924 1412 957 Terra
1427 927 1565 960 Flandriae
1580 931 1714 967 publicari
1729 931 1814 967 fecit,
1831 941 1946 970 eamque
1962 933 1990 961 in
2005 933 2100 964 eadem
2114 937 2283 969 inviolabilia

1222 968 1263 990 ter
1283 963 1422 1008 observari
1437 976 1443 996 t
1461 977 1493 997 ac
1515 967 1635 1007 Scotos,
1650 969 1679 998 in
1700 968 1776 999 dieta
1796 968 1886 1000 Terra
1909 971 2046 1001 Flandriae
2067 973 2225 1013 existentes,
2244 978 2280 1007 ab

1222 1000 1337 1046 eadem,
1357 1004 1427 1033 infra
1447 1013 1556 1035 certum
1569 1007 1742 1045 terminum,
1760 1009 1903 1038 amoveri:
1924 1010 1957 1039 δ’(
1969 1009 2062 1039 ὀίἇὶοε
2075 1010 2207 1042 Subditos
2220 1014 2281 1045 suos

1222 1048 1236 1067 a
1258 1038 1402 1083 Subsidio,
1421 1043 1480 1082 ipsis
1503 1043 1628 1075 Inimicis
1648 1044 1750 1075 nostris
1769 1046 1916 1084 iaciendo,
1934 1048 2076 1087 desistere,
2095 1049 2128 1079 &
2149 1060 2164 1079 a
2185 1049 2282 1082 Com-

1221 1080 1414 1145 ffluuciicatione
1427 1091 1495 1112 cum
1510 1082 1611 1113 eildeni
1627 1083 1771 1121 facienda,
1786 1084 1833 1114 sub
1850 1087 1929 1122 gravi
1942 1086 2130 1126 forisfactura,
2141 1088 2277 1121 abstinere

1254 1126 1288 1145 an
1309 1126 1382 1156 awt,

1259 1154 1331 1199 Tibi
1346 1159 1525 1198 praecipimus
1560 1159 1620 1190 uod
1636 1159 1800 1197 Treugam,
1818 1170 1867 1198 per
1880 1171 1931 1191 nos
1945 1162 1982 1192 fic
1999 1164 2175 1204 concessam,
2193 1165 2280 1204 usque

1220 1190 1254 1236 ad
1273 1193 1382 1238 dic‘tum
1405 1197 1519 1227 Festum
1564 1199 1639 1228 anCti
1663 1198 1812 1229 Michaelis
1830 1199 1987 1230 duraturam
1999 1224 2007 1238 ,
2026 1203 2053 1231 in
2071 1203 2177 1242 lingulis
2191 1205 2279 1244 locis,

1219 1240 1248 1260 m
1266 1231 1375 1277 'Ballrvri
1391 1235 1462 1278 tusi,
1480 1237 1528 1266 ubi
1552 1236 1681 1276 expedire
1700 1238 1817 1275 videi-is,
1835 1237 1947 1276 publice
1963 1240 2128 1276 proclamari
2144 1243 2278 1274 &teneri

1217 1269 1316 1309 facias,
1336 1273 1466 1304 inhibens
1483 1276 1617 1306 omnibus
1639 1277 1672 1306 ὃς
1692 1275 1806 1313 singulis
1818 1275 1942 1306 Subditis
1955 1277 2071 1316 nostris,
2088 1281 2124 1308 ne
2139 1279 2278 1311 Homini-

1219 1308 1285 1346 bus,
1309 1319 1355 1354 aut
1377 1311 1602 1352 Mercatoribus,
1620 1313 1656 1344 de
1679 1313 1820 1345 Potestate
1837 1315 1909 1345 dieti
1929 1314 2050 1345 Comitis
2071 1316 2225 1357 Flandriae,
2247 1321 2277 1350 in

1216 1345 1360 1388 Pei-sonis,
1380 1360 1427 1382 aut
1444 1352 1540 1383 Rebus
1553 1353 1604 1383 suis
1613 1375 1622 1391 ,
1637 1352 1715 1383 dicta
1729 1353 1843 1392 Treuga
1855 1353 1892 1384 fic
1906 1352 2043 1393 durante,
2062 1354 2217 1395 dampnum
2233 1358 2277 1388 in-

1216 1387 1307 1418 ferant
1321 1389 1365 1419 seu
1383 1398 1544 1428 gravamen.

1251 1426 1395 1470 Volumus
1410 1430 1495 1460 etiarn
1508 1430 1588 1467 quod
1604 1439 1705 1460 omnes
1720 1430 1754 1460 ὃς
1770 1429 1884 1469 finguli,
1904 1429 1961 1459 tam
1980 1430 2172 1470 Mercatores,
2193 1433 2278 1470 quam

1214 1464 1275 1508 alii,
1294 1465 1329 1494 de
1349 1465 1489 1498 Potestate
1510 1469 1576 1499 dic‘ti
1596 1467 1738 1506 Comitis,
1758 1478 1825 1498 cum
1847 1467 1931 1499 Bonis
1950 1469 1983 1499 ὃ(
2008 1469 2189 1501 Mercandilis
2209 1472 2278 1510 suis,

1214 1504 1285 1534 infra
1303 1503 1436 1543 Regnum
1452 1507 1582 1537 nostrum
1595 1507 1672 1537 salvo
1687 1508 1720 1537 &
1734 1507 1828 1536 secure
1845 1507 1974 1537 incedant
2008 1508 2041 1537 &
2055 1510 2135 1549 quod
2148 1519 2207 1539 non
2222 1519 2276 1549 pro

1213 1541 1488 1585 Transgrelsionibus
1509 1546 1646 1583 aliorum,
1675 1545 1718 1574 vel
1741 1555 1792 1582 pro
1812 1546 1947 1583 aliquibus
1969 1530 2080 1577 Debitis
2102 1548 2155 1581 (de
2175 1549 2276 1587 quibus

1214 1578 1386 1618 Principales
1406 1582 1574 1622 Debitores,
1592 1584 1638 1614 seu
1655 1582 1835 1619 Fideiussor-es
1852 1593 1910 1612 nori
1926 1583 2059 1621 existant)
2079 1596 2133 1616 nec
2145 1587 2273 1617 occasio-

1212 1628 1249 1650 ne
1270 1619 1548 1661 Transgreffionum,
1565 1630 1628 1652 ante
1651 1621 1741 1651 *haec
1761 1630 1888 1661 tempora
1908 1621 2061 1661 factarum,
2079 1632 2177 1655 contra
2190 1634 2273 1656 teno-
2288 1627 2304 1645 *¹
2322 1622 2377 1660 Hit*

1212 1666 1273 1687 rem
1287 1656 1380 1688 Cartae
1394 1658 1499 1689 nostrae
1514 1660 1549 1690 de
1563 1659 1675 1700 Stapula
1689 1659 1831 1689 Lanarum
1847 1660 1880 1690 ὃς
1894 1659 2014 1690 Pellium
2028 1662 2199 1702 lanutarum,
2214 1664 2271 1694 Bo·
2292 1676 2375 1703 1007.

1212 1707 1247 1726 na
1261 1697 1305 1728 seu
1322 1696 1514 1728 Mercimonia
1528 1709 1628 1730 eorum
1641 1698 1711 1728 infra
1725 1698 1861 1737 Regnum
1875 1698 2004 1729 nostrum
2020 1701 2274 1740 arestentur,dieca
2368 1702 2375 1705 ’

1212 1735 1332 1773 Treuga
1347 1738 1384 1767 lic
1396 1736 1527 1774 durante,

1250 1774 1334 1806 Dum
1354 1783 1451 1805 tamen
1472 1784 1602 1813 exnunc,
1623 1783 1723 1806 contra
1744 1774 1868 1806 formam
1890 1775 2012 1811 ejusdem
2033 1777 2171 1816 Stapulae,
2195 1779 2275 1818 quic-

1212 1823 1299 1851 quam
1321 1824 1379 1843 non
1401 1822 1583 1852 attemptent,
1602 1813 1638 1843 set
1659 1813 1751 1843 eidem
1769 1813 1891 1851 Stapulte
1905 1815 1933 1843 in
1947 1816 2081 1846 omnibus
2093 1817 2274 1849 obediant&

1211 1852 1373 1887 intendant,
1390 1862 1453 1891 quae
1465 1853 1564 1883 omnia
1577 1852 1700 1882 similiter
1713 1851 1797 1883 facies
1814 1852 1957 1892 publicari.

1247 1890 1337 1931 Teste
1350 1889 1431 1930 Rege
1443 1890 1517 1930 apud
1532 1889 1818 1926 westmonasterium
1826 1913 1836 1930 ,
1853 1899 1867 1930 5
1885 1891 1930 1922 die
1943 1891 2054 1932 Aprilis.

1231 463 1284 518 R
1296 463 1320 494 E
1330 464 1360 495 X
1376 466 1555 511 xVicecomiti
1570 471 1747 504 Norffolciae
1763 476 1795 505 ὃ(
1811 476 1972 516 Suflblciae,
1987 477 2108 509 salutem.

1337 503 1418 534 Cum
1431 517 1536 546 nuper,

1916 1970 1970 1999 Per
1982 1969 2064 2009 ipficm
2078 1972 2184 2009 Regem:

1214 2032 1216 2034 Ὺ
1245 2040 1357 2081 Eodem
1373 2040 1463 2082 modo
1474 2050 1601 2083 scribitur
1613 2042 1787 2089 subscriptis,
1805 2049 1869 2081 &av

1429 2188 1481 2222 Dc'
1502 2182 1728 2231 Flandrenfibus
1754 2198 1810 2219 non
1833 2183 2027 2229 molestandis.

1205 2267 1333 2332 REX
1349 2275 1484 2306 omnibus
1497 2273 1608 2305 Ballivis
1621 2274 1655 2304 ὃς
1669 2271 1810 2303 Fidelibm
1823 2271 1890 2310 suis,
1907 2270 2041 2316 ad'quos,
2059 2268 2120 2303 Sec.
2139 2266 2262 2306 salutem.
2282 2280 2350 2320 Am,
2374 2284 2417 2322 D,

1315 2312 1397 2344 Cilrn
1421 2313 1561 2353 Treugae,
1576 2313 1649 2342 inter
1661 2311 1801 2342 Homines
1815 2311 1848 2342 &
1861 2310 1995 2341 Subditos
2005 2310 2131 2349 nostros,
2149 2323 2182 2342 ac
2197 2312 2264 2343 Ho-
2305 2337 2318 2358 1
2342 2315 2360 2359 2'
2408 2318 2415 2322 ²

1206 2350 1296 2381 mines
1315 2352 1349 2383 &
1370 2352 1503 2382 Subditos
1522 2350 1648 2381 Comitis
1670 2349 1824 2387 Flandriae,
1841 2349 1920 2388 super
1935 2348 2177 2389 Dissensionibus,
2195 2352 2265 2385 inter
2288 2338 2338 2395 An3
2357 2338 2391 2395 ἐξ

1203 2389 1275 2428 ipsos
1294 2389 1427 2429 subortis,
1441 2391 1500 2429 jam
1520 2390 1596 2418 initae
1615 2389 1670 2424 sint
1688 2388 1721 2418 &
1743 2387 1875 2425 firmatae,
1893 2386 1979 2424 usque
1992 2386 2027 2418 ad
2041 2386 2157 2418 Festum
2168 2389 2264 2420 Sancti·
2282 2411 2303 2433 E
2331 2412 2345 2434 2
2391 2391 2398 2397 '

1204 2427 1355 2459 Michaelis
1367 2430 1499 2468 proximo
1514 2427 1642 2458 futurum
1655 2425 1811 2456 duraturae:
1877 2463 1883 2469 ·
2283 2429 2317 2472 Pa
2321 2451 2335 2472 t
2351 2428 2363 2471 ἰ
2371 2448 2388 2475 6

1242 2466 1416 2507 Easdemque
1430 2467 1561 2504 Treugas
1603 2475 1632 2495 er
1653 2463 1773 2495 diversos
1794 2462 1956 2494 Comitatus
1977 2463 2074 2502 Regni
2088 2465 2177 2496 nostri
2194 2465 2265 2496 Pro:
2283 2487 2302 2509 E
2330 2468 2343 2510 2'
2390 2468 2397 2476 ⁶

1204 2506 1318 2537 clamari
1332 2504 1563 2536 Mandaverimus
1623 2504 1743 2534 Teneri-
1763 2502 1831 2532 dum
1847 2510 1938 2532 tamen
1955 2502 2083 2540 praefatus
2098 2502 2207 2534 Comes
2221 2502 2264 2535 di-
2348 2508 2355 2513 '

1206 2545 1268 2575 etos
1286 2544 1420 2575 Subditos
1430 2544 1490 2574 suos
1502 2553 1517 2573 a
1531 2552 1715 2581 quocumque
1729 2527 1872 2579 §ubsidio³
1890 2540 1998 2584 Scotis,
2015 2540 2139 2571 Inimicis
2153 2543 2186 2573 &
2201 2528 2345 2588 Re·lt,n.2{
2368 2574 2376 2588 ι

1205 2584 1323 2613 bellibus
1347 2582 1469 2621 nostris,
1492 2580 1641 2618 faciendo,
1666 2580 1700 2611 ὃς
1720 2589 1736 2609 a
1755 2579 2048 2618 communicatione,
2068 2590 2137 2611 cum
2158 2580 2260 2612 eisdem
2350 2570 2377 2598 3-

1204 2621 1351 2660 facienda,
1369 2622 1491 2652 omnino
1506 2619 1632 2650 desistere
1645 2619 1749 2649 faciat:

1243 2660 1333 2690 Vobis
1346 2659 1518 2690 Mandamus
1534 2658 1613 2698 quod
1628 2651 1806 2687 Hominibus
1820 2656 1852 2687 δε
1867 2655 2005 2695 Subditis,
2024 2655 2059 2686 de
2074 2653 2208 2694 potestate
2223 2659 2267 2689 di-

1204 2699 1242 2729 &i
1262 2698 1385 2729 Comitis
1406 2698 1558 2735 Flandriae,
1575 2698 1633 2735 jam
1652 2697 1682 2726 in
1704 2694 1801 2725 Scotia
1819 2694 2013 2731 existentibus,
2030 2696 2058 2724 in
2075 2695 2217 2727 redeundo
2229 2697 2266 2728 ab

1205 2738 1310 2768 eisdem
1322 2738 1442 2776 partibus
1458 2736 1565 2767 Scotiae
1578 2735 1669 2766 versus
1683 2733 1816 2773 Regnum
1831 2732 1957 2763 nostrum
1972 2733 2096 2772 Angliae,
2117 2735 2159 2764 vel
2174 2739 2266 2774 partes

1206 2776 1343 2807 Flandriae
1357 2799 1367 2815 ,
1392 2777 1458 2806 citra
1481 2774 1596 2805 Festum
1618 2772 1729 2803 Sancta:
1749 2772 1895 2802 Trinitatis
1915 2772 2048 2810 proximo
2068 2772 2213 2812 futurum,
2235 2775 2266 2805 in

1205 2815 1344 2855 personis,
1361 2823 1408 2845 aut
1428 2813 1528 2844 Rebus
1544 2813 1611 2849 suis,
1629 2821 1686 2841 non
1702 2810 1836 2847 inferatis,
1855 2809 1899 2839 seu
1916 2818 2053 2846 quantum
2067 2811 2094 2839 in
2112 2811 2192 2841 vobi<
2205 2811 2266 2851 est,

1204 2855 1241 2884 ab
1262 2854 1320 2884 aliis
1339 2853 1432 2883 inferri
1453 2851 1616 2889 permittatis
1629 2849 1779 2887 lnjuriam,
1797 2850 1856 2879 &a
1871 2848 1916 2877 seu
1931 2847 2111 2886 Gravamen3
2128 2849 2166 2880 set
2177 2850 2268 2888 ipsos,

1205 2903 1220 2923 a
1241 2891 1325 2923 dietis
1346 2892 1468 2929 partibus
1482 2890 1604 2926 Scotiae,
1622 2888 1714 2918 versus
1729 2887 1840 2917 dictum
1856 2886 1991 2925 Regnum
2007 2887 2136 2917 nostrum
2175 2888 2208 2918 δε
2223 2889 2264 2919 di-

1206 2932 1265 2961 <aas
1286 2938 1373 2968 partes
1393 2927 1548 2966 Flandrice,
1567 2927 1669 2964 absque
1691 2926 1907 2970 inquietatione,
1925 2925 1994 2955 cit'ra
2015 2925 2125 2956 dictum
2144 2910 2265 2958 testum

1204 2969 1319 3000 Sanctae
1332 2967 1496 3006 Trinitatis,
1514 2965 1602 2996 redire
1617 2973 1791 3003 permittatis.

1241 3006 1462 3083 infighugksecgcd
1474 3042 1548 3082 apud
1560 3040 1847 3075 westmonasterium
1857 3064 1867 3080 ,
1882 3040 1958 3071 sexto
1972 3039 2019 3070 die
2033 3038 2144 3078 Aprilis.

1895 3118 1949 3147 Per
1959 3116 2040 3155 zpfitm
2052 3118 2156 3153 Regem.

1199 3260 1259 3291 Pro
1289 3259 1421 3290 Henrico
1448 3255 1485 3290 de
1507 3254 1646 3297 Sulictco,
1680 3252 1716 3286 de
1744 3249 1884 3293 Pota-’flate
1914 3250 2047 3295 Treugas
2071 3259 2140 3282 cum
2162 3250 2257 3282 Scotis

1629 3300 1822 3350 prorogandi»

2271 3398 2344 3431 Ᾱηῇ.
2357 3398 2401 3432 ΠΙ

1235 3466 1311 3498 Inter
1331 3469 1399 3499 Nos
1420 3470 1453 3499 &
1475 3467 1608 3498 Subditos
1627 3465 1735 3496 nostros
1757 3472 1791 3493 ex
1812 3472 1887 3501 parte
1945 3459 1980 3490 na
1996 3483 2006 3498 ,
2036 3458 2069 3490 &
2092 3456 2253 3490 Rober'tum
2266 3448 2374 3504 Af323'

1197 3505 1233 3536 de
1255 3505 1337 3545 Erus,
1353 3508 1386 3538 δι’
1408 3507 1459 3537 sibi
1479 3505 1677 3542 Adhaerentes,
1695 3512 1728 3534 ac
1750 3511 1850 3532 eorum
1872 3498 2001 3530 Subditos
2022 3506 2056 3526 ex
2076 3505 2151 3534 parte
2171 3496 2255 3528 alterii
2265 3481 2378 3543 32¹6

1197 3554 1337 3621 mcffixgue
1356 3582 1391 3613 ad
1406 3576 1520 3613 Festum
1534 3580 1646 3611 Sanetae
1658 3578 1805 3619 Trinitatis
1822 3576 1954 3618 proximo
1970 3573 2092 3617 futuru-m
2111 3574 2120 3609 (
2129 3572 2175 3603 die
2186 3574 2254 3618 ejus-
2267 3555 2379 3619 {suiffi'

1196 3622 1262 3652 dem
1281 3621 1355 3652 Festi
1370 3621 1441 3651 infra
1454 3619 1652 3650 Sufferentiarn
1665 3616 1790 3650 incluto>
1812 3614 1860 3644 sub
1872 3621 1953 3643 certis
1969 3611 2079 3641 Formis
2092 3612 2125 3642 δί
2140 3610 2253 3643 Condi·
2266 3637 2282 3668 p
2314 3614 2341 3658 2:

1196 3661 1333 3697 tionibus,
1352 3659 1416 3689 inde
1433 3658 1588 3694 confeetis,
1607 3655 1762 3691 contentis,
1781 3653 1935 3688 dui-atum,
2286 3652 2292 3660 “

1233 3698 1480 3734 Consenscrimus,
1491 3705 1608 3734 eamque
1623 3691 1894 3732 Approbaveiimus,
1911 3689 1944 3720 &

1195 3738 1279 3767 miter
1291 3736 1443 3766 Observari
1457 3745 1462 3764 ι
1704 3769 1708 3773 Ι
1753 3767 1757 3772 ,
1786 3768 1791 3772 ⁴
1882 3764 1915 3774 M
2027 3766 2032 3771 .
2047 3766 2053 3772 ¹
2112 3766 2117 3771 ¹
2135 3767 2141 3772 ⁸
2193 3762 2195 3764 Ι

1234 3775 1300 3805 Nos
1309 3798 1318 3813 ,
1330 3775 1366 3804 de
1375 3772 1501 3812 providae
1515 3768 1771 3806 circumspectionis
1785 3765 1933 3804 industria,
1948 3764 2067 3796 Nobilis
2080 3764 2249 3804 Viri,Hen-

1193 3814 1244 3844 rici
1265 3813 1388 3843 Domini
1411 3810 1512 3841 Soliaci
1533 3809 1637 3846 plenius
1651 3805 1842 3843 confidentes,
1861 3803 1893 3834 ad
1906 3803 2246 3847 dietim-Sufferenttam,

1192 3852 1262 3882 ultra
1275 3852 1386 3881 dietum
1401 3849 1516 3878 Festum
1533 3845 1646 3876 Sandiae
1660 3844 1821 3880 Trinitatis,
1839 3843 1923 3880 usque
1944 3842 1978 3871 ad
1991 3842 2112 3881 aliquem
2126 3842 2245 3874 Termi-

1192 3900 1263 3920 num
1282 3889 1458 3928 sequentem,
1477 3894 1560 3924 prout
1580 3884 1629 3913 sibi
1651 3883 1749 3912 melius
1769 3880 1911 3912 videbitur
1931 3880 2072 3923 expedire,
2091 3891 2245 3920 prorogan-

1191 3930 1262 3958 dum
1284 3928 1316 3957 ὃ(
1336 3924 1558 3957 continuandum
1578 3922 1627 3951 sub
1646 3921 1756 3951 Formis
1777 3920 1809 3950 ὃς
1834 3918 2072 3957 Conditionibus,
2092 3921 2120 3949 in
2142 3920 2245 3950 Literis

1190 3966 1291 3997 nostris
1304 3964 1465 3995 Parentibus
1482 3960 1638 4000 praediffis,
1657 3959 1722 3990 inde
1735 3958 1881 3995 exprellis3
1894 3957 1944 3995 &,
1961 3957 1995 3987 ad
2008 3957 2243 3997 prorogationem

1191 4006 1225 4036 &
1240 4003 1494 4034 Continuationem
1507 3998 1682 4036 hujusmodi,
1701 3996 1794 4027 modis
1817 3996 2060 4036 competentibuS,
2078 3996 2176 4026 nostro
2190 4006 2242 4025 non

1193 4044 1286 4081 mine,
1307 4040 1465 4073 vallantium
1475 4039 1508 4070 δε
1520 4037 1708 4076 firmandum,
1724 4036 1841 4104 liraefato
1856 4034 1986 4065 Henrico
1998 4034 2128 4073 plenam,
2146 4041 2243 4109 tegpaete

1761 4083 1780 4103 2
2061 4096 2064 4100 ,
2226 4084 2243 4095 a

1198 3389 1323 3449 REX
1343 3386 1493 3438 omnibus,
1511 3390 1646 3435 adquOS,
1665 3388 1724 3431 &c3
1740 3382 1862 3431 salutem.

1309 3429 1407 3460 Sciatis
1425 3428 1504 3470 quod
1520 3439 1588 3460 curn
1605 3427 1780 3458 Sufferentiae
1793 3423 1913 3454 Guerrae

1960 3680 2192 3719 Mandaverirnus
2205 3688 2253 3720 fir-
2266 3678 2303 3697 ἠ’
2324 3678 2370 3708 ²3⁴
