2562 4279
140 179 221 223 104

2 249 80 280 Am·
95 249 136 281 D·
190 261 258 291 ΙΤΕ
269 263 311 294 M,
329 255 357 285 in
379 253 473 284 iisdem
495 251 598 282 Obolis
615 250 794 280 Tercentum
814 248 995 287 Septuaginta
1009 246 1146 285 Qinque
1163 242 1213 273 Li-

25 298 35 317 i
86 298 109 319 1.

2 298 112 364 ΕΑΞΫΞ·
149 301 293 368 ὺΜΙςίΓῑ-’,Μ
305 355 313 369 ,
333 329 495 361 Duodecies
514 327 624 368 Viginti
646 326 814 357 Tresdecim
835 325 965 363 Duplicis
986 323 1072 361 Auri,
1089 321 1215 363 quolibet

154 387 207 416 pro
228 371 371 409 Sexaginta
391 369 530 407 Qinque
551 365 653 396 Solidis
673 366 783 397 valente
798 388 807 403 ,
834 364 934 395 octies
953 362 1083 392 Centum
1105 360 1215 399 Viginti

154 417 218 447 duas
234 412 346 444 Libras,
365 407 502 446 Qinque
516 404 637 435 Soiidos.
677 440 682 446 .
1173 437 1178 441 .

192 452 236 482 IT
246 460 263 480 E
274 456 318 484 M,
337 445 533 484 Qiadraginta
547 443 600 474 Sex
614 439 789 479 PaVillones,
807 441 935 481 quolibet
948 449 1001 480 pro
1015 439 1214 478 Qinquagin-

153 500 180 523 ta
192 488 293 520 Solidis
306 486 432 522 valente,
450 483 577 513 Centum
594 482 627 511 ἃ
641 480 818 519 Qiindecim
835 479 941 510 Libras.

188 528 232 558 Ιτ
243 536 261 557 E
272 534 316 562 M,
334 523 444 561 Viginti
459 521 572 560 Septem
588 520 722 557 lleaales,
743 519 869 557 quolibet
884 528 937 556 pro
950 515 1143 556 Qadraginta
1158 511 1213 542 So-

152 567 212 599 lidis
227 566 353 599 valente,
374 561 586 599 Quinquaginta
598 568 715 598 quatuor
733 557 838 588 Libras.
1190 589 1195 593 ι

191 605 263 635 Ira
275 611 317 641 M,
338 600 440 631 Unam
461 598 625 636 Ounciarn,
651 596 829 636 Qindecim
848 595 1043 632 Sterlinquos,
1061 600 1132 624 cum
1154 588 1211 619 Di-

152 645 259 681 midio,
279 640 347 672 Auri
367 649 420 676 pro
439 637 534 668 Pretio
548 636 658 674 Viginti
671 640 779 673 leptern
793 634 952 664 Librarum.

191 682 260 712 ΙΤΕ
270 689 314 718 M,
329 679 443 716 Septem
459 676 569 707 Leones
585 676 655 706 Auri
671 675 792 706 valentes
806 672 922 704 Decem
937 673 970 703 ὃ(
986 671 1090 709 septem
1107 667 1215 703 Libras,

152 722 185 753 &
201 720 315 751 Decem
327 716 449 747 Solidos.
1080 746 1085 751 ἡ

188 759 232 789 lv
243 769 259 789 r,
269 766 294 787 M
303 780 312 795 ,
329 755 485 786 Pavillones
499 753 568 784 Auri
586 751 778 791 Quadraginta
792 760 844 790 pro
863 749 990 780 Centum
1007 747 1107 777 Libris.

230 806 251 824 ii
261 807 280 827 A
290 806 302 826 s
321 804 421 825 omnes
441 794 474 824 &
489 791 605 831 singulas
622 791 753 821 Monetas
767 789 912 830 praedieTas
927 787 975 825 ipsi
991 785 1164 827 Exeqiitores
1177 780 1213 810 ab

149 837 196 867 ilici
219 834 331 872 Archa,
345 833 382 863 {ic
405 831 499 869 aperta
509 854 517 869 ,
532 830 636 860 extrahi
660 829 788 859 fecerunt
800 828 832 858 ὃ(
847 827 998 864 iniierunt,
1011 832 1045 866 ut
1060 822 1162 853 abinde
1177 818 1213 849 ad

149 875 359 905 Thesaurariam
381 870 515 902 Ecclesiae
537 869 637 899 Nann.
657 869 743 899 tutius
759 867 791 897 ὅτ,
807 866 929 904 sequritis
942 860 1141 894 conservandae
1151 857 1214 889 def-

149 914 304 952 ferrentur,
324 912 357 943 δε
370 910 439 942 inibi
455 916 642 949 reponeretur.

185 991 300 1029 Quibus
313 988 382 1019 aestis
401 987 532 1018 Decanus
545 984 709 1023 prredie'riis,
729 983 834 1014 liabens
847 991 931 1012 unani
946 978 1059 1011 Bursam
1069 1001 1078 1017 ‚
1096 975 1213 1019 sigillo,

149 1030 286 1069 Religiosi
310 1029 328 1048 *Ξ
342 1028 422 1065 Viri,
449 1024 572 1056 Domini
596 1023 752 1059 Nicholai,
778 1022 897 1053 Abbatis
920 1018 1089 1050 Monasterii
1111 1014 1210 1060 San&

150 1069 275 1100 Molavii
301 1067 453 1098 Redonen.
472 1067 549 1102 (quo
564 1062 739 1101 Exequtores
752 1061 821 1092 ἀίἑὶί
833 1058 1026 1096 Testamenti,
1045 1065 1075 1086 ut
1089 1055 1210 1090 dicitur,

149 1108 312 1144 utebantur,
331 1115 359 1136 ut
379 1102 470 1144 prima
491 1102 638 1140 apparebat
657 1101 747 1134 facie)
766 1099 924 1139 sigillatam,
946 1098 1017 1126 intra
1037 1104 1121 1139 quam
1143 1091 1212 1123 Bur-

147 1147 207 1177 sam
225 1154 300 1176 erant
323 1144 423 1175 Claves
437 1140 586 1172 Ostiorum
599 1139 643 1170 seu
660 1139 810 1169 Portarum
824 1138 909 1168 diem:
922 1135 1113 1166 Thesaurariae
1127 1140 1210 1175 repo-

148 1185 207 1253 sifg:
228 1185 261 1215 δε
282 1183 411 1220 inclusae,
429 1179 514 1220 ipsam
531 1178 643 1210 Bursam
660 1179 781 1220 aperuit,
797 1178 830 1208 ὅς
846 1175 948 1206 Claves
963 1173 1030 1211 ipsas
1043 1178 1158 1202 extraxit
1171 1169 1209 1199 ab

147 1232 180 1255 ea
201 1233 255 1253 eni.

185 1260 254 1292 Post
277 1270 341 1298 quse
361 1256 558 1296 praenominati
574 1255 763 1294 Exequtores,
778 1254 833 1283 una
846 1262 933 1290 cum,
951 1249 1101 1280 venerabili
1117 1246 1208 1285 Viro,

146 1298 283 1331 Domino
297 1298 446 1329 Nicholao
459 1297 494 1325 de
510 1295 749 1333 Guemenceryo,
764 1292 946 1322 Thesaurario
958 1289 1093 1320 Ecclesiae
1106 1286 1207 1316 Nann.

145 1341 179 1370 &
194 1340 291 1376 nobis,
307 1336 437 1367 Notariis
451 1333 588 1370 PubliciS,
602 1332 736 1363 Testibus
749 1330 940 1370 infrascriptis,
954 1327 989 1358 ad
1002 1327 1111 1357 diCbam
1123 1323 1205 1368 The-

145 1377 290 1409 saurariam
308 1375 488 1412 accedentes,
504 1372 586 1402 Ostia
603 1372 647 1402 seu
671 1371 767 1401 Portas
779 1368 904 1407 ejusdem
918 1374 1101 1406 aperuerunt,
1117 1363 1150 1394 &
1166 1372 1210 1406 iri-

144 1425 190 1448 tus
210 1418 396 1452 intraverunt,
415 1413 463 1442 ubi
482 1411 559 1442 Duas
581 1410 686 1440 Archas
707 1419 759 1449 pro
776 1408 858 1438 dietis
878 1405 1007 1436 Monetis
1018 1401 1210 1446 custodiendis

168 1464 352 1493 rieparantur,
373 1451 496 1489 praefatas
519 1448 653 1479 Monetas
674 1449 702 1478 in
725 1448 847 1478 humeris
871 1445 1053 1476 Portatorum
1072 1442 1109 1472 de
1127 1440 1208 1470 dieto

146 1465 346 1525 Revesticorio
365 1489 399 1520 ad
418 1489 525 1520 dietam
540 1487 750 1518 Thesaurariam
765 1484 878 1516 defferri
893 1484 1039 1521 fecerunt,
1055 1482 1127 1511 intra
1142 1488 1209 1519 quas

0 1024 12 1041 '⁶
27 1025 129 1053 V.260.

146 1532 270 1571 Archas,
287 1531 342 1560 viz.
361 1529 390 1558 in
411 1527 604 1567 propinquiori
617 1525 713 1556 Archi
730 1524 871 1564 Capituli,
890 1523 1030 1559 majorem
1043 1528 1151 1560 partem
1165 1517 1210 1561 di-

144 1572 254 1602 &arum
276 1568 463 1599 Monetarum
483 1566 553 1596 Auri
574 1565 606 1596 ὃς
629 1564 818 1604 Duplicium3
837 1561 997 1592 Residuum
1013 1561 1084 1590 vero
1106 1557 1156 1587 Du
1178 1556 1212 1600 li-

145 1611 224 1640 cium
246 1609 278 1639 &
297 1607 438 1638 Alborum
459 1603 624 1635 Obolorum
645 1604 674 1633 in
696 1602 747 1633 alia
768 1600 864 1633 Archa
884 1598 1082 1638 reposuerunt,
1100 1597 1132 1627 &
1173 1605 1209 1639 ri-

144 1649 218 1679 etius
239 1647 421 1677 firmaverunt
440 1643 473 1674 &
497 1641 635 1673 Clavibus
658 1641 832 1678 seraverunt,
851 1638 1009 1675 Cordisque
1030 1636 1131 1674 stupeis
1153 1643 1209 1678 cir-

144 1696 270 1724 cumque
283 1684 421 1721 cordatis,
433 1681 579 1712 dictorum
595 1680 719 1710 Domini
733 1679 769 1709 de
785 1678 921 1709 Dernallo
936 1675 1107 1713 Decani,&
1123 1672 1210 1704 Gmi—

143 1725 228 1756 lielnii
245 1725 279 1755 de
294 1724 390 1762 Roger
409 1731 429 1751 o
444 1720 603 1758 Sigillorum
620 1717 851 1756 Impressionibus
867 1717 1050 1755 signaverunt.

180 1763 328 1801 Demum,
345 1731 452 1792 didam
472 1758 683 1789 Thesaurariam
701 1765 846 1794 exeuntes,
866 1755 978 1785 interius
999 1752 1116 1782 Ostium
1140 1749 1208 1787 ejus-

143 1802 211 1832 dem
236 1811 304 1832 cum
326 1799 432 1830 duabus
453 1797 603 1832 Clavibus,
622 1797 654 1827 δε
674 1795 790 1825 exterius
812 1794 935 1824 similiter
951 1801 1019 1822 cum
1034 1791 1091 1821 aliis
1103 1789 1209 1820 duabus

145 1840 282 1871 Clavibiis
305 1839 445 1869 firmantes
464 1837 497 1867 δε
520 1835 651 1871 fetantes,
680 1833 759 1863 Duas
781 1833 898 1871 ips-arum
920 1830 1052 1868 Qatuor
1072 1829 1207 1858 Clavium

144 1879 195 1910 sub
218 1878 315 1909 Sioiilo
338 1876 460 1906 Domini
482 1874 517 1904 de
540 1873 676 1903 Darnallo
691 1872 813 1910 sigillatas
830 1880 914 1908 penes
926 1869 1038 1900 distum
1053 1867 1207 1897 Decanum

143 1904 317 1948 dimiseifi’int:
337 1916 396 1944 alias
410 1915 481 1943 vero
497 1912 599 1942 Claves
613 1912 685 1941 infra
697 1911 803 1941 dietam
817 1909 930 1940 Bursam
944 1905 1208 1950 reposuerutithUb

145 1956 244 1995 Sigillis
265 1954 386 1993 iplbrum
411 1952 534 1982 Domini
555 1950 589 1980 de
605 1950 742 1980 Darnallo
758 1949 870 1980 Decani
884 1948 917 1979 &
933 1945 1092 1977 Guillielmi
1108 1943 1207 1984 tigilla-

143 2003 199 2031 tas,
217 1994 334 2032 pizefato
349 1992 454 2022 Abbati
467 1990 563 2020 denuo
577 1988 803 2020 tranlinittendas.

180 2033 228 2063 De
250 2034 282 2063 &
302 2031 381 2070 super
401 2030 504 2068 quibus
524 2029 658 2058 omnibus
677 2028 711 2058 ὃς
729 2027 839 2066 singulis
855 2023 1001 2064 praemiffis
1017 2022 1205 2062 petierunt&

141 2071 321 2111 requilierurit
334 2070 403 2100 dieii
418 2067 607 2107 Exequtores,
627 2067 660 2097 &
675 2066 816 2096 Olivcrius
829 2065 864 2094 de
876 2064 965 2095 Tune
979 2062 1091 2099 Nova,
1109 2061 1142 2091 δε
1158 2070 1208 2091 eo-

140 2120 205 2141 rum
229 2110 359 2147 quilibet,
380 2116 513 2146 quatenus
530 2106 574 2136 siri
592 2107 718 2135 intererat
732 2128 741 2142 ,
760 2103 887 2135 interesse
901 2111 1011 2144 poterat
1025 2103 1058 2133 ὃ(
1069 2100 1207 2138 debebat,

140 2159 190 2187 per
211 2148 279 2178 Nos
299 2147 440 2177 Notarios
460 2146 509 2176 sibi
532 2144 635 2175 confici
651 2145 684 2175 &
700 2143 758 2173 fieri
771 2153 860 2174 unum
874 2143 920 2172 vel
934 2142 1010 2180 plura
1026 2139 1145 2171 Publica
1156 2137 1207 2169 In-

140 2187 308 2225 strumenta,
324 2185 478 2217 eorundem
500 2183 661 2214 Petentium
681 2182 846 2223 Sumptibus
859 2182 893 2213 &
906 2179 1048 2221 ExpensiS.

178 2265 250 2296 Aeta
269 2263 329 2295 sunt
343 2264 407 2294 hoec
423 2264 452 2293 in
466 2263 537 2293 locis
552 2260 651 2299 quibus
666 2261 742 2296 supra
755 2259 909 2291 successive
925 2266 1009 2297 prout
1024 2257 1147 2296 superius
1159 2265 1207 2286 cx-

139 2305 277 2342 primitur.
314 2303 516 2338 Praesentibus,
541 2300 600 2330 Exe
621 2301 748 2330 utoribus
767 2298 925 2335 antediffls,
952 2297 1103 2327 Nicholao
1126 2295 1207 2325 The-

140 2343 257 2373 saurario
268 2366 277 2379 ,
295 2342 424 2372 Oliverio
447 2340 483 2370 de
503 2340 592 2370 Tune
630 2338 713 2377 iova,
728 2338 849 2368 Eudone
865 2337 900 2367 de
915 2336 1053 2375 Bodegat,
1072 2334 1207 2364 Roberto

139 2381 175 2411 de
195 2381 300 2411 Sandio
323 2380 443 2410 Pastano
457 2402 467 2417 ‚
494 2378 638 2408 Gaufrido
660 2376 846 2407 Clavenrario
861 2399 870 2414 ,
899 2374 1031 2413 Johanne
1053 2373 1203 2404 Strabonis

140 2419 324 2458 Presbytero,
342 2418 486 2458 Gregorio
509 2417 622 2452 Darce,
648 2417 681 2446 δε
703 2416 835 2445 Henrico
856 2415 882 2443 le
903 2413 1050 2451 Kervent,
1069 2411 1204 2449 Clericis,

139 2458 173 2488 δε
187 2457 328 2488 nonnullis
342 2457 400 2487 aliis
414 2456 448 2487 ad
462 2455 519 2485 hoc
534 2455 642 2486 vocatis
657 2453 794 2484 ‘restibus
810 2453 843 2483 δί
862 2454 970 2491 rogatis.

176 2534 212 2564 Et
227 2544 282 2573 ego
295 2533 449 2564 Gaufridus
587 2530 740 2560 Leovensis
754 2529 895 2560 Dioecesis
910 2528 1054 2566 Clericus,
1070 2527 1206 2566 Imperia-

139 2573 159 2603 li
179 2572 345 2603 auetoritate
368 2572 517 2608 PublicuS,
534 2570 568 2600 &
588 2569 684 2600 Curiae
701 2568 888 2599 Nannetenlis
900 2568 1029 2606 Juratus,
1048 2567 1206 2603 Notarius,

139 2612 273 2642 omnibus
286 2612 319 2642 ὃς
334 2610 445 2647 lingulis
459 2607 620 2648 praemissis,
637 2617 700 2647 quse
715 2608 742 2637 in
758 2609 812 2637 mei
829 2608 861 2637 ὃς
881 2606 978 2645 sagacis
996 2605 1056 2636 Viri
1073 2604 1206 2635 Guilliel-

140 2651 181 2680 mi
201 2649 309 2680 Mabile
331 2648 456 2686 Clerici,
477 2647 587 2677 Publici
610 2646 726 2676 Notarii
750 2645 914 2682 infrascripti
930 2644 1073 2683 praesentia
1088 2643 1145 2673 fieri
1159 2652 1204 2672 re-

138 2688 264 2718 feruntur
279 2713 289 2728 ,
318 2688 436 2727 praesens
458 2687 558 2723 pariter
578 2695 645 2715 curn
667 2684 772 2714 eodem
798 2683 923 2714 Notario
947 2685 981 2714 &
1001 2682 1207 2720 praenoniitatis

139 2726 275 2757 Testibus
294 2727 421 2764 interfui,
437 2725 471 2755 &
485 2724 551 2754 huic
568 2722 691 2754 Publico
707 2722 919 2759 Instrumento,
937 2722 1037 2751 exinde
1050 2720 1205 2757 confecto,

139 2775 187 2795 me
209 2765 393 2803 subscribens,
422 2763 542 2803 Signum
563 2772 660 2792 meum
683 2761 796 2800 apposui
818 2760 985 2790 consuetum
1009 2767 1137 2797 rogatus,
1155 2757 1205 2787 sub

136 2803 244 2872 ἒιίιὶηο,
265 2803 382 2842 Mense,
397 2802 472 2841 Die,
485 2801 586 2839 Hora,
606 2800 708 2839 Locis,
727 2799 888 2830 Indifflone
902 2799 934 2830 δε
948 2797 1119 2829 Pontificatu
1133 2805 1207 2836 prae-

157 2853 181 2872 R.
195 2851 225 2872 18.

140 2979 237 3027 ,Quod
274 2984 310 3015 V
307 2981 362 3014 illa
395 2977 431 3012 de
465 2980 572 3015 Sanflo
600 2983 707 3013 Severo
733 2992 789 3011 non
807 2990 937 3025 ponatur
964 2991 1053 3013 cxrra
1082 2981 1205 3012 Asamus

619 3031 715 3075 Regis.

0 3116 65 3146 firm.
82 3115 123 3147 D.
144 3114 276 3175 REX
297 3115 457 3154 Omnibus,
473 3115 507 3146 ad
521 3124 591 3150 riuos
625 3114 686 3145 &c.
703 3112 835 3145 Salutem.

11 3163 95 3194 1341.
263 3154 384 3193 Regiam
404 3153 485 3184 decet
499 3136 729 3184 Munifi’centiam
744 3153 793 3183 illis
807 3153 943 3183 Pavorem
956 3153 989 3183 δε
1003 3151 1132 3182 Gratiam
1148 3153 1205 3182 im-

0 3197 46 3220 a».
66 3203 107 3229 15.
145 3194 253 3234 pertiti,
271 3203 340 3231 quos
358 3192 461 3230 semper
482 3194 512 3222 in
534 3192 676 3222 Fidelitate
696 3190 741 3221 sua
762 3190 870 3222 stabiles
885 3192 917 3222 δε
933 3193 963 3221 in
977 3191 1110 3229 operibus
1123 3192 1205 3222 inve-

0 3235 20 3256 Ξ
42 3241 65 3266 3-
143 3235 215 3263 nerit
228 3242 285 3269 prae
298 3232 404 3261 caeteris
416 3230 551 3261 efficaces.

4 3272 57 3303 '‹fc.
71 3278 110 3305 ¹5-
179 3271 323 3301 Pensantes
342 3270 424 3305 igitur
446 3269 640 3299 Dilefflonem
660 3267 776 3299 solidam
792 3269 825 3299 δε
842 3267 1058 3304 Constantiam,
1076 3277 1142 3306 quas
1155 3269 1201 3305 in,

0 3310 23 3332 E.
47 3317 70 3342 3·
141 3309 249 3340 dilectis
269 3309 301 3339 ὃς
322 3307 447 3338 fidelibus
468 3307 585 3341 nostris,
600 3307 700 3344 Juratis
717 3308 749 3338 ὃ(
773 3306 875 3337 Probis
886 3306 1078 3343 Hominibus,
1093 3315 1126 3335 ac
1140 3308 1204 3336 uni-

0 3353 30 3370 7)-
42 3354 87 3381 23-
142 3349 266 3378 versitate
285 3346 370 3377 Viilae
392 3346 428 3376 de
446 3345 551 3376 Sanem
572 3346 677 3375 Severo
690 3347 719 3374 in
735 3345 850 3375 Ducatu
866 3346 1026 3382 Aquitanis:
1039 3345 1146 3379 semper
1162 3346 1204 3374 in-

142 3387 287 3424 venimus,
303 3384 363 3422 ἀνι.
383 3391 463 3423 prout
473 3383 609 3424 fitperiore
628 3386 714 3413 Anno
736 3384 767 3414 de
789 3385 860 3413 Dat.
880 3393 919 3413 20
938 3384 1066 3422 Januar.
1089 3387 1204 3412 mutatis

143 3435 196 3454 com
213 3432 315 3454 etenter
329 3424 476 3453 mutandis.

198 3474 215 3493 n
232 3463 327 3500 cujus,
346 3463 406 3493 &c.

213 3501 301 3532 Teste
318 3501 398 3539 Rege
413 3498 485 3539 apud
500 3498 630 3529 Turrim.
644 3497 778 3530 London.
793 3499 910 3530 decimo
925 3499 1001 3529 sexto
1016 3499 1062 3529 die
1072 3498 1161 3537 Junii.

417 3578 469 3606 Per
482 3578 641 3606 Petitionem
657 3576 688 3605 de
704 3575 815 3606 Concilio
829 3580 859 3606 in
875 3574 1071 3606 Parliamento.

0 3713 127 3747 Ann.D.
146 3704 204 3738 Ad
228 3707 438 3753 flandrenses,
463 3707 499 3740 de
526 3708 649 3754 Assensit
668 3706 817 3754 prebendo
843 3709 1049 3753 Prorogiztioni
1072 3708 1202 3753 Treugae.

20 3763 33 3784 1
83 3762 107 3783 1.

0 3762 110 3828 Αιιῗῒς.
149 3787 293 3844 REX,
311 3790 416 3822 diieffls
430 3792 462 3823 δε
478 3793 604 3836 fidelibus
617 3793 685 3831 suis,
703 3793 936 3831 Burgimagistris,
955 3792 1100 3829 Scabinis,
1119 3790 1201 3821 Con-

0 3835 29 3857 Ε.
56 3840 81 3866 3.
222 3826 338 3870 suhbpS,
355 3830 387 3858 &
401 3829 498 3860 Probis
514 3831 705 3869 Hominibus,
721 3830 805 3861 Viiiae
818 3832 853 3861 de
868 3831 1007 3868 Brugges,
1024 3831 1157 3861 Salutem.

191 3863 269 3908 ¹(Qua
287 3875 364 3907 jani,
383 3870 604 3910 interhquosdam
624 3870 758 3909 Alligatos
771 3869 882 3900 nostros
895 3870 927 3899 δι’
943 3871 1080 3907 Alligatos
1094 3869 1206 3898 Adver-

150 3902 207 3931 sarii
221 3901 308 3946 nostri
321 3902 355 3949 de
367 3904 499 3944 Francia,
517 3908 684 3938 Tractatum
699 3907 757 3946 est,
770 3908 877 3945 &,sub
892 3907 1111 3943 Coiiditione,si
1122 3907 1206 3936 nobis

1 3951 27 3980 p.
48 3954 73 3970 2.
149 3941 299 3986 placuerit,
318 3941 533 3987 Concordaturn
552 3946 632 3982 quod
651 3946 784 3984 Treuga,
803 3947 874 3976 inter
893 3957 945 3976 nos
967 3947 999 3976 δε
1015 3947 1125 3976 dierum
1142 3945 1204 3975 Ad-

2 3991 37 4007 m.
56 3981 132 4017 38.d.
148 3979 296 4023 uei-sarium
320 3978 450 4023 nostrum
473 3982 579 4017 pridem
597 3993 676 4020 capta
690 4007 699 4020 ,
731 3984 816 4021 usque
836 3988 854 4004 *ὃ
874 3985 907 4014 ad
932 3984 1045 4013 Festum
1070 3983 1204 4015 Decolla-

1 4021 18 4036 ⁸
30 4022 129 4048 V.261.
143 4025 225 4049 tionis
243 4017 340 4050 saneti
346 4016 484 4057 Johannis
497 4019 624 4058 Baptistae
635 4023 766 4060 proximo
778 4023 906 4053 futurum
921 4029 1097 4063 prorogetur,

0 3868 85 3905 Claus.
93 3872 138 3904 15}

1 3911 33 3933 ⁴e.
52 3916 75 3941 3·

611 152 1388 205 CONVENTIONES,

1446 152 1835 200 LITERAE,

1290 239 1328 270 Et
1350 240 1430 278 quod
1453 240 1569 270 interim
1581 240 1611 270 in
1627 239 1714 270 Festo
1727 238 1823 269 Sanffl
1835 237 1932 276 Petri,
1950 236 2028 277 quod
2044 236 2147 268 dicitur
2158 235 2193 267 ad
2208 235 2317 269 Vincu-
2339 231 2468 266 Ann··D.

1253 277 1295 317 la,
1312 279 1387 317 apud
1402 280 1568 316 Auntoigne
1579 277 1732 309 Tractatus
1746 277 1827 308 Pacis
1838 277 1985 312 habeatur,
2356 280 2443 312 1341.

1290 316 1376 357 Nos,
1394 327 1425 349 ut
1446 315 1626 357 Progreffum
1647 316 1777 348 nostrum
1796 315 1897 346 melitis
1922 315 1955 346 ὃς
1975 313 2118 354 potentius
2137 312 2322 352 ordinemus,
2337 312 2406 339 Edu.
2422 321 2450 349 3-

1253 363 1287 385 ex
1309 355 1384 386 edire
1397 358 1537 387 credimus
1551 355 1639 386 &61ae
1655 355 1853 393 Prorogationi
1865 354 2044 391 consentire,

1316 395 1402 425 laceat
1427 397 1511 435 igitur
1534 395 1688 434 (petimus)
1714 393 1875 424 Dilee‘tioni
1894 391 1995 423 vestrae
2017 391 2102 422 dicht
2124 389 2324 430 Prorogationi

1252 435 1379 468 praebere
1399 432 1594 472 Consensum,
1618 434 1652 464 &
1674 433 1750 463 illam
1772 432 1812 466 (si
1833 431 1984 471 placuerit)
2002 439 2166 468 acceptare,
2182 430 2216 461 &
2233 429 2326 461 credi-

1253 479 1332 509 mus,
1350 481 1402 509 per
1424 471 1483 503 Dei
1522 473 1635 511 ratiam,
1655 472 1693 502 sic
1713 472 1827 501 interim
1844 469 1949 510 agenda
1971 468 2066 500 nostra
2085 469 2224 510 dirigere,
2242 467 2325 508 quod

1251 507 1380 549 sequetur
1395 510 1471 540 Finis
1485 521 1505 548 p
1515 511 1627 548 acidus,
1644 519 1731 550 quem
1745 510 1855 548 optatis.

1293 548 1371 579 Data
1384 548 1457 588 apud
1471 549 1593 580 Turrim
1607 549 1740 580 London-
1754 549 1872 579 decimo
1886 547 1992 578 οέὶανο
2007 545 2052 576 die
2060 544 2149 585 Junii.

1279 624 1405 670 *Eodem
1420 625 1509 670 modo
1525 626 1652 656 scribitur
1665 625 1840 666 capitaneis,
1853 624 1997 662 Scabinis,
2005 621 2196 663 Consulibus,
2204 624 2239 656 &
2252 622 2325 655 Pro-

1256 665 1298 695 bis
1310 664 1505 703 Hominibus,
1523 665 1559 695 de
1576 663 1728 694 Gandano.

1255 740 1537 818 ViIfieaenzieAIcLsstgcaro
1551 764 1562 780 ,
1584 740 1726 780 Scabinis,
1744 740 1931 781 Consulibus,
1949 742 1983 774 &
2003 740 2105 772 Probis
2127 739 2324 778 Hominibus,

1299 904 1472 945 Dubiramr
1489 906 1526 940 de
1545 910 1759 954 Prorogatione
1773 906 1945 950 annalista,
1969 911 2006 947 ῤ’
2024 908 2061 942 de
2077 909 2280 942 Arraiatione

1703 955 1862 1002 facienda.

1254 1042 1381 1101 REX
1401 1043 1578 1075 Vicecomiti
1595 1042 1709 1074 Kantiae
1744 1042 1878 1074 Salutem.
2339 1044 2417 1077 Anu,
2432 1047 2469 1079 D

1274 1121 1279 1125 ⁹
1342 1121 1349 1129 λ
1366 1083 1449 1114 Licet
1463 1084 1535 1128 inter
1551 1082 1686 1122 quosdam
1701 1066 1840 1127 Alligatus
1854 1080 1978 1120 Philippi
1994 1080 2032 1112 de
2043 1080 2156 1125 Yalefio
2187 1082 2267 1121 super
2280 1082 2322 1113 fa-
2362 1095 2449 1127 1341.
2466 1073 2477 1081 ⁵

1253 1120 1354 1152 cienda
1370 1120 1461 1152 Proro
1481 1131 1573 1153 atione
1587 1121 1816 1166 Treugsaeflnter
1830 1120 1900 1151 Nos
1915 1121 1949 1151 ὅ(
1961 1120 2132 1157 praedietum
2147 1104 2320 1160 Philippum,
2337 1129 2389 1154 An.
2407 1135 2452 1162 15.

1253 1159 1337 1197 iisque
1359 1161 1393 1191 ad
1414 1161 1454 1204 Ee
1481 1171 1530 1192 um
1551 1160 1759 1192 Decollationis
1779 1159 1876 1192 Sancti
1887 1158 2027 1198 johannis
2040 1157 2174 1197 Baptistae
2185 1161 2319 1200 proximo
2337 1168 2367 1192 Ε.
2391 1174 2417 1201 3.

1252 1199 1398 1237 futurum,
1417 1202 1448 1230 lit
1465 1199 1654 1238 Traetatum,
2337 1202 2459 1231 Aleman.

1265 1276 1270 1281 ·
1291 1237 1395 1282 Adliue
1415 1247 1510 1268 tamen
1530 1237 1622 1284 Nova
1641 1246 1719 1282 certa
1739 1247 1800 1268 non
1822 1237 1976 1276 habemus,
1994 1235 2076 1276 quod
2094 1235 2172 1268 dieta
2185 1234 2322 1277 Proroga-
2343 1250 2386 1277 15·
2402 1245 2477 1278 123.

1250 1276 1907 1357 ublffissgiegptrtnrgheislkiplpgfflsiiigtfielrlrinxiitagubd
1921 1315 2001 1346 idem
2015 1313 2092 1345 Phili
2114 1323 2163 1353 pus
2175 1323 2269 1353 parare
2281 1313 2324 1345 fe-
2339 1290 2375 1309 m·
2393 1289 2440 1307 η’
2473 1314 2479 1317 ’

1251 1360 1291 1383 cit
1314 1363 1447 1398 magnam
1463 1355 1573 1386 Floram
1587 1354 1742 1386 Galearum
1757 1324 1957 1393 gramarum,
1970 1355 2004 1385 &
2020 1353 2075 1384 illas
2109 1353 2210 1392 isponit
2227 1354 2324 1384 mitte-

1252 1401 1281 1421 re
1305 1393 1432 1423 celeriter
1453 1393 1531 1431 supra
1556 1392 1658 1431 Mare,
1675 1401 1706 1423 ut
1727 1393 1819 1424 subito
1839 1391 1982 1422 destruant
1995 1391 2127 1423 nostrum
2142 1391 2325 1431 Navigium,

1251 1430 1328 1499 guod
1350 1441 1465 1471 propter
1487 1433 1565 1477 spem
1585 1432 1672 1462 dieta:
1688 1431 1905 1470 Prorogationis
1918 1431 2011 1462 adhuc
2024 1431 2194 1471 congregari
2209 1440 2270 1461 non
2282 1430 2324 1462 fe-

1272 1479 1344 1499 imus
1359 1480 1412 1501 DCC
1428 1481 1537 1501 armas!-

1292 1507 1345 1538 Per
1357 1509 1453 1552 quod,
1472 1512 1509 1541 ne
1524 1510 1618 1550 (quod
1629 1509 1717 1546 absit)
1739 1509 1832 1540 dietus
1845 1507 1991 1550 Philippus
2008 1508 2046 1540 fic
2061 1518 2113 1548 pei·
2127 1507 2236 1539 dieium
2249 1507 2326 1538 Tra-

1253 1546 1362 1591 (latum
1385 1548 1544 1579 simulatum
1562 1548 1679 1578 subdol‘e
1698 1559 1751 1578 nos
1771 1548 1902 1587 deludat,
1921 1547 2115 1578 mandavimus
2151 1547 2268 1578 Dilecsto
2291 1546 2326 1577 ὅ(

1252 1585 1343 1630 Fideli¹
1373 1587 1472 1617 nosti-o
1486 1613 1496 1626 ,
1523 1587 1684 1632 Willielmo
1715 1587 1751 1618 de
1775 1586 1812 1617 Ci
1833 1595 1905 1617 nton
1919 1609 1930 1625 ‚
1960 1584 2074 1617 Comiti
2098 1570 2212 1616 i-suntin
2231 1585 2328 1616 doniae

1252 1622 1430 1663 (Capitaneo
1451 1626 1485 1656 &
1506 1625 1655 1656 Admiralo
1678 1626 1770 1657 Flotae
1827 1627 1940 1663 avium,
1956 1625 1993 1655 ab
2014 1625 2077 1656 Ore
2091 1624 2185 1665 Aquae
2234 1624 2328 1655 hami-

1252 1663 1314 1702 siae,
1332 1664 1423 1694 versus
1444 1672 1533 1708 partes
1550 1664 1768 1702 Occidentales)
1785 1664 1882 1703 quod,
1900 1664 2035 1695 omnibus
2050 1664 2105 1694 aliis
2119 1662 2323 1702 praetermiffis,

1251 1701 1330 1741 super
1351 1702 1510 1747 Salvatione
1529 1703 1659 1734 Navium
1678 1704 1766 1734 dictae
1787 1703 1879 1734 Flotae
1901 1701 2006 1733 nostrae
2029 1703 2148 1734 celerius
2166 1702 2201 1733 &
2214 1702 2326 1741 tuititis,

1252 1751 1313 1778 quo
1332 1749 1453 1784 poterit,
1469 1741 1610 1781 ordinari,
1628 1742 1661 1772 &
1679 1741 1769 1772 dictas
1789 1741 1889 1772 Naves
1910 1742 2079 1779 congregari
2100 1742 2135 1773 ὃ(
2156 1741 2277 1779 armari,
2291 1748 2327 1771 ac

1250 1778 1398 1823 Homines
1414 1780 1555 1824 dietarum
1575 1781 1695 1818 partium
1716 1779 1940 1818 Maritimamm,
1955 1788 2092 1820 quantum
2114 1780 2259 1818 potentius
2270 1789 2325 1818 po-

1251 1826 1332 1856 terit,
1351 1819 1462 1849 ariaiari
1483 1819 1580 1856 faciat,
1599 1820 1636 1849 ita
1653 1818 1735 1858 quod
1756 1819 1808 1849 sint
1848 1819 1953 1856 rompti
1990 1819 2023 1848 &
2046 1819 2150 1858 parati,
2166 1817 2202 1849 ad
2216 1817 2324 1856 Repel-

1249 1856 1365 1901 lendum
1384 1858 1417 1888 δε
1436 1857 1651 1888 Destruendum
1669 1857 1758 1888 distas
1778 1856 1880 1888 Gaas
1899 1858 1932 1888 &
1967 1857 2088 1887 nimicos
2102 1855 2232 1894 nostrOS,
2247 1856 2267 1887 fi
2284 1856 2324 1887 fic:

1250 1894 1390 1965 hostilitedr
1400 1898 1534 1966 {enerint
1547 1895 1582 1927 ad
1597 1894 1793 1927 Invadendum
1806 1897 1840 1928 ὃ(
1856 1895 2073 1927 Destruendutn
2090 1894 2191 1927 Naves
2203 1895 2238 1926 &
2254 1893 2323 1925 Par-

1250 1942 1290 1965 tes
1305 1944 1362 1972 prae
1383 1946 1410 1965 ic
1425 1945 1452 1966 as

1261 2013 1266 2018 ι
1287 1973 1360 2004 Tibi
1382 1959 1562 2013 praeci’pimus
1593 1973 1653 2005 ubd
1668 1972 1778 2012 statim,
1794 1972 1858 2005 vifis
1868 1972 2066 2011 praesentibus,
2084 1971 2140 2002 Per
2155 1979 2247 2002 totam
2259 1970 2324 2002 Bal-

1249 2012 1336 2043 livam
1359 2021 1454 2052 tuam,
1473 2015 1531 2044 tam
1545 2015 1575 2043 in
1601 2023 1616 2043 a
1632 2012 1806 2052 Libertares,
1824 2013 1911 2051 quarn
1928 2019 2014 2049 extra,
2028 2011 2146 2050 publice
2160 2009 2242 2040 facias
2255 2020 2323 2047 pro-

1249 2051 1379 2090 clamari,
1397 2052 1478 2091 qubd
1496 2061 1598 2083 omnes
1619 2051 1652 2083 &
1673 2052 1791 2091 finguli,
1807 2052 1842 2082 de
1856 2049 1956 2082 eadem
1971 2049 2075 2080 Balliva
2089 2048 2139 2080 tua
2154 2048 2323 2079 Defensabi-

1249 2090 1303 2134 les,
1319 2090 1352 2121 δε
1373 2090 1408 2122 ad
1422 2091 1512 2122 Arma
1526 2089 1677 2129 Potentes,
1696 2090 1747 2121 sub
1763 2089 1941 2120 forisfactura
1952 2090 2085 2119 omnium
2100 2097 2164 2126 quae
2179 2088 2264 2118 nobis
2276 2087 2322 2118 fo-

1249 2129 1378 2173 risfacere
1400 2138 1551 2169 poterunt,
1570 2129 1665 2160 Armis
1686 2129 1936 2168 competentibus,
1960 2128 2113 2165 videlicet,
2129 2127 2248 2167 quilibet
2269 2135 2321 2157 eo-

1248 2177 1312 2198 rum
1331 2176 1408 2206 Juxta
1430 2168 1534 2199 statum
1549 2168 1649 2208 suurn,
1668 2169 1831 2198 muniantur
1846 2167 1880 2199 &
1893 2166 2061 2204 arraientur,
2079 2167 2116 2197 ita
2129 2165 2208 2202 quod
2222 2174 2322 2205 prom-

1249 2207 1290 2244 pti
1310 2206 1379 2246 sint,
1398 2208 1432 2238 &
1446 2208 1550 2246 parati,
1570 2208 1638 2238 cum
1657 2216 1706 2245 per
1720 2217 1790 2245 nos,
1808 2206 1853 2237 vel
1867 2215 1916 2246 per
1927 2204 2100 2245 praedictum
2115 2203 2323 2244 Capitaneum,

1248 2246 1293 2276 seu
1310 2245 1501 2290 Deputandos
1515 2246 1550 2276 ab
1564 2256 1618 2284 eo,
1637 2246 1801 2284 praemuniti
1816 2245 1936 2283 fuerint,
1952 2243 1987 2274 ad
2003 2243 2236 2282 proficiscendum
2249 2252 2324 2273 con·-

1248 2293 1289 2315 tra
1306 2284 1400 2315 dictos
1416 2284 1525 2315 Hostes
1543 2284 1671 2323 nostros,
1690 2284 1724 2315 ad
1746 2294 1813 2323 eos,
1827 2293 1860 2314 ac
1884 2282 2007 2320 Galeas,
2021 2282 2055 2313 δε
2067 2282 2167 2312 Naves
2181 2281 2254 2320 suas,
2270 2281 2322 2313 de.-

1249 2323 1417 2354 struendum
1438 2325 1471 2355 ὃς
1495 2323 1730 2363 expugnandum,
1749 2324 1769 2354 si
1789 2322 1958 2360 praedia-um
1976 2320 2114 2362 Regnum
2131 2319 2260 2351 nostrum
2273 2317 2320 2352 vel

1249 2361 1381 2393 Costeras
1399 2362 1557 2393 Maritimas
1571 2362 1694 2401 ejusdem
1710 2361 1841 2393 invadere
1856 2361 2013 2398 voluerint,
2032 2369 2062 2390 ut
2076 2358 2118 2390 est
2131 2359 2252 2390 dietum.

1286 2399 1325 2430 Et
1338 2401 1395 2431 hoc
1408 2401 1562 2432 nullatenus
1574 2402 1696 2432 omittas.

1286 2439 1375 2471 Teste
1389 2439 1472 2481 Rege
1483 2439 1557 2480 apud
1573 2439 1696 2470 Turrim
1710 2438 1846 2470 London.
1859 2438 1998 2471 vicesimo
2010 2438 2107 2476 primo
2119 2436 2165 2467 die
2174 2435 2263 2475 Junii.

1703 2519 1757 2547 Per
1770 2515 1852 2556 ipficm
1867 2519 1963 2554 Regem
1976 2511 2015 2550 ὀ(
2034 2512 2187 2547 Concilium.

1251 2597 1255 2601 ’
1285 2594 1397 2626 Eodem
1420 2596 1513 2626 modo
1535 2594 1698 2627 mandatum
1720 2593 1762 2625 est
1780 2593 1888 2633 singulis
1904 2590 2132 2622 Vicecomitibus
2145 2589 2317 2629 subscriptis,

1248 2632 1298 2664 sub
1311 2634 1412 2665 eadem
1425 2634 1505 2672 data,
1522 2634 1669 2671 videlicet,

1839 2710 1868 2736 V
1869 2709 1995 2736 icecomiti
2013 2705 2098 2745 Dorfi

1839 2748 1868 2775 V
1869 2748 1993 2774 icecomiti
2009 2747 2120 2774 Devon.

1839 2787 1868 2814 V
1867 2786 1993 2813 icecomiti
2012 2782 2164 2813 Cornubiae.

1283 2713 1312 2738 V
1314 2713 1443 2740 iterumiti
1462 2710 1541 2740 Suth.

1286 2751 1314 2777 V
1316 2752 1444 2778 icecomiti
1462 2748 1563 2788 Suffex.

1286 2789 1440 2817 Vicecomiti
1460 2790 1502 2817 W
1502 2786 1571 2816 tltes.

1284 2828 1313 2855 V
1313 2829 1440 2856 icecomiti
1459 2823 1570 2865 Somerfi

1312 2903 1343 2933 T
1361 2904 1523 2934 mandatum
1543 2902 1583 2932 est
1604 2901 1633 2932 V
1636 2900 1834 2932 icecomitibus
1853 2900 2010 2938 subscriptis
2023 2922 2032 2937 ,
2050 2898 2182 2929 videlicet
2195 2920 2206 2936 ,
2222 2896 2313 2928 Essex.

1325 2941 1426 2973 Norff.
1447 2940 1519 2973 suff.
1535 2941 1669 2972 Lincoln.
1685 2939 1816 2971 Eborum
1833 2940 1865 2970 &
1882 2938 2076 2970 Northumbr.
2095 2936 2132 2967 de
2143 2935 2317 2967 intendendo

1247 2979 1381 3011 Roberto
1402 2981 1438 3011 de
1462 2980 1561 3011 Morle
1577 3003 1586 3018 ,
1610 2978 1768 3010 Admirallo
1790 2979 1881 3009 Flotae
1901 2977 2034 3008 Navium
2047 2999 2057 3014 ,
2080 2976 2117 3006 ab
2138 2974 2201 3004 Ore
2224 2974 2317 3014 Aquae

1248 3019 1423 3058 Thamisiae,
1442 3019 1533 3050 versus
1546 3027 1634 3057 partes
1645 3017 1787 3056 Boreales,
1808 3019 1836 3047 in
1852 3016 1947 3047 forma
1961 3014 2110 3054 praedieta,
2128 3012 2240 3044 mutatis
2252 3022 2318 3043 mu-

1246 3058 1343 3090 tandis.

1248 3194 1268 3213 '⁴‘
1284 3196 1389 3227 Litera
1416 3194 1617 3239 Imperatoria
1628 3219 1637 3234 ‚
1654 3190 1745 3236 fhper
1776 3189 1956 3235 Allzgantiis
1974 3198 2044 3219 cum
2062 3188 2140 3233 Rege
2156 3187 2287 3218 Francia:
2300 3210 2312 3226 ‚
2332 3179 2352 3201 ²*
2363 3183 2468 3212 V-26zl

1531 3244 1568 3278 (ῥ’
1590 3239 1627 3272 de
1654 3242 1689 3273 V
1687 3241 1820 3271 icas-iata
1844 3234 2031 3270 Revocando.

1244 3325 1478 3388 LUdovicuS,
1498 3324 1556 3355 Dei
1580 3323 1685 3361 gratis,
1702 3323 1907 3354 Romanorum
1924 3321 2080 3362 Imperator
2093 3319 2200 3359 semper
2213 3318 2312 3359 Augu·
2332 3314 2461 3347 Ann.D.

1318 3365 1389 3404 stus,
1409 3364 1551 3407 Praeclaro
1562 3362 1720 3400 EdwardO,
1741 3362 1817 3400 Regi
1832 3361 1961 3399 Angliae,
1980 3360 2067 3391 Fratri
2087 3359 2136 3390 suo
2150 3357 2313 3397 cariffimof,
2351 3363 2436 3394 1341.

1245 3406 1371 3436 Salutem
1381 3427 1390 3441 ,
1409 3404 1442 3434 &
1456 3406 1571 3433 lincerae
1583 3401 1741 3432 dileffionis
1754 3401 1899 3431 affectum.
2329 3396 2384 3420 An·
2398 3401 2442 3428 15-

1285 3445 1367 3475 Licet
1386 3444 1531 3472 innumera
1550 3440 1719 3479 grandiaque
1737 3440 1864 3479 Negotia
1877 3437 1978 3469 nostris
1990 3437 2160 3468 incumbant
2172 3436 2309 3473 humeris,
2329 3435 2358 3458 Ε-
2381 3440 2407 3467 3-

1246 3484 1280 3513 &
1302 3484 1378 3513 circa
1401 3482 1444 3511 illa
1466 3480 1655 3519 multipliciter
1668 3480 1701 3510 &
1714 3479 1818 3509 assidue
1831 3478 2032 3514 distrahamur,
2050 3484 2143 3506 tamen
2158 3476 2228 3505 cum
2244 3473 2308 3504 Dis-
2326 3468 2441 3512 OthotD.

1247 3521 1344 3552 cordia
1359 3521 1428 3550 inter
1443 3519 1491 3550 Te
1506 3520 1538 3549 &
1554 3518 1721 3558 praeclarum
1737 3517 1902 3555 Philippum
1915 3516 1950 3546 de
1963 3513 2077 3553 Valois,
2095 3513 2209 3553 Regem
2224 3512 2310 3542 Fran·
2332 3517 2341 3534 1
2351 3517 2373 3551 ξ·
2389 3506 2431 3542 1⁷²f
2428 3516 2458 3534 Μ

1247 3561 1317 3597 cite,
1334 3559 1463 3589 Affinem
1484 3556 1614 3587 nostrum
1635 3556 1846 3594 praedilectum,
1865 3564 1899 3584 ex
1917 3564 1971 3592 qua
1992 3553 2065 3584 Tibi
2087 3553 2120 3583 δε
2140 3561 2190 3582 tuo
2206 3551 2312 3590 Regno
2327 3544 2458 3573 ΒΙΗ-ΟΜ·

1247 3598 1451 3637 quamplurima
1471 3595 1655 3627 Personarum
1676 3596 1709 3625 &
1733 3594 1843 3625 Rerum
1864 3591 2032 3631 Dispendia,
2048 3590 2107 3628 ipsa
2128 3600 2190 3620 non
2204 3588 2311 3626 sedati,

1250 3639 1279 3667 in
1305 3637 1431 3667 futurum
1452 3643 1585 3673 poterunt
1605 3634 1717 3663 evenire
1733 3657 1742 3671 ,
1771 3634 1797 3663 se
1820 3632 1921 3663 nostris
1942 3630 2115 3668 repraesentat
2135 3628 2310 3663 Obrutibus,

1250 3684 1379 3705 mentem
1400 3674 1523 3704 nostram
1543 3672 1683 3712 specialius
1700 3672 1792 3710 angit,
1812 3672 1845 3702 δε
1861 3670 1963 3701 excitat
1975 3677 2005 3699 ut
2016 3669 2051 3698 ad
2065 3666 2219 3698 tollendam
2232 3665 2308 3695 illam

1248 3713 1371 3744 studium
1386 3713 1418 3743 &
1433 3721 1549 3750 operam
1558 3709 1663 3740 nostrae
1677 3709 1869 3740 sollicitudinis
1883 3717 2064 3747 apponamus
2290 3741 2294 3745 Ι

1287 3751 1405 3790 Propter
1444 3750 1518 3787 ilOd,
1539 3749 1605 3780 scire
1625 3757 1653 3778 te
1674 3749 1806 3780 volumus
1823 3748 1901 3788 quod
1923 3746 2050 3776 ·raefatus
2071 3743 2215 3781 Philippus
2230 3739 2308 3771 dedit

1247 3790 1363 3827 Nobis,
1380 3789 1414 3819 ad
1468 3789 1661 3827 esuritionem
1682 3786 1825 3824 nostram,
1852 3787 1902 3817 suis
1952 3785 2024 3815 iteris
2044 3782 2218 3823 Potestatem
2235 3779 2310 3809 Tra-

1246 3827 1359 3897 fipndi,
1377 3829 1450 3857 inter
1465 3827 1512 3857 Te
1527 3826 1559 3857 ὃς
1574 3825 1686 3866 Ipsum,
1706 3824 1903 3856 Concordiam
1917 3824 1996 3863 super
2007 3819 2161 3852 Discordiis
2174 3826 2244 3847 mter
2257 3827 2308 3849 vos

1258 3878 1273 3897 U
1287 3876 1381 3896 Cls‘dslS.

1286 3905 1384 3942 Quam
1402 3904 1487 3933 eriam
1509 3902 1594 3941 Tibi,
1615 3905 1647 3934 ὃ(
1666 3912 1716 3934 tuo
1735 3903 1859 3942 Regno,
1875 3901 1989 3940 pensatis
2009 3895 2151 3938 diligenter
2173 3894 2309 3925 omnibus

1248 3942 1470 3973 Conriitioiiibus
1488 3943 1558 3980 tuis,
1576 3944 1610 3973 ὃς
1627 3942 1827 3982 Obligatorum
1842 3948 1976 3972 tuorum,
1994 3934 2184 3970 multipliciter
2196 3932 2309 3973 expedi-

1246 3992 1276 4013 re
1297 3981 1456 4018 credenteS,
1474 3980 1619 4010 Amicitoe
1644 3990 1698 4010 tuae
1721 3979 1929 4020 persuademus,
1951 3972 2058 4010 Teque
2081 3981 2147 4002 Cum
2165 3970 2309 4011 diligentia

1247 4019 1445 4058 exhortamur,
1464 4027 1494 4050 ut
1515 4018 1550 4051 ad
1569 4018 1641 4050 Hoc
1661 4026 1742 4049 tuum
1754 4017 1876 4055 praebeas
1890 4011 2054 4049 Aflensum,
2074 4010 2146 4050 Qio
2159 4011 2207 4042 Te
2218 4008 2313 4079 &fiIlpr-¹
