2562 4279
80 214 158 247 Ami.
175 210 217 242 D.

83 250 193 320 322182‘

85 309 203 357 An.'12:

85 371 117 395 E.
134 376 161 393 2.

85 406 141 433 Fin—
163 413 203 431 12·
245 406 297 436 ster
308 431 317 445 ‚
331 407 472 445 Johannes
483 408 519 437 de
535 407 674 441 Britannia
682 406 789 440 Comes
803 407 1026 439 Richemundiae
1034 430 1044 446 ‚
1061 406 1092 436 T
1100 415 1118 436 Ε
1127 413 1150 435 N
1159 413 1182 434 υ
1194 414 1212 435 i:
1223 413 1247 435 R
1256 412 1310 442 IT,

88 446 120 470 13-
138 451 164 470 2·
179 450 216 469 m-
244 444 278 474 ad
296 446 382 476 Feodi
400 446 540 483 formam,
558 444 765 484 Wapentachia
778 447 814 477 de
827 445 1074 489 Gillynghangl&
1090 442 1239 482 Halikeld,
1257 452 1309 481 pro

82 483 138 515 Qu.

88 1290 163 1323 Ann.
179 1289 222 1322 D.

109 1331 195 1372 1318.

88 1375 142 1398 An.
162 1380 203 1398 12.

89 1452 147 1477 I‘at.
161 1457 203 1476 η.

89 1490 119 1514 Ε.
147 1497 174 1527 2.
193 1494 219 1524 p.

93 1533 116 1553 π.
132 1535 168 1554 m.
180 1526 221 1554 18·

91 1899 166 1931 Anii.
180 1898 220 1928 D.

111 1938 195 1976 1318.

90 1982 142 2005 An.
161 1987 202 2005 12.

90 2020 119 2043 Ε.
136 2026 161 2043 2.

90 2058 165 2120 {xm}
173 2053 218 2120 ἰώ
240 2067 298 2098 stro
312 2077 442 2105 prompta
454 2067 509 2098 seni

89 2114 163 2160 1:1‘2.
192 2115 198 2121 ”

89 2179 126 2198 177.
155 2180 195 2198 10.

111 2208 129 2227 ⁴*
149 2210 203 2237 111.

126 2253 192 2285 737·

92 3024 172 3057 'Anti
186 3021 228 3054 D.

117 3063 202 3104 1318.

95 3107 149 3131 An.
164 3112 207 3130 ιι..

99 3181 167 3216 I'iisc.
190 3189 220 3206 12

98 3222 130 3245 Ε.
156 3227 180 3244 2.
195 3227 230 3245 m,

236 82 312 118 162

334 251 392 281 Pro
413 243 556 292 Johanne
580 244 616 277 de
639 246 798 277 Britannia
821 245 935 277 comite
961 240 1188 278 Richemuna'iae.

246 331 380 399 REXS
387 332 535 377 omnibus,
553 329 587 361 ad
602 339 690 376 quos,
708 329 768 374 &o
786 330 910 362 salutern.
988 369 994 374 .
1160 367 1165 372 .
1217 367 1221 372 .

383 378 458 399 clatls
473 368 570 407 quod,
589 378 678 406 cum,
694 368 813 400 dileetus
832 368 1063 406 consanguineus
1083 367 1115 399 &
1135 365 1236 397 F1dehs
1256 376 1310 396 no-

245 482 378 521 Triginta
392 485 425 515 &
441 484 494 514 Sex
504 484 595 515 Libris
624 485 707 515 nobis
713 486 855 515 annuatim
867 486 902 515 ad
915 484 1095 515 Scaccarium
1108 482 1238 513 nostrum
1246 481 1309 511 red-

238 520 478 592 ggncditsgnagsque
487 522 578 562 aliqua
590 506 691 562 (latta,
707 534 723 555 a
735 524 817 555 nobis
831 523 876 554 seu
892 523 1127 561 Progenitoribus
1146 520 1245 552 nostris
1264 519 1309 549 in-

313 610 362 637 os,
384 585 511 630 volentes
532 600 667 632 securitati
686 600 767 639 ipsius
789 599 915 631 Comitis
932 601 962 631 in
983 600 1037 631 hac
1055 606 1130 638 parte
1146 596 1308 637 providete,

237 636 436 669 Conceffimus
452 639 498 676 ei,
515 649 567 677 pro
583 638 681 670 Nobis
697 641 730 670 &
745 639 914 670 Haeredibus
935 639 1049 677 nostris,
1065 637 1144 676 quod
1165 636 1220 675 ipse
1234 636 1308 680 Wa-

238 678 385 716 pentachia
408 677 544 715 praedicta
561 677 594 707 H
603 687 620 707 A
630 687 649 708 B
658 687 676 708 i:
687 687 706 708 A
715 686 738 708 T
747 701 756 716 ,
781 679 814 708 &
831 679 862 709 T
871 687 889 709 ε
900 686 923 708 N
933 687 951 708 a
963 687 982 707 A
991 685 1014 707 τ
1023 700 1033 716 ,
1050 678 1085 707 ad
1108 683 1197 707 totam
1219 683 1306 706 vitam

237 716 332 754 suam,
346 715 383 746 de
399 716 495 746 Nobis
508 717 542 747 ὅ(
556 716 726 747 Haeredibus
741 716 857 755 nostrisz,
876 716 1038 747 Reddendo
1055 715 1120 745 inde
1143 714 1241 752 nobis,
1258 722 1307 751 per

237 764 361 793 annum,
378 754 414 785 ad
428 754 609 791 Scaccarium
626 754 770 794 nostrum,
787 755 922 793 Triginta
942 755 975 786 ὃ(
997 755 1051 786 Sex
1074 753 1171 784 Libras
1186 751 1307 790 supradi-

240 793 311 861 &alii
327 832 423 870 cujus,
440 832 502 863 &c.

312 870 402 901 Teste
414 870 497 908 Rege
508 871 581 909 apud
596 870 724 901 Eborum
733 894 743 910 ,
764 880 808 900 12.
822 871 868 901 die
881 870 1066 902 Novembris.

344 949 398 978 Per
413 946 495 987 ipsitm
509 950 621 985 Regem,
639 949 797 978 Nunciante
814 946 948 988 Magistro
962 947 1094 987 Johanne
1108 944 1280 984 ushlewayn.

258 1023 390 1093 ἀΕοάἓιῃ
409 1025 499 1055 modo
516 1024 680 1056 mandatum
699 1024 740 1056 est
757 1024 920 1056 Camerario
943 1024 1114 1057 Suthwalliae
1128 1047 1138 1062 ,
1161 1022 1197 1054 de
1218 1022 1307 1053 verbo

240 1072 257 1093 a
292 1073 341 1094 ver
365 1073 420 1093 um.

600 1211 659 1242 Pro
685 1208 783 1242 eodem
807 1210 930 1242 Comite.

241 1291 389 1364 REX,
406 1293 442 1324 de
458 1292 558 1324 Gratia
581 1293 627 1324 su&
647 1293 783 1332 Speciali,
799 1293 988 1332 Pardonavit,
1001 1292 1109 1324 dileeio
1132 1291 1311 1330 Confimgui-

324 1342 382 1363 neo
395 1333 428 1363 &
444 1332 532 1364 Fideli
546 1332 595 1362 suo
609 1357 619 1370 ,
640 1333 763 1372 Johanni
781 1332 817 1362 de
840 1332 979 1363 Britannia
1000 1331 1111 1362 Comiti
1131 1331 1311 1362 Richernun-

240 1369 314 1410 diae,
339 1371 480 1409 Arreragia
494 1394 504 1409 ,
529 1371 639 1402 Annua:
662 1371 782 1409 Firmae,
806 1371 939 1409 Triginta
960 1371 994 1402 ὃς
1016 1370 1070 1401 Sex
1092 1370 1259 1401 Librarum·
1280 1371 1310 1400 in

242 1410 342 1447 quibus
356 1409 434 1446 Regi
448 1409 590 1453 tenebatur
607 1419 658 1447 pro
677 1409 893 1453 Wapentachiis
907 1409 944 1440 de
966 1409 1157 1453 Gillinghang
1177 1409 1211 1440 &
1232 1393 1312 1453 hiali-

240 1447 321 1479 keld:
341 1448 373 1479 &
388 1447 477 1486 ipsum
493 1447 642 1478 Comitem
652 1471 662 1486 ,
678 1448 714 1478 de
730 1449 884 1485 Arreragiis
897 1448 1055 1487 praediffis,
1074 1446 1158 1486 usque
1173 1447 1207 1478 ad
1230 1447 1309 1479 diem

240 1486 430 1556 coffiefflpnis
439 1485 636 1555 gcraesentium,
654 1495 751 1518 tenore
766 1487 941 1526 praesentium
958 1486 1021 1518 Rex
1040 1488 1152 1526 quietat.

328 1535 422 1562 quuS,
473 1535 500 1555 c.

314 1563 404 1595 Teste
417 1563 503 1602 Rege
516 1563 590 1603 apud
606 1563 753 1605 Eborum,
775 1574 820 1595 11.
835 1563 882 1596 die
896 1564 1084 1596 Novembris.

1008 1644 1062 1671 Per
1073 1641 1155 1681 ipficm
1169 1643 1274 1680 Regem.

464 1793 512 1824 De
535 1803 591 1822 non
613 1789 788 1835 molestando
813 1791 962 1824 clericum
986 1794 1082 1840 Regis.

303 1875 444 1906 Enerabili
456 1877 484 1906 in
500 1874 616 1907 Christo
628 1875 719 1914 Patri,
737 1876 874 1907 Domino
893 1876 936 1908 G·
958 1876 1020 1908 Dci
1035 1877 1142 1917 gratizi,
1158 1878 1230 1909 tituli
1244 1878 1314 1909 San-

320 1915 360 1945 cti
376 1914 482 1944 Ciriaci
497 1916 526 1944 in
543 1914 660 1945 Termis
672 1914 826 1946 Presbitero
842 1914 1000 1953 Cardinali,
1022 1917 1118 1947 arnico
1139 1917 1186 1947 suo
1208 1917 1313 1948 kariffi-

244 1962 310 1990 mo,
327 1952 498 1990 Edwardus,
515 1954 575 1984 &c.
593 1953 722 1992 salutem,
741 1954 773 1984 &
787 1954 900 1984 sincerae
915 1954 1086 1985 Dilectionis
1097 1954 1242 1986 affectum.

278 1991 398 2027 Quanto
425 1991 585 2022 Laudabilia
607 1989 765 2030 Obsequia,
780 1991 934 2029 praedileffl
957 1991 1065 2023 Clerici
1083 1993 1189 2031 nostri,
1215 1994 1315 2032 Magi-

240 2028 286 2059 stri
304 2028 454 2059 Willielmi
468 2029 503 2059 de
516 2030 698 2068 Aremynne,
717 2030 831 2068 Nobis,
849 2030 882 2062 δε
898 2030 1077 2068 Reipublicae
1093 2033 1124 2062 in
1138 2032 1248 2070 Regno
1261 2043 1314 2063 no-

510 2068 584 2099 imus
600 2070 633 2100 &
648 2069 724 2099 utilia
740 2078 914 2108 reputamus,
933 2072 1012 2100 tanto
1028 2070 1108 2108 ipsius
1131 2069 1264 2102 Honores
1280 2072 1314 2103 &

242 2106 412 2137 Commoda
433 2106 585 2138 ferventii‘is
600 2109 772 2146 appetimus,
792 2109 810 2127 ²*
825 2108 874 2145 &,
892 2116 922 2139 ut
938 2107 1039 2139 nostris
1057 2108 1206 2149 Obsequiis
1227 2110 1315 2142 inces-

243 2144 331 2176 santer
345 2144 463 2183 assistat,
481 2145 606 2176 intimius
621 2145 792 2177 affectamus.

280 2183 357 2215 Cum
373 2185 481 2222 itaque,
500 2193 529 2215 ut
541 2184 671 2231 refertur,
689 2186 717 2215 in
733 2184 858 2225 quodam
873 2185 1025 2225 Negotio,

279 2221 371 2253 Moto
383 2223 413 2252 in
428 2222 515 2253 Curia
536 2223 672 2254 Romana
696 2232 792 2254 contra
805 2223 918 2254 dietum
936 2223 1085 2256 Clericum
1107 2225 1252 2264 nostrum,
1270 2226 1314 2256 su-

242 2269 293 2299 per
309 2260 485 2298 Praebenda,
503 2271 588 2299 quam
604 2261 688 2292 habet
709 2262 740 2291 in
762 2261 890 2292 Ecclesia
910 2262 1008 2294 Sancti
1028 2263 1104 2294 Pauli
1130 2264 1261 2295 London.
1280 2275 1314 2295 ex

242 2299 405 2330 Collatione
418 2298 510 2330 nostra
519 2322 529 2337 ,

279 2337 410 2376 Qidam
422 2339 544 2368 nitantur
556 2337 665 2368 dictum
679 2336 870 2369 Willielmum
884 2361 894 2376 ,
918 2349 978 2369 non
1001 2339 1057 2370 sine
1079 2340 1168 2371 nostri
1184 2341 1316 2380 praejudi-

245 2376 312 2414 cio,
331 2376 462 2406 indebitis
477 2376 617 2407 laboribus
629 2376 762 2414 fatigare,

279 2413 478 2445 Paternitatem
496 2414 619 2444 vestram
634 2414 815 2444 reverendam
838 2412 994 2446 affectuosis
1017 2418 1146 2454 precibus
1170 2417 1315 2456 Depreca-

245 2462 327 2490 mur,
343 2454 469 2491 quatinus
490 2461 678 2483 memoratum
694 2451 841 2483 Clericum
864 2454 992 2484 nostrum
1014 2456 1044 2485 in
1058 2455 1139 2486 dicto
1161 2456 1314 2497 Negotio,

242 2491 277 2522 &
292 2491 365 2529 aliis,
385 2492 414 2521 in
425 2491 501 2521 dicta
516 2490 607 2522 Curia
620 2492 866 2531 contingentibus,
883 2493 1006 2523 eundem
1022 2494 1122 2525 habere
1137 2495 1244 2534 velitis,
1262 2507 1314 2527 no-

243 2529 304 2559 stris
316 2531 463 2568 precibus,
477 2529 628 2568 specialiter
639 2529 890 2569 commendatum,
909 2532 942 2562 &
958 2540 1017 2562 tam
1036 2542 1087 2570 pro
1103 2533 1313 2566 conservatione

239 2567 330 2606 Juris,
345 2568 421 2609 super
434 2568 595 2599 Collatione
609 2567 771 2599 Praebendae
784 2569 945 2608 praediecae,
964 2580 1050 2608 quam
1064 2582 1116 2609 pro
1132 2571 1316 2605 Immunitate

244 2606 375 2645 praediffl
390 2606 497 2637 Clerici
513 2606 615 2645 nostri,
631 2607 699 2638 sicut
720 2606 756 2637 de
778 2608 859 2638 vobis
879 2608 1030 2646 specialiter
1051 2609 1234 2649 confidimus,
1254 2622 1314 2642 ma-

244 2655 296 2675 nus
308 2646 452 2676 extendere
467 2645 631 2684 adjutrices3
647 2655 699 2684 pro
721 2655 779 2684 quo
795 2647 877 2677 vobis
897 2649 985 2678 teneri
1000 2647 1138 2679 Volumus
1155 2649 1189 2679 ad
1210 2650 1314 2688 specia-

246 2683 315 2714 lium
332 2694 446 2715 munera
463 2684 638 2715 Gratiarum.

284 2722 352 2753 Dat.
370 2723 442 2760 apud
459 2722 605 2761 Eborum,
626 2730 670 2762 ις.
687 2723 733 2753 die
752 2721 940 2753 Novembris.

249 2865 424 2899 Declaratio
449 2867 558 2912 Regis,
583 2865 675 2912 fitper
698 2867 817 2912 ‘Ti‘euga
844 2869 921 2899 inter
945 2868 1133 2914 Baionensc's,
1165 2871 1202 2907 &-
1234 2870 1316 2902 Nor-

635 2924 776 2956 mannos,
802 2913 927 2948 inditia.

252 2998 377 3055 REX
396 2998 543 3030 Univerfis
558 2999 592 3030 δε
608 2998 734 3037 singulis,
750 2998 784 3029 ad
802 3009 890 3038 quos,
907 3000 969 3031 ὅτε.
983 2999 1105 3032 fiilutem.

349 3037 476 3069 Noverit
490 3037 659 3069 Universitas
672 3037 762 3067 vestra
795 3038 853 3068 uod
862 3061 872 3076 ,

287 3075 366 3106 Ctim
379 3086 484 3114 nuper,
501 3076 580 3113 super
594 3075 755 3114 quibusdam
804 3076 995 3106 issensionibus
1009 3078 1043 3108 &
1059 3077 1215 3110 Discordiis
1223 3079 1318 3111 Guer-

252 3115 334 3153 rinis,
351 3116 421 3145 inter
436 3137 446 3154 ,
469 3115 586 3145 dilestos
606 3116 639 3145 ὅ(
661 3113 753 3144 fideles
773 3114 897 3152 nostrOS,
915 3114 1001 3145 Cives
1021 3117 1054 3147 &
1073 3115 1318 3149 Communitatem

254 3152 383 3183 Civitatis
397 3153 499 3184 nostrae
514 3152 627 3183 Baionae
640 3161 674 3183 ex
686 3161 764 3191 parte
775 3153 832 3183 una
840 3176 850 3191 ,
869 3153 902 3183 &
923 3152 1066 3185 Homines
1080 3155 1116 3185 de
1137 3156 1319 3187 Normannifi

254 3200 291 3222 ex
307 3191 389 3221 alteri
404 3191 533 3222 suscitatis
546 3192 579 3222 &
595 3192 709 3229 exortis,
726 3191 876 3229 Treugam
891 3191 1090 3232 indixerimus,
1114 3194 1149 3224 ad
1169 3194 1319 3234 Qinqua-

252 3230 331 3270 ginta
345 3239 430 3260 annos
444 3230 599 3260 duraturam
608 3252 618 3268 ,

289 3266 347 3298 Cui
363 3267 477 3306 quidem
490 3268 641 3298 indiffioni
654 3268 834 3305 Treugarum
855 3275 942 3305 partes
956 3268 1102 3306 praedic'tae
1121 3270 1322 3308 adquieverunt

253 3306 288 3338 &
305 3306 518 3345 consenserunt,
535 3307 749 3345 interveniente,
768 3316 798 3338 ut
818 3307 1016 3344 intelleximus,
1040 3306 1193 3344 Magnifici
1209 3309 1320 3340 Princi-

256 3346 298 3383 pis
334 3344 458 3375 Domini
474 3343 616 3383 Philippi,
636 3344 727 3382 Regis
741 3345 869 3376 Franciae
884 3345 917 3375 &
929 3344 1069 3376 Navarrae
1083 3346 1205 3385 illustris,
1224 3348 1321 3379 Fratris

253 3367 345 3452 Posi-iri
376 3382 522 3421 cariffirni,
546 3393 597 3421 pro
622 3384 764 3422 praedietis
794 3383 973 3414 Normannis
985 3406 995 3422 ,
1025 3383 1166 3416 voluntate
1192 3386 1225 3416 &
1249 3397 1322 3417 con-

265 3431 298 3452 en
310 3432 327 3452 u
1038 3449 1046 3456 ,

292 3445 378 3498 Nc'2s‚
395 3462 433 3490 ne
454 3460 528 3490 forte
548 3459 686 3497 pendente
707 3459 826 3497 Treugfi
849 3458 1002 3498 praedicta,
1026 3459 1046 3489 fi
1063 3459 1141 3497 super
1163 3460 1322 3500 Dampnis,

278 3507 379 3527 uorum
393 3499 540 3529 occasione
554 3498 608 3536 ipsa
621 3499 735 3537 Treuga
756 3498 793 3529 fic
815 3498 918 3528 indicia
932 3498 965 3529 &
981 3497 1145 3529 confirmata
1158 3499 1228 3538 fuit,
1246 3511 1322 3539 quie-

260 3536 316 3566 1io
335 3546 509 3576 moveretur,
528 3537 718 3569 Dissensiones
738 3537 771 3567 ὃς
786 3536 942 3567 Discordiae
962 3535 1115 3567 Graviores
1135 3537 1323 3570 suscitarentur

262 3574 333 3604 inter
368 3584 436 3605 artes
450 3575 613 3615 praedidias,

299 3611 347 3642 Vo
358 3622 432 3643 entes
452 3613 591 3651 Dampnis
611 3615 644 3647 ὃ(
663 3613 793 3645 Periculis
814 3612 989 3652 hujusmodi,
1007 3620 1137 3651 quatenus
1156 3615 1324 3655 poterimus,

264 3650 396 3689 obviare,
412 3651 445 3683 &
462 3660 568 3682 mutuae
583 3654 648 3690 paci
662 3654 695 3683 ὃς
710 3652 885 3696 tranquilitati
907 3652 1051 3684 dictorum
1067 3651 1249 3684 Subditorum
1272 3664 1324 3684 no-

265 3686 402 3727 strorum,
420 3690 452 3720 ὃς
466 3690 578 3720 illorum
589 3691 624 3721 de
638 3691 842 3730 Normannifi,
857 3690 892 3721 ad
910 3700 1065 3721 commune
1084 3692 1275 3723 commodum
1291 3703 1324 3723 u-

265 3732 443 3765 trorumque,
461 3728 623 3767 providere,

305 3761 495 3795 Intentionem
509 3766 649 3806 nostram,
662 3768 742 3806 super
763 3768 920 3799 indidiione
933 3767 1109 3808 Treugarum
1130 3769 1328 3807 praedietarum

268 3801 410 3841 habitam,
427 3811 521 3834 tenore
537 3805 710 3842 praesentium
724 3807 911 3845 declaramus,
926 3806 1070 3846 videlicet,

310 3839 421 3883 Qod,
437 3841 550 3886 durante
564 3844 681 3881 Treuga
694 3845 845 3884 praediCta,
864 3845 942 3884 super
963 3845 1118 3885 Dampnis,
1135 3857 1256 3884 quorum
1276 3857 1329 3878 oc-

272 3878 382 3909 casione
393 3879 506 3915 Treuga
521 3882 575 3917 ipsa
589 3882 625 3912 sic
639 3883 742 3914 indieia
757 3884 828 3922 fuit,
851 3884 919 3914 hinc
938 3884 983 3915 vel
1003 3886 1069 3915 inde
1090 3885 1186 3924 illatis,
1210 3885 1328 3925 quaestio

271 3916 424 3947 nullatenus
439 3925 610 3958 moveretur,
627 3930 680 3952 nec
692 3922 788 3961 aliquis
800 3932 832 3954 ea
846 3923 995 3954 occasione
1009 3924 1121 3955 interim
1134 3925 1328 3962 inquietaretur

268 3956 315 3989 seu
329 3961 499 3993 gravaretur:

647 34 1480 119 ἱ,(ΣΟΝΣΤΕΝΤΙΟΧΝΙΞΞ,
1536 58 1914 108 LITERAE,

1344 174 1348 180 .
1384 146 1420 180 Et
1434 148 1496 179 haec
1510 148 1662 185 omnibus,
1679 155 1801 186 quorum
1822 145 1934 177 interest
1948 167 1958 184 ,
1982 142 2027 177 vel
2052 144 2179 177 interesse
2201 147 2319 187 poterit,
2336 145 2417 179 volu·
2430 143 2558 187 Anii-D,

1349 197 1412 218 mus
1424 187 1478 217 esse
1492 195 1567 217 nota.
2460 185 2542 225 1318.

1386 225 1420 256 In
1438 226 1515 264 cujus
1528 248 1537 263 ,
1551 225 1613 256 &c.
2434 224 2498 251 Edv.
2516 234 2541 253 a.

1423 263 1492 295 Dat.
1509 264 1584 302 apud
1598 263 1745 303 Eborum,
1762 271 1812 294 20.
1825 261 1873 293 die
1887 261 2073 292 Novembris.

1894 341 1947 369 Per
1960 338 2043 378 ipsicm
2055 340 2151 376 Regem
2168 336 2206 373 (ἐν
2227 338 2378 369 Concilium.

1551 471 1600 504 De
1621 470 1839 511 immunitate,
1859 478 1913 514 pro
1937 465 2062 499 Civibus
2086 468 2208 499 Baionae.

1350 553 1475 610 REX
1498 554 1657 586 Senescaiiis
1699 554 1876 593 Carreum,
1896 551 2091 588 Officialibus,
2115 551 2244 592 Baiiivis,
2262 552 2297 584 ὅ(
2316 553 2414 584 omni-
2432 519 2558 601 Ἓξ·

1426 594 1477 638 bus
1499 594 1558 625 aliis
1574 578 1734 632 Minisiris,
1759 594 1792 625 &
1816 592 1955 624 Fidelibus
1978 591 2048 630 suis,
2067 591 2098 620 in
2117 589 2232 623 Ducatu
2254 590 2414 630 Aquitaniae
2428 603 2480 628 Aa.
2502 609 2543 631 η.

1347 628 1532 671 Constitutis,
1548 632 1584 663 ad
1599 642 1672 671 quos
1686 633 1745 664 &c.
1764 631 1888 663 salutem.
1990 669 1995 675 ¹
2217 670 2222 675 Ι
2238 668 2243 675 ⁴
2432 641 2464 666 Ε.
2481 649 2506 668 2.

1385 670 1585 711 Supplicarunt
1599 672 1681 701 nobis
1696 671 1782 702 Cives
1798 670 1885 701 nostri
1897 670 1933 701 de
1948 668 2073 707 Baiona,
2090 675 2138 706 per
2161 666 2350 708 Petitionem,
2365 679 2417 701 co·
2436 678 2501 714 Vasc,
2518 684 2558 709 12:

1348 717 1407 739 ram
1423 710 1506 740 nobis
1519 711 1552 741 &
1567 709 1704 741 Concilio
1716 709 1812 740 nostro
1825 708 1980 740 exhibitam
2016 715 2045 738 ut
2061 707 2100 738 eis
2115 707 2272 738 concedere
2285 708 2415 746 dignare·
2439 719 2466 743 ε.
2477 725 2502 744 2.
2520 727 2556 747 m.

1346 755 1410 778 mur
1431 748 1510 787 quod
1529 748 1597 787 ipsi,
1617 756 1685 779 curn
1704 747 1787 778 Bonis
1801 749 1834 779 &
1852 731 2037 791 Mercancsifis
2055 745 2106 777 suis
2118 768 2129 790 ,
2156 745 2285 777 incedere
2299 747 2420 786 poffint,
2438 762 2465 790 5.
2479 755 2507 784 a,

1345 794 1394 825 per
1414 794 1508 817 torum
1529 786 1677 818 Ducatum
1698 786 1886 825 praedictum,
1903 783 2004 824 absque
2023 784 2231 823 impedimento
2249 784 2295 816 seu
2309 785 2420 818 Aresta-

1346 824 1423 854 tione
1439 825 1585 856 Bonorum
1599 826 1632 856 ὃς
1648 824 1894 856 Mercandisarum
1907 823 2089 855 eorumdem:
2449 849 2451 851 .

1383 861 1468 902 Nos,
1486 863 1557 901 ipsos
1571 862 1675 902 Cives,
1692 869 1828 902 praeteittu
1843 864 1916 901 grati
1932 863 1966 893 &
1980 861 2123 893 laudabilis
2135 861 2262 900 Servitii,
2277 861 2413 894 Nobis&
2435 874 2437 876 ·
2466 891 2469 894 ⁴

1347 898 1696 972 Prosgenitorilziigsnostris
1708 912 1759 941 per
1778 901 1850 941 ipsos
1868 901 2004 933 hactenus
2021 900 2156 940 irnpenfi,
2174 901 2298 932 volentes
2318 900 2417 934 favore

1346 948 1397 977 pro
1409 950 1474 978 equi
1511 951 1539 971 ra
1592 950 1629 971 ο·

1384 978 1475 1009 Vobis
1489 951 1663 1010 gmandanius
1677 978 1756 1018 quod
1768 978 1842 1017 ipsos
1863 977 1965 1016 Cives,
1982 987 2052 1008 curn
2074 987 2124 1015 per
2144 977 2294 1010 Ducatum
2314 978 2419 1018 praedi-

1349 1016 1448 1056 (stum,
1467 1027 1536 1049 cum
1549 1017 1633 1049 Bonis
1648 1018 1681 1049 &
1701 1016 1885 1048 Mercandisis
1904 1016 1956 1046 suis
1976 1015 2135 1054 hujusmodi
2146 1039 2157 1055 ,
2181 1018 2323 1048 transitum
2344 1018 2421 1049 fece-

1348 1056 1422 1094 rint,
1440 1066 1508 1087 cum
1522 1057 1606 1087 omni
1620 1056 1707 1094 gratia
1723 1056 1757 1088 &
1771 1055 1885 1094 favore,
1923 1062 2034 1085 uatenus
2046 1053 2103 1084 sine
2112 1054 2178 1091 juris
2192 1055 2297 1087 offensa
2312 1058 2418 1094 poteri—

1350 1094 1400 1133 tis,
1432 1095 1452 1139 ἓ
1476 1095 1662 1135 pertractetis,
1687 1095 1698 1125 i
1727 1104 1759 1125 os
1786 1103 1886 1139 contra
1902 1133 1908 1138 ·
1927 1103 1991 1124 oros
2007 1093 2041 1124 &
2060 1090 2282 1125 Consuetudinee
2303 1097 2422 1133 partium
2458 1091 2478 1113 ²*
2492 1094 2550 1123 111.-

1354 1133 1555 1172 praedidtarum
1572 1144 1633 1164 non
1642 1144 1693 1164 mo
1703 1132 1819 1165 estantes
1833 1143 1864 1164 in
1875 1132 1968 1173 aliquo
1980 1131 2027 1162 seu
2041 1139 2195 1169 gravantes.
2466 1132 2531 1168 738.

1385 1171 1454 1202 Dat.
1473 1172 1545 1211 apud
1564 1172 1712 1211 Eborum,
1729 1181 1777 1203 20.
1795 1171 1841 1203 die
1860 1171 2048 1203 Novembris.

1833 1250 1887 1279 Per
1898 1247 1980 1288 ipfiaem
1995 1250 2092 1287 Regem
2105 1246 2144 1285 ό,
2158 1246 2309 1278 Concilium.

2259 1327 2320 1340 -ὲ

1350 1394 1400 1426 De
1421 1391 1639 1426 Pardonatione
1661 1391 1830 1426 Undecimae
1862 1395 1899 1430 ὠ·
1924 1393 2055 1424 Decimae
2073 1418 2084 1435 ,
2112 1401 2167 1438 pro
2191 1391 2252 1424 illis
2272 1416 2282 1434 ,
2315 1394 2369 1436 qni
2391 1393 2422 1422 in

1641 1443 1761 1474 Guerra
1784 1441 1928 1486 Vasconiae
1949 1443 2126 1474 extiterunt.

1417 1526 1482 1558 EX
1499 1527 1688 1558 Thesaurario
1702 1527 1736 1558 δε
1753 1526 1905 1558 Baronibus
1919 1525 1971 1556 suis
1986 1525 2021 1556 de
2036 1525 2187 1557 Scaccario
2221 1524 2344 1556 salutem.
2441 1524 2515 1557 Arm.
2527 1526 2562 1560 D.

1467 1566 1567 1597 Sciatis
1582 1566 1676 1605 quod,
1693 1565 1730 1596 de
1743 1564 1846 1596 Gratia
1862 1565 1970 1596 Nostra
1981 1564 2119 1604 Speciali,
2135 1548 2421 1595 PardonavimusCo-
2464 1565 2545 1605 1318.

1351 1605 1483 1643 mitibus,
1502 1605 1678 1643 Baronibus,
1693 1605 1726 1635 &
1742 1605 1874 1635 omnibus
1887 1603 1963 1643 aliis,
2443 1607 2495 1632 An.
2518 1613 2557 1636 12.

1387 1643 1488 1682 Nuper
1501 1645 1530 1673 in
1545 1642 1655 1674 Guerra
1669 1643 1793 1673 Domini
1807 1642 1937 1673 Edwardi
1946 1665 1956 1681 ,
1973 1641 2118 1683 quondam
2125 1641 2215 1681 Regis
2223 1639 2356 1679 Angliae,
2370 1639 2423 1670 Pa·
2443 1646 2474 1670 Ε.
2495 1652 2522 1671 2.

1350 1682 1398 1712 tris
1414 1682 1518 1720 nostri,
1536 1683 1607 1712 inter
1621 1681 1711 1720 ipsum
1726 1680 1841 1712 Patrem
1854 1680 1982 1712 nostrum
1997 1682 2030 1712 ὃς
2046 1680 2161 1720 Regem
2177 1680 2304 1712 Franciae
2319 1677 2420 1710 inDu-
2442 1680 2526 1719 claus.

1351 1728 1415 1751 catu
1428 1720 1578 1751 Vasconiae
1593 1729 1661 1752 tunc
1677 1720 1772 1758 mota,
1789 1718 1980 1758 existentibus,
2447 1723 2525 1748 ¹2.E.
2542 1729 2562 1750 ι.

1389 1759 1587 1790 Undecimam
1602 1759 1635 1790 &
1649 1758 1802 1789 Decimam
1822 1758 1927 1797 (eidem
1941 1757 2016 1789 Patri
2033 1756 2132 1788 nostro
2152 1767 2201 1795 per
2216 1756 2424 1788 Communita-
2442 1767 2479 1787 m.
2493 1767 2536 1795 ²3·

1351 1804 1411 1827 tem
1429 1797 1527 1835 Regni
1547 1797 1586 1828 sui
1601 1805 1670 1828 tunc
1694 1795 1846 1834 conceffas)
1866 1796 1953 1836 ipsos,
1971 1797 2008 1828 sic
2031 1798 2060 1827 in
2083 1796 2196 1828 Guerra
2214 1796 2260 1827 sua
2284 1795 2421 1834 praedidtass⁴

1353 1835 1514 1875 existentes,
1531 1835 1567 1866 de
1581 1836 1700 1874 propriis
1716 1835 1800 1866 Bonis
1813 1835 1865 1866 suis
1880 1837 2085 1873 contingentes.

1389 1873 1428 1904 Et
1441 1874 1505 1905 ideo
1520 1875 1602 1905 vobis
1618 1874 1799 1912 mandamus,
1819 1874 1898 1912 quod
1910 1883 2011 1905 omnes
2025 1874 2101 1913 illos,
2120 1883 2189 1913 quos
2210 1874 2240 1903 in
2256 1872 2420 1911 obsequium

1353 1913 1477 1951 ejusdem
1490 1912 1580 1944 Patris
1593 1912 1682 1943 nostri
1718 1914 1746 1943 in
1758 1911 1867 1943 Guerra
1882 1913 2038 1950 supradista
2049 1935 2058 1951 ,
2075 1913 2158 1943 vobis
2171 1911 2299 1943 constare
2320 1912 2422 1948 poterit

1353 1951 1489 1990 extitisse,
1508 1951 1544 1982 de
1556 1951 1655 1990 dietis,
1672 1936 1839 1982 findecima
1851 1951 1884 1981 &
1898 1950 2044 1989 Decima,
2061 1951 2132 1988 ipsos
2149 1950 2185 1994 de
2205 1949 2323 1992 propriis
2338 1949 2422 1978 Bonis

1353 1989 1408 2058 {uis
1419 1991 1668 2034 contingentibus,
1684 1990 1721 2021 ad
1734 1989 1845 2020 dietum
1854 1989 2032 2025 Scaccarium
2044 1998 2188 2019 exonerari
2203 1989 2235 2019 ὃς
2245 1995 2353 2026 quietos
2366 1986 2423 2017 effe

1368 2037 1468 2058 aciatis,

1391 2065 1481 2098 Teste
1496 2066 1578 2105 Rege
1594 2066 1666 2106 apud
1678 2065 1824 2105 Eborum,
1845 2076 1892 2097 20.
1910 2066 1957 2097 die
1974 2065 2165 2098 Novembris.

2073 2144 2127 2172 Per
2144 2140 2226 2182 ipsum
2243 2142 2348 2179 Regem.

1355 2280 1413 2310 Pro
1434 2277 1593 2311 Wllielmo
1615 2275 1652 2309 de
1673 2278 1783 2310 Monte
1804 2278 1905 2367 {seluto
1924 2303 1934 2318 ,
1968 2275 2130 2320 Senefinllo
2152 2277 2327 2321 Aquitaniae
2356 2285 2424 2307 ccm-

1859 2336 1945 2358 ituro.

2448 2408 2523 2440 Ann.
2534 2407 2562 2440 D

2470 2448 2552 2489 1318.

2446 2492 2497 2515 An.
2516 2497 2556 2517 ιι,

2447 2529 2467 2552 Ε
2497 2535 2522 2553 2.

1355 2409 1446 2480 RE
1456 2409 1486 2440 X
1504 2410 1652 2442 Univerfis
1667 2411 1701 2442 &
1717 2411 1827 2449 singulis
1840 2409 1978 2449 Praelatis,
1996 2406 2425 2451 Comitibus,Vice·comitibuS,

1439 2448 1608 2488 Baronibus‚
1627 2449 1769 2480 Militibus
1784 2451 1817 2481 ὃ(
1834 2449 1935 2479 Libere
1949 2449 2140 2479 Tenentibus:
2162 2445 2332 2485 Senescallm,
2352 2446 2421 2478 Ma—

1351 2487 1475 2526 joribus,
1489 2487 1605 2526 Juratis,
1625 2487 1790 2519 Consulibus
1802 2511 1812 2527 ,
1838 2486 2090 2525 Univerfitatibus,
2115 2484 2254 2529 Collegiis
2276 2485 2309 2515 ὃς
2329 2483 2423 2529 Corn-

1356 2527 1549 2557 munitatibus:
1571 2526 1807 2564 Constabulariis,
1825 2524 2002 2562 Castellanis,
2020 2524 2193 2562 Praepofitis,
2217 2522 2425 2562 Receptoribus
2470 2547 2475 2553 .

1354 2564 1513 2595 reddituum
1526 2565 1559 2595 &
1575 2565 1697 2595 Ballivis:
1717 2565 1750 2596 ὃ(
1762 2564 1900 2594 Fidelibus
1914 2564 1964 2594 suis
1978 2562 2105 2594 Ducatfis
2118 2561 2282 2599 Vasconiae,
2301 2572 2335 2593 ac
2350 2563 2424 2603 aliis,
2445 2565 2511 2601 Vasc.
2531 2572 2562 2592 η,

1353 2602 1389 2634 ad
1404 2612 1474 2640 quos
1488 2602 1633 2641 praesentes
1649 2603 1763 2634 Litterae
1775 2603 1968 2640 pervenerint,
1985 2602 2108 2633 salutem.
2447 2607 2479 2629 Ε.
2494 2612 2519 2634 2.
2535 2611 2562 2630 m.

1391 2641 1488 2671 Sciatis
1503 2641 1582 2679 quod
1597 2640 1821 2679 Commifimus,
1840 2640 1946 2670 dileeto
1963 2640 1997 2670 &
2012 2639 2087 2670 fideli
2099 2637 2374 2677 nostr0,Willielmo
2387 2640 2423 2671 de
2445 2650 2474 2676 ς.

1354 2679 1557 2711 Monte-acuto
1583 2679 1672 2710 Militi
1695 2679 1838 2710 Officium
1863 2679 1896 2710 &
1922 2679 2066 2722 Regimen
2090 2676 2270 2721 Senescalcjae
2294 2679 2424 2715 praedieci

1354 2717 1501 2755 Ducatfis,
1517 2727 1586 2749 cum
1599 2718 1731 2748 omnibus
1745 2718 1780 2748 ad
1795 2718 1908 2748 distum
1922 2717 2068 2748 Officium
2085 2716 2304 2755 pertinentibus,
2322 2726 2423 2754 quarn-

1356 2756 1404 2786 diu
1424 2757 1505 2786 nobis
1518 2757 1659 2794 placuerit.

1390 2794 1427 2825 Et
1440 2794 1504 2825 ideo
1518 2796 1599 2825 vobis
1614 2794 1781 2825 mandamus
1794 2794 1873 2833 quod
1894 2794 1988 2825 eidem
2002 2793 2181 2831 Willielmo,
2206 2792 2339 2830 quamdiu
2358 2805 2426 2826 eum

1355 2835 1527 2864 tenuerimus
1543 2834 1572 2863 in
1587 2833 1667 2864 dieto
1684 2833 1813 2872 Officio,
1834 2834 1863 2863 in
1875 2834 2026 2871 omnibus,
2048 2840 2181 2870 tanquam
2199 2830 2355 2864 Senescallo
2373 2843 2426 2863 no-

1357 2872 1432 2940 strtla,
1450 2873 1564 2915 pareatis
1556 2895 1589 2941 ἐξ
1600 2871 1802 2911 respondeatis,
1819 2872 1852 2903 δί
1865 2871 1979 2902 fideliter
1993 2871 2148 2904 intendatis.

1410 2921 1428 2940 n
1446 2920 1481 2940 cu
1492 2920 1522 2941 us
1590 2920 1617 2940 c.

1396 2948 1462 2980 Dat.
1479 2920 1552 2987 ipu’d
1572 2948 1718 2987 Eborum,
1739 2957 1787 2979 20.
1803 2948 1850 2979 die
1868 2948 2056 2980 Novembris.

1888 3027 1939 3055 Per
1956 3023 2037 3064 ipfirm
2054 3026 2150 3062 Regem
2171 3022 2209 3060 όν
2227 3022 2383 3055 Concilium.

1587 3161 1636 3192 De
1659 3156 1850 3201 Potestatibus
1870 3155 2003 3203 ejusdem
2024 3157 2192 3204 Semfialli.

1359 3242 1477 3301 REX
1496 3244 1628 3273 omnibus
1659 3242 1694 3272 ad
1713 3252 1781 3280 quos
1799 3242 1859 3273 &c.
1877 3242 2000 3273 salutem.
2447 3257 2509 3288 Am
2530 3254 2558 3286 D

1452 3282 1550 3325 Sciatis
1565 3266 1644 3319 quod
1658 3280 1785 3325 Damus,
1803 3291 1854 3318 per
1867 3281 1915 3311 has
1929 3281 2032 3325 nostras
2049 3280 2164 3312 Litteras
2179 3280 2346 3322 specialiter,
2364 3281 2420 3312 Ρο-
2468 3277 2562 3335 1313..

1359 3319 1499 3358 testatem,
1514 3319 1619 3350 dilecto
1631 3320 1663 3350 ὃς
1675 3319 1749 3349 fideli
1763 3319 1876 3357 nostro,
1890 3319 2053 3349 Willielrno
2067 3319 2103 3350 de
2126 3319 2327 3351 Monte-acuto
2341 3319 2424 3350 Mili-
2443 3339 2485 3362 An
2513 3342 2540 3362 ι,

1360 3361 1396 3396 ti,
1416 3358 1569 3388 Senescallo
1592 3357 1687 3388 nostro
1709 3357 1838 3388 Ducatsis
1860 3357 2026 3396 vasconiae,
2045 3357 2210 3389 Senescallos
2224 3382 2234 3397 ,
2259 3358 2304 3388 seu
2326 3357 2423 3389 locum
2443 3357 2518 3401 121}
2543 3352 2551 3360 ’

1359 3397 1516 3435 Tenentes,
1530 3396 1659 3435 Judices,
1676 3396 1862 3434 Castellanos,
1880 3397 2058 3433 Advocatos,
2076 3395 2270 3433 Promotdres,
2287 3395 2422 3428 Procura-
2443 3411 2508 3448 Vasa
2519 3402 2562 3437 A.

1359 3440 1450 3473 tores,
1467 3434 1650 3474 Defensores,
1673 3434 1849 3466 Coniiiiarios
1863 3457 1873 3473 ,
1897 3436 1930 3466 ὃς
1950 3435 2019 3466 alios
2042 3435 2209 3473 Servitores,
2225 3434 2325 3472 quibus
2347 3435 2421 3465 indi-
2440 3453 2471 3478 E.
2487 3458 2513 3477 ,Ν
2526 3452 2562 3476 m

1361 3475 1466 3513 guerit,
1482 3474 1527 3504 vel
1541 3484 1593 3511 pro
1609 3474 1691 3504 nobis
1704 3474 1799 3504 haberi
1814 3473 1964 3504 crediderit
1978 3473 2106 3511 expedire

1397 3513 1477 3542 Tam
1494 3513 1523 3542 in
1542 3512 1631 3542 Curia
1647 3512 1790 3555 Franciae‚
1812 3514 1845 3544 &
1863 3522 1961 3544 coram
1982 3511 2082 3542 Senesc
2120 3513 2154 3548 's‚
2176 3511 2209 3541 &
2229 3510 2287 3554 aliis
2307 3509 2425 3549 Inquifi-
2442 3497 2469 3524 5'

1361 3551 1482 3619 toribus,
1499 3561 1532 3582 ac
1558 3550 1782 3589 CommiffariiS,
1807 3561 1858 3589 per
1882 3550 1968 3589 ipsam
1990 3549 2108 3581 Curiam
2132 3549 2312 3586 deputandis,
2336 3560 2424 3589 quam

1361 3600 1396 3620 ai
1419 3600 1426 3619 1

1396 3612 1447 3658 Ad'
1456 3626 1566 3658 dictum
1580 3626 1726 3658 Ducamm
1739 3627 1867 3658 nostrum
1879 3626 2104 3658 custodiendum
2119 3625 2152 3656 &
2166 3624 2360 3664 Regendum‚

1368 3698 1371 3699 ⁷
1396 3665 1566 3704 Retinendi,
1583 3664 1729 3703 Ponendi,
1753 3665 1808 3697 five
1827 3665 2031 3704 Substituendi,
2055 3663 2112 3694 Eos
2133 3672 2166 3693 ac
2189 3663 2256 3693 alios
2273 3664 2424 3701 quoscum-

1364 3713 1435 3773 guig
1450 3706 1526 3773 lpriris
1541 3714 1575 3772 ιΙῐζι
1583 3704 1665 3749 dietis
1679 3703 1950 3774 Officgisglnstgffios
1969 3700 2428 3771 (etiamdfiigirzdzgigsSfiiriescalli,

1364 3754 1460 3811 toiuren
1469 3751 1717 3819 iigi’trofuctiilztoseiis
1722 3749 2096 3823 nostrasnhabeacrliinrliegraseuis
2115 3772 2229 3807 Officiis
2251 3749 2424 3822 supraffigiiss)

1365 3819 1532 3850 destituendi
1546 3820 1578 3851 &
1593 3820 1734 3850 mutandi:
1751 3820 1908 3858 eisdemque
1922 3817 2036 3860 Salaria,
2055 3815 2164 3859 Feuda,
2180 3815 2225 3846 seu
2240 3816 2330 3860 Vadia*
2342 3827 2427 3848 com-

1366 3860 1505 3898 petentia,
1520 3859 1554 3890 &
1576 3868 1663 3889 certas
1674 3858 1811 3897 Expensas
1831 3859 1864 3889 &
1881 3857 1943 3887 alias
1963 3853 2150 3885 Rationabiles
2168 3854 2350 3894 Affignandi,
2369 3856 2429 3887 Au-

1367 3896 1469 3935 gendi,
1487 3898 1520 3928 &
1543 3896 1711 3927 Muniencli:
1735 3898 1768 3928 &
1787 3896 1954 3938 Restauruin
1978 3892 2143 3937 Equorum,
2170 3902 2238 3930 quos
2263 3894 2391 3931 praediciti
2409 3894 2428 3914 ³*
2459 3893 2541 3923 *111-

1365 3936 1508 3966 servitores
1520 3936 1548 3965 iri
1562 3935 1673 3967 servitio
1686 3935 1783 3966 nostro
1797 3933 1979 3973 perdiderint,
1992 3939 2069 3968 Juxta
2081 3932 2205 3968 ipsorum
2230 3941 2367 3972 equorum
2381 3943 2430 3964 va-
2478 3939 2540 3972 739-

1366 3973 1456 4005 lorem
1474 3973 1524 4006 seu
1535 3975 1694 4014 praecium,
1709 3972 1906 4006 rationabiliter
1920 3969 2055 4002 faciendi:
2075 3969 2129 4007 &,
2146 3969 2259 4008 qualiter
2272 3971 2342 4002 ind‘e
2354 3970 2429 4040 siffis-

2422 4029 2435 4048 ³
