2562 4279
78 153 154 186 Anii.
169 151 215 185 D.

80 200 188 261 fii-¹⁷2·

101 1760 117 1776 ⁹
136 1760 191 1786 iii.

101 1800 165 1834 630⁴

84 1835 162 1866 Anii.
177 1834 217 1864 D.

103 1883 190 1913 1317.

82 1917 137 1941 An.
159 1923 202 1941 ιο.

82 1956 112 1981 E.
133 1961 157 1979 2.

83 1990 172 2026 Claus-

88 2037 131 2055 io.
147 2032 176 2054 E.
189 2036 215 2054 2.

83 2075 123 2094 m.
139 2065 214 2093 10.d.

103 3211 180 3243 Anii.
194 3208 235 3239 D.

126 3256 212 3289 1317.

106 3292 158 3316 Aa.
179 3297 221 3314 ιο.

228 83 301 111 122

228 165 280 186 nos
302 153 410 186 dudum
428 152 502 185 fasti
538 151 623 183 bonae
642 149 808 185 memoriae,
826 147 960 178 Domino
979 147 1144 186 Clementi,
1162 155 1229 178 tunc
1250 146 1305 177 Pa-

229 204 276 233 pae
293 194 424 233 Quinto,
447 191 483 221 de
500 174 625 221 lilxitibus
643 188 768 217 Ducatus
792 186 881 216 nostri
903 186 1061 225 Aquitaniae
1089 188 1121 217 &t
1146 188 1302 217 Terrarum
1353 187 1361 188 ’

230 232 389 263 nostrarum
406 240 435 260 in
446 228 565 268 partibus
580 226 783 263 transmarinis,
801 226 949 256 Comitatu
969 225 1087 256 Pontivi
1108 225 1237 256 duntaxat
1255 233 1305 255 ex·

254 281 269 301 e
289 279 334 301 to:

234 281 251 303 c
270 281 326 340 §ro
342 306 462 345 quadam
477 304 605 342 pecuniae
620 300 746 340 summa,
763 302 849 332 nobis
865 312 912 340 per
932 302 1023 340 ipsum
1044 301 1226 332 Clementem
1241 311 1305 332 rnu-

231 347 320 383 mata,
337 346 372 375 de
385 344 487 375 eidem
505 341 694 377 obligatione
710 340 893 379 adnullanda,
910 341 943 372 ὃς
961 341 997 371 de
1017 340 1141 371 Exitibus
1160 341 1304 371 dierorum

231 383 382 420 Ducatsis,
399 382 433 413 &
448 380 618 417 Terrarum,
643 379 673 409 in
691 379 820 410 manibus
837 379 961 418 ipsorum
980 378 1174 409 cardinalium
1191 380 1225 410 &
1244 379 1306 409 Mi-

229 424 328 460 litum,
346 422 447 452 virtute
469 417 664 454 obligationis
681 418 843 457 praedffitae,
858 420 916 458 jam
933 417 1128 456 existentibus,
1145 417 1180 448 ad
1206 427 1305 448 manus

232 459 339 492 nostras
372 456 504 489 onendis:
546 494 551 499 .

268 498 307 529 Et
327 508 343 528 a
378 497 461 527 aliam
482 493 699 532 obligationem
717 495 793 534 super
810 494 937 526 Exitibus
959 494 1105 525 &storum
1123 493 1254 525 Ducatfis
1271 493 1305 524 &

231 537 401 574 Terrarum,
420 533 464 565 vel
490 533 606 571 alicujus
628 535 709 572 partis
732 533 886 564 eorundem
914 533 1005 570 (dieto
1024 533 1170 564 Comitatu
1190 532 1305 563 Pontivi

229 575 361 606 duntaxat
375 583 443 603 exce
465 572 505 607 to)
526 571 571 602 seu
586 571 667 603 aliam
685 572 899 603 satisfaffionem
918 571 1077 603 faciendam
1096 571 1214 609 praefatis
1232 570 1306 601 Car-

232 613 368 644 dinalibus
385 612 418 643 &
463 610 578 641 iilitibus
611 611 640 640 in
657 610 735 641 dieta
753 610 846 649 primii
861 610 1047 647 Obligatione
1069 609 1179 640 causam
1200 610 1307 639 haberi·

230 653 321 689 tibus,
339 660 390 688 pro
407 659 444 680 eo
459 649 536 688 quod
554 633 645 680 aciriuc
664 649 745 680 restat
764 649 930 680 solvendum
947 649 984 679 de
997 648 1074 679 dieta
1086 649 1216 686 pecuniae
1229 647 1308 678 sum-

234 690 281 720 ma
300 689 381 719 nobis
401 687 546 726 mutuata,
562 697 592 719 ut
609 688 650 718 est
669 688 800 726 distum3

267 727 303 758 Et
321 727 357 757 ad
377 727 540 757 faciendum
565 729 661 757 omnia
679 727 712 758 &
731 725 838 762 singula
852 748 862 764 ,
886 735 949 764 quae
967 724 1001 755 ad
1020 723 1161 763 praemissa
1174 747 1184 763 ,
1207 724 1241 756 &
1258 734 1308 755 eo-

232 776 297 798 rum
315 765 461 804 quodlibet
482 765 633 796 necessaria
651 765 755 796 fuerint
772 766 805 795 &
823 774 983 802 oportuna,

269 804 408 843 Praefatis,
428 803 589 842 Episcopis,
608 803 736 842 Coniiti,
763 804 796 834 ὃ(
821 803 984 840 ixiilitibus,
1011 800 1054 831 vel
1079 801 1167 832 tribus
1191 810 1310 839 eorum,

232 843 366 882 plenam,
387 852 484 873 tenore
501 842 697 882 pizesentium,
723 842 934 872 committimus
953 840 1134 878 potestatem,
1151 848 1242 870 ratum
1261 840 1310 869 ha-

233 883 319 913 bituri
337 883 370 913 &
389 881 504 912 firmum
524 881 658 919 quicquid
685 891 733 918 per
758 880 870 917 dictos,
895 879 1070 919 Episcopos,
1090 877 1260 921 Comitem,
1275 878 1309 921 .&

232 919 360 960 Milites,
379 920 424 951 vel
443 929 496 950 tres
514 930 630 956 eorum,
648 920 744 949 nostro
761 919 894 954 nomine,
911 918 1023 948 fatitum
1039 916 1121 947 suerit
1140 918 1168 946 in
1183 915 1310 954 praemis-

234 959 282 997 sis3
303 959 336 990 &
354 959 400 997 id,
419 969 466 999 per
485 958 587 988 nostras
607 966 730 995 patentes
748 957 864 994 litteras,
881 955 931 986 sub
946 955 1058 996 Magno
1076 955 1178 992 Sigillo
1193 954 1310 993 nostro,

234 996 364 1029 ratificari
379 999 411 1028 ὅ(
428 997 592 1037 approbari,
611 1006 644 1026 ac
663 995 858 1026 inviolabiliter
875 994 1015 1025 observari
1033 995 1177 1025 faciemus.

273 1035 306 1066 In
331 1036 410 1074 cujus
435 1037 475 1065 re'i
500 1033 695 1065 testimonium
711 1058 721 1073 ,
744 1033 887 1072 praesentes
905 1034 1004 1064 litteras
1021 1033 1093 1064 dieti
1111 1032 1204 1070 Sigilli
1223 1030 1311 1063 nostri

235 1074 414 1115 impressione
432 1073 550 1103 fecimus
569 1073 704 1103 roborari.

273 1113 332 1143 Dat
351 1112 423 1150 apud
441 1111 576 1149 Clipston
592 1134 601 1149 ,
631 1115 675 1142 16.
697 1112 745 1142 die
763 1110 954 1150 Decembris,
976 1121 1053 1142 anno
1070 1109 1196 1142 Domini
1216 1110 1310 1150 1316,

234 1151 335 1189 Regni
353 1154 424 1184 vero
443 1151 532 1181 nostri
551 1149 692 1180 Decimo.

233 1226 328 1300 AD
346 1228 484 1267 majorem
504 1235 597 1257 autem
616 1226 753 1257 cautelam
771 1227 804 1258 &
820 1226 984 1258 firmitatem
1001 1227 1134 1258 omnium
1152 1225 1312 1264 ptaemiffo-

312 1276 395 1305 rum,
422 1276 489 1304 nos,
515 1265 653 1296 Arnaldus
673 1265 828 1304 Episcopus
846 1266 1017 1305 Sabinenlis,
1045 1265 1183 1296 Arnaldus
1198 1265 1312 1296 Sandtae

232 1302 338 1334 Mariae
365 1305 394 1334 iii
422 1304 555 1342 Porticu,
581 1303 766 1345 Raymundus
790 1304 902 1335 SanCtae
928 1303 1032 1335 Mariae
1049 1303 1169 1343 Novae,
1193 1304 1227 1335 &
1245 1303 1313 1334 Ber-

230 1342 329 1373 nardus
347 1342 458 1374 Samii-te
474 1343 612 1380 Agathze,
630 1343 755 1373 Diaconi
771 1341 948 1381 Cardinales,
968 1344 1002 1374 δε
1018 1343 1178 1374 Bertrandus
1191 1342 1227 1372 de
1247 1341 1313 1372 Gu-

230 1389 262 1411 to
284 1380 460 1412 Vicecomes
473 1381 642 1412 Leomaniae
664 1383 696 1412 ἃ
721 1380 879 1412 Altivillai‘is
894 1404 904 1420 ,
928 1392 1044 1412 necnon
1061 1381 1205 1420 johannes
1227 1380 1313 1411 Nor-

232 1419 376 1458 wiccnsis‚
397 1421 430 1451 &
451 1419 591 1458 Joliannes
608 1419 740 1458 Eliensis,
759 1420 909 1458 Episcopi,
929 1421 962 1451 &
978 1420 1137 1451 Adomarus
1157 1420 1193 1450 de
1210 1419 1312 1450 Valen-

231 1457 289 1496 tia,
309 1457 420 1489 Comes
436 1458 635 1497 Pembrokiae,
652 1469 685 1489 ac
706 1458 930 1489 Bartholomaeus
949 1458 985 1489 de
1001 1458 1208 1497 Badelesmere,
1229 1458 1313 1489 Mili-

232 1504 291 1535 tes,
308 1497 428 1537 superius
443 1498 599 1536 nominati,
617 1496 759 1536 praesentes
775 1498 876 1528 litteras
889 1497 1046 1535 sigillorum
1061 1497 1223 1528 nostrorum
1240 1496 1312 1529 feci-

234 1545 298 1566 mus
310 1536 481 1574 appensione
498 1537 612 1566 muniri.

272 1574 331 1605 Dat
357 1575 496 1605 Avinion.
523 1573 616 1612 primi
640 1572 748 1604 Mensis
766 1574 887 1613 Aprilis,
915 1573 1098 1608 Pontificati'is
1125 1573 1249 1605 Domini
1261 1573 1313 1614 Jo-

233 1612 348 1652 hannis,
368 1612 452 1652 Papae
469 1612 596 1645 vicesimi
615 1611 747 1652 secundi,
766 1623 840 1644 anno
858 1614 964 1652 primo.

573 1737 601 1764 ’ᾖ
618 1742 668 1774 De
691 1739 800 1772 orando
820 1749 874 1786 pro
900 1741 987 1786 Rege.

240 1824 324 1880 RE
334 1823 365 1855 X
375 1848 384 1861 ,
402 1823 551 1863 Religiosis
566 1825 659 1863 Viris,
677 1826 711 1857 ὃς
734 1826 764 1855 in
779 1824 896 1855 Christo
911 1824 961 1855 sibi
977 1823 1104 1863 diletffis,
1123 1823 1266 1861 Magistro
1281 1825 1314 1856 &

318 1863 524 1895 Diffinitoribus
546 1863 670 1902 Capituli
683 1864 830 1894 Generalis
845 1864 971 1894 Fratrum
985 1863 1022 1893 de
1042 1863 1155 1894 Ordine
1171 1863 1316 1895 Praedica-

237 1907 348 1940 torum,
367 1902 439 1939 apud
455 1902 666 1941 pampiloniam
688 1903 717 1932 in
738 1903 879 1942 Aragonia
902 1903 933 1932 in
955 1902 1089 1940 proximo
1111 1903 1315 1942 conventuris,

237 1939 350 1970 salutem
366 1942 399 1971 δε
414 1941 517 1978 Spiritu
532 1942 637 1972 Smdto
652 1941 736 1978 dirigi
752 1942 781 1970 in
794 1940 919 1977 agendis.

275 1977 359 2007 Dum
374 1980 572 2009 conditionem
586 1980 719 2010 humanae
733 1979 887 2015 fragilitatis
897 1978 1084 2017 attendimus,
1102 1978 1217 2016 qualiter
1231 1980 1316 2009 omni

235 2024 385 2054 creaturae,
404 2018 462 2046 tam
478 2017 590 2047 sublimi
600 2018 703 2055 ,quam
719 2017 836 2054 humili,
855 2017 1085 2054 praetereuntibus
1098 2016 1147 2046 suo
1162 2017 1240 2047 cursu
1255 2017 1317 2047 die-

234 2055 300 2092 bus,
318 2055 457 2092 priesentis
471 2057 537 2086 vitae
552 2054 613 2085 finis
627 2056 770 2094 apropiat,
789 2055 822 2086 &
839 2054 983 2092 praesentia
1001 2054 1075 2093 quasi
1092 2053 1185 2085 subito
1209 2055 1316 2086 irruunt

234 2093 269 2124 ad
291 2103 349 2123 non
372 2094 447 2132 esse,
464 2102 572 2125 tantum
596 2094 689 2124 modo
714 2095 741 2124 in
757 2094 967 2131 omnipotentis
979 2093 1037 2124 Dei
1054 2092 1262 2131 misertcordia,
1280 2094 1317 2125 de

235 2132 313 2169 cujus
330 2142 446 2162 munere
461 2134 564 2164 musta
588 2132 763 2171 procedunt,
781 2141 908 2162 mentem
920 2131 1047 2163 nostram
1062 2132 1096 2162 δε
1109 2140 1210 2162 votum
1224 2131 1316 2164 affixi-

234 2180 297 2201 mus
313 2170 498 2202 confidenter.

274 2209 401 2248 Verum,
421 2211 483 2249 quia
506 2209 540 2240 ad
566 2209 788 2240 misericordiam
812 2209 942 2240 divinam
964 2209 1170 2247 impetrandam
1192 2209 1317 2241 multum

235 2248 348 2287 prosunt
370 2250 530 2279 orationum
552 2248 681 2285 suffiagia
701 2248 868 2279 devotarum
885 2271 894 2287 ,
921 2248 1056 2286 sperantes
1078 2258 1176 2286 preces
1196 2248 1317 2288 vestraS,

234 2288 339 2318 devote
354 2285 422 2317 fusas
437 2287 510 2325 apud
529 2286 722 2324 Altiffimum,
741 2287 879 2324 exaudiri,

273 2325 469 2356 Devotionem
484 2324 606 2356 vestram
620 2326 650 2356 in
664 2325 798 2355 Domino
814 2325 981 2364 requirimus
1000 2325 1034 2356 &
1054 2334 1205 2363 rogamus,
1225 2325 1317 2362 quati-

236 2374 288 2395 nus
302 2375 371 2401 nos,
389 2363 535 2395 Isabellam
556 2364 704 2401 Reginam
729 2363 860 2402 Angliae,
876 2363 1050 2394 Consortem
1071 2363 1196 2394 nostram
1210 2362 1316 2393 carissi-

236 2413 331 2441 mam,
348 2402 523 2433 Edwardum
541 2403 576 2434 de
598 2402 777 2441 Wyndesore
800 2402 1031 2439 primogenitum
1052 2401 1199 2441 nostrum,
1216 2402 1250 2432 &
1261 2401 1316 2440 Jo-

237 2442 360 2472 hannem
376 2441 412 2471 de
426 2441 540 2472 Eltham
555 2440 719 2480 postnatum
741 2440 867 2471 nostrum
878 2464 887 2479 ,
905 2441 1013 2471 devotis
1035 2441 1197 2471 orationum
1218 2440 1316 2471 suffra-

238 2482 312 2518 giis,
331 2482 359 2510 in
377 2479 530 2510 Miliarum
544 2480 733 2518 sollempniis,
751 2480 839 2510 velitis
854 2480 1044 2517 omnipotenti
1053 2478 1121 2509 Deo
1130 2479 1318 2513 commenda-

237 2528 286 2556 re,
303 2520 352 2556 &,
371 2528 418 2556 per
434 2527 551 2549 caeteros
572 2518 732 2549 Confratres
755 2518 872 2549 Ordinis
896 2518 1041 2557 praedieci,
1060 2517 1166 2548 faciatis
1190 2518 1315 2548 similiter

237 2557 454 2595 commendari,
480 2566 508 2588 ut
533 2557 605 2595 ipse,
629 2558 761 2587 omnium
785 2557 969 2587 Gubernator
991 2558 1024 2587 &
1047 2555 1178 2594 Restor,
1195 2566 1264 2594 nos,
1281 2557 1316 2588 &

240 2594 432 2633 Consortem,
458 2606 490 2626 ac
514 2604 594 2625 natos
618 2595 727 2626 nostros
750 2595 917 2634 praedidffis,
941 2594 1121 2634 nostrosque,
1139 2596 1172 2626 &
1193 2595 1316 2633 ipsorum

240 2634 316 2664 astus
330 2634 432 2671 dirigat
446 2635 476 2665 in
491 2636 568 2664 viam
584 2634 672 2664 salutis
685 2643 815 2673 aeternae,
833 2633 984 2672 Nobisque
994 2656 1002 2671 ,
1024 2633 1182 2671 Regnum,
1202 2634 1318 2672 Terras,

239 2674 274 2703 &
290 2672 447 2710 Populum,
468 2672 571 2702 nostrae
582 2673 684 2703 ditioni
697 2672 835 2710 subjecsta,
853 2673 890 2702 ita
905 2673 934 2702 in
953 2671 1080 2710 praesenti
1095 2682 1194 2709 regere
1209 2682 1318 2703 conce-

239 2711 302 2748 dat,
321 2710 395 2749 quod
412 2710 596 2750 infuturum,
615 2721 684 2742 cum
704 2712 754 2751 suis
769 2711 865 2741 eleffls
885 2720 1003 2748 regnare
1028 2710 1205 2748 perhenniter
1227 2711 1314 2741 valea-

240 2759 320 2778 mus:
348 2757 588 2787 memoratamque
606 2749 777 2780 Consortem
800 2749 923 2779 nostram
943 2750 971 2779 in
995 2749 1077 2779 bonis
1100 2751 1267 2787 continuet,
1284 2750 1317 2781 &

240 2786 400 2824 praelibatos
418 2796 496 2817 natos
511 2788 540 2817 in
562 2788 675 2819 honoris
690 2789 723 2820 &¹
739 2798 858 2826 operum
870 2788 1015 2818 bonorum
1031 2787 1164 2826 utilitate,
1182 2787 1229 2819 sua
1244 2788 1318 2819 cres-

242 2834 306 2855 cere
320 2825 403 2854 faciat
419 2826 527 2862 pietate.

281 2862 499 2904 Universitatem
514 2862 634 2894 vestram
649 2863 802 2903 religiosam
820 2863 973 2896 Altiffimus
989 2864 1133 2896 conservet
1153 2866 1183 2896 in
1206 2866 1319 2897 caritate

244 2902 382 2933 continua
397 2902 430 2932 &
448 2902 563 2939 votiva,

282 2939 350 2971 Dat.
364 2939 437 2978 apud
454 2939 635 2981 Claryndon,
652 2949 751 2978 quarto
770 2941 817 2972 die
837 2941 947 2980 Aprilis.

270 3070 330 3101 Pro
356 3065 512 3100 Ludovico
533 3065 569 3099 de
592 3066 767 3103 Bellomonre
777 3094 785 3107 ‚
818 3071 848 3099 in
874 3068 1045 3114 Fpi‘siopum
1069 3068 1300 3115 Dtmolmcns'em

691 3114 868 3160 fhbliraato.

252 3203 408 3266 PAPAE
428 3204 493 3234 Rex
508 3204 610 3236 devota
624 3204 729 3242 pedum
748 3204 841 3235 oscula
855 3205 1009 3235 beatorum.

360 3243 404 3273 Ad
421 3243 534 3273 laudum
549 3245 689 3281 praeconia
702 3241 815 3279 affurgit
828 3243 944 3273 devotio
957 3243 1055 3281 filialis,
1073 3245 1170 3275 crescit
1185 3244 1302 3278 affefflo
1314 3271 1325 3286 ‚

257 3281 291 3312 &
306 3282 404 3312 caritas
416 3291 608 3317 augmentatur
618 3305 628 3320 ,
645 3281 718 3312 dum
733 3290 853 3319 paternae
867 3282 1054 3319 circumspicit
1068 3285 1227 3319 proviiionis
1242 3285 1325 3315 soler-

258 3321 329 3350 tiam
350 3321 425 3351 circa
447 3330 477 3349 ea
492 3320 617 3356 benigne
631 3320 792 3358 intendere,
815 3320 849 3350 &
870 3323 900 3350 in
923 3320 975 3349 hiis
995 3320 1020 3349 se
1039 3319 1152 3351 facilem
1176 3323 1325 3362 exhibere,

258 3368 307 3396 per
322 3369 386 3397 quae
403 3359 486 3388 nobis
505 3359 538 3389 δε
553 3358 660 3395 Regno
673 3358 770 3388 nostro
791 3359 866 3395 pacis
881 3359 914 3389 δε
934 3358 1126 3396 tranquilitatis
1137 3361 1244 3392 ubertas
1258 3364 1325 3393 arri-

256 3398 335 3435 dent,
352 3398 386 3429 &
400 3396 617 3427 adversariorum
631 3397 772 3426 correeno
789 3405 959 3434 procuretur.

294 3436 496 3474 Qamobrem
518 3435 554 3465 de
570 3446 624 3473 eo,
664 3434 721 3464 uod
739 3436 838 3464 vestrae
856 3435 959 3472 placuit
977 3434 1164 3475 Clementiae,
1182 3438 1217 3468 ad
1237 3439 1325 3470 nostri

260 3472 414 3505 instantiam
450 3474 640 3504 venerabilem
680 3482 782 3511 atrem,
801 3472 967 3503 Dominum
985 3473 1184 3514 Lodewycum
1198 3476 1234 3507 de
1248 3477 1324 3509 Bello

264 3510 385 3549 Monte,
411 3497 662 3550 Conianguineum
681 3511 823 3553 nostrum,
850 3511 990 3549 praeficere
1014 3512 1165 3549 Regimini
1188 3514 1325 3547 Ecclefiae

263 3548 457 3580 Dunelmensis
475 3556 548 3588 (qum
558 3551 631 3588 quasi
645 3552 673 3580 in
688 3552 815 3580 connino
833 3549 929 3586 Regni
943 3549 1027 3580 nostri
1049 3553 1138 3589 prope
1152 3552 1278 3583 Scotiam
1291 3555 1326 3585 fi-

262 3594 352 3617 tuatur
371 3589 579 3625 (benivolentiae
593 3588 690 3620 vestrae
705 3598 738 3618 ex
753 3590 855 3619 intimo
867 3588 959 3619 cordis
974 3597 1062 3625 grates
1075 3590 1108 3620 ὃς
1121 3592 1218 3628 gratias
1231 3593 1326 3623 referi-

265 3634 328 3654 mus
343 3635 407 3663 quas
421 3628 551 3657 valemus

306 3664 425 3693 Firmum
445 3667 545 3695 iterum
570 3666 605 3695 de
624 3667 703 3703 ipsius
722 3665 881 3705 Lodowyci
905 3664 1036 3695 industria
1057 3665 1192 3697 fiduciam
1205 3677 1329 3706 reporta-

267 3710 350 3743 mus,¹
363 3703 439 3743 quod
455 3703 526 3741 ipse,
544 3703 644 3733 divino
659 3705 709 3734 sibi
725 3704 859 3734 affistente
878 3703 1007 3741 praesidio
1040 3704 1178 3736 laborabit
1192 3706 1328 3746 sollicite,

267 3737 422 3769 Nobilium
436 3743 467 3772 δε
484 3742 673 3780 Magn-atum,
691 3743 727 3772 de
742 3753 841 3781 genere
854 3744 918 3780 suo,
937 3742 986 3772 sibi
1016 3741 1167 3781 uffiagante
1188 3746 1330 3785 potentia,

266 3775 302 3806 ad
317 3775 467 3820 sedandum
484 3780 643 3810 Rebellium
655 3780 813 3810 nostrorum
829 3782 963 3811 tumultus
977 3782 1005 3810 in
1018 3783 1140 3821 partibus
1152 3782 1218 3822 illis,
1232 3785 1266 3815 &
1275 3784 1329 3814 sta-

268 3821 330 3844 tum
345 3813 474 3860 Efdelsae
489 3817 556 3855 suae,
576 3821 623 3855 qui
636 3828 682 3855 per
696 3818 808 3849 hostiles
821 3819 965 3856 aggressus
977 3820 1167 3859 multipliciter
1187 3823 1331 3862 oppressus

269 3851 310 3883 est
344 3852 394 3881 hiis
408 3853 521 3896 diebus,
539 3858 566 3885 in
585 3858 681 3887 melius
694 3857 910 3888 reformandum.

305 3874 350 3921 Ad
373 3889 514 3926 Regimen
525 3916 534 3930 ,
551 3895 610 3923 &c⁴

344 3928 412 3960 Dat.
429 3930 500 3968 apud
519 3931 694 3970 Clarendon,
714 3934 832 3972 septimo
844 3933 890 3963 die
906 3933 1015 3972 Aprilis.

683 58 1474 107 CONVENTIONES,

1529 54 1908 103 LITERAE2

1340 229 1450 272 Bulla,
1480 238 1584 262 contra
1605 230 1750 270 fratres,
1775 226 1811 261 de
1834 225 1950 261 Ordine
1973 222 2245 263 Mendicantium,
2269 223 2314 258 ad
2326 235 2421 272 popu.

1502 279 1567 310 lum
1592 275 1799 327 Hyberm'cum
1821 275 2018 309 Rebellionem
2036 271 2239 321 praedicantes.

1380 363 1518 395 Ohannes
1534 362 1707 403 Episcopus,
1722 361 1813 394 servus
1829 360 1974 392 servorum
1993 358 2074 404 Dei,
2094 358 2302 404 venerabilibus
2319 359 2420 392 Fratri-

1395 403 1446 433 bus
1550 401 1721 433 Dublinenfi
1754 401 1788 432 &
1807 399 1966 430 Caffellenfi
1986 397 2240 437 Archiepiscopis3
2262 406 2296 430 ac
2315 399 2420 431 dilecto

1394 440 1466 471 Filio
1571 440 1696 472 Decano
1712 424 1848 471 Ecclefiae
1862 437 2057 477 Dublinensis,
2073 436 2208 476 salutem,
2224 437 2258 469 ὃς
2274 437 2421 477 Apostoli-

1342 489 1407 510 cam
1425 478 1667 510 benedictionem.

1380 517 1400 537 ³*
1414 517 1555 548 Dolenter
1569 517 1747 555 audivimus,
1763 516 1798 548 &
1815 524 1894 555 aegro
1910 514 2011 545 animo
2029 513 2221 554 recensemuS,
2245 515 2329 554 quod
2346 525 2422 546 non-

1341 555 1411 586 nulli
1428 556 1550 595 Fratres,
1565 556 1602 587 de
1620 555 1775 586 Ordinibus
1790 553 2044 597 Mendicantiurn,
2069 563 2134 591 eos,
2153 563 2223 592 quos
2241 553 2422 595 profitentur,

1342 594 1469 625 Ordines
1487 594 1702 632 dampnabiliter
1719 593 1891 632 polluentes,
1912 592 1946 623 &
1964 592 2088 630 plerique
2104 591 2247 624 Restores
2263 616 2273 632 ,
2296 593 2423 634 Vicarii,

1342 633 1376 663 &
1398 632 1544 671 Capellani
1569 632 1776 663 Parochialium
1801 631 1993 662 Ecclefiarum
2013 629 2049 661 de
2067 629 2188 662 Iberniae
2205 632 2328 670 partibus
2341 655 2350 672 ,
2393 634 2424 664 ui

1342 670 1466 709 deputati
1484 671 1519 702 ad
1535 670 1741 710 directionem,
1759 671 1792 702 &
1809 671 1941 708 regimen
1957 670 2145 709 populorum,
2164 671 2203 700 eis
2220 670 2355 702 deberent
2390 682 2424 702 o-

1344 710 1446 740 ‹Strinae
1465 710 1572 740 lumine
1588 710 1668 740 viam
1687 710 1808 740 veritatis
1826 707 1975 739 ostendere
1987 732 1997 747 ,
2014 709 2048 740 &
2067 706 2139 748 ipsos
2157 708 2337 740 laudabilium
2355 720 2424 749 ope-

1342 757 1406 778 rum
1424 747 1576 788 exemplari
1594 747 1730 779 vehiculo
1748 747 1886 778 deducere
1902 746 1937 778 ad
1955 746 2085 785 salutem,
2104 746 2173 777 fasti
2188 745 2250 778 sunt
2263 748 2315 779 illis
2329 750 2359 779 in
2375 749 2426 779 de-

1344 786 1500 817 viationem
1519 787 1629 824 potitis,
1645 787 1679 818 ὃ(
1698 786 1829 825 ruinam,
1847 787 1917 817 dum
1935 785 2024 816 iidem
2042 786 2166 824 Fratres,
2186 785 2346 825 Re&ores,
2370 788 2426 817 Vi-

1345 826 1433 863 carii,
1458 826 1492 856 &
1510 824 1656 863 Capeliani
1670 847 1680 864 ,
1706 832 1838 864 tanquam
1855 825 1911 856 viri
1929 823 2058 864 dyscoli,
2085 826 2160 861 pacis
2177 822 2284 854 semitas
2303 827 2426 856 mininie

1346 862 1567 902 cognoscentes,
1593 863 1758 894 Ibernicum
1777 863 1934 907 populum,
1955 862 2089 893 cariffimi
2107 865 2136 893 in
2157 862 2276 893 Christo
2295 863 2357 894 Filii
2375 876 2428 895 no-

1346 902 1396 931 stri
1414 901 1548 933 Edwardi
1572 901 1665 939 Regis
1685 901 1799 939 Angliae
1818 901 1927 932 illustris
1943 900 2101 939 subjeetum
2122 901 2269 932 Dominio
2285 925 2295 940 ,
2323 903 2360 932 ab
2384 905 2428 941 ip-

1346 939 1397 970 sius
1415 939 1580 972 obedientia
1597 940 1631 971 &
1648 939 1798 979 fidelitate,
1824 939 1932 970 nedum
1952 940 2135 978 persuasiones
2151 941 2297 979 occultas,
2315 942 2347 972 ὃς
2368 952 2428 980 pra-

1345 988 1380 1009 va
1402 978 1516 1010 consilia
1531 1001 1542 1018 ,
1566 979 1719 1019 quinetiam
1738 988 1786 1016 per
1805 977 2020 1015 praedicationes
2037 979 2070 1009 &
2095 979 2204 1010 monita
2221 979 2335 1017 publica
2349 1003 2358 1018 ,
2385 990 2426 1011 te-

1347 1019 1471 1048 merariis
1496 1017 1603 1048 ausibus
1621 1017 1777 1056 retrahunt,
1797 1017 1831 1047 &
1854 1015 1889 1047 ad
1907 1015 2139 1054 impugnandum
2157 1019 2219 1056 jura
2237 1017 2378 1057 Regalia,
2395 1019 2429 1050 ὃ(

1346 1056 1521 1088 Rebellionis
1538 1056 1702 1087 calcaneum
1716 1078 1726 1094 ,
1754 1064 1916 1095 guerrarum
1941 1053 2101 1085 turbinibus
2120 1057 2269 1088 concitatis
2283 1081 2295 1097 ,
2319 1060 2431 1096 erigen-

1346 1094 1416 1126 dum
1434 1096 1464 1126 in
1481 1094 1600 1133 Regem
1615 1094 1757 1133 eundem,
1775 1101 1903 1133 potenter
1921 1092 2072 1124 inducunt:

1385 1133 1459 1165 Non
1473 1142 1596 1172 attento,
1615 1133 1696 1171 quod
1715 1143 1765 1171 per
1783 1132 1813 1163 id
1834 1131 2020 1170 impediendo
2035 1132 2148 1162 bonum
2168 1133 2244 1170 pacis
2260 1156 2272 1171 ,
2300 1135 2334 1166 δε
2359 1135 2430 1165 obe-

1346 1172 1478 1212 dientiae,
1497 1173 1566 1204 fiunt
1582 1171 1772 1211 proculdubio
1788 1170 1968 1202 Daemonum
1983 1170 2140 1209 adjutoreS,
2159 1172 2308 1204 accensum
2331 1175 2431 1211 ignem

1347 1211 1462 1242 illorum
1476 1210 1569 1242 studio
1587 1219 1719 1249 tanquam
1738 1210 1823 1247 lignis
1842 1210 1994 1240 nutrientes
2012 1209 2141 1247 injeffis,
2157 1208 2281 1242 suscitata
2305 1213 2431 1243 nutrien-

1348 1258 1388 1280 tes
1405 1250 1548 1289 scandala,
1569 1250 1603 1280 &
1621 1249 1688 1280 illud
1703 1274 1713 1287 ,
1738 1248 1816 1287 quod
1835 1250 1999 1286 extinguere
2017 1248 2153 1279 deberent
2171 1249 2339 1280 incendium
2354 1273 2364 1290 ,
2385 1251 2432 1281 fo-

1348 1299 1414 1320 vere
1427 1290 1537 1319 temere
1556 1297 1617 1318 non
1633 1295 1780 1326 verentes;
1797 1288 1831 1319 δε
1851 1287 2052 1318 nichilominus
2065 1310 2074 1325 ,
2096 1296 2155 1316 non
2174 1287 2307 1318 timentes
2322 1290 2429 1320 animas

1348 1327 1480 1366 decipere
1491 1327 1588 1358 talium
1598 1350 1608 1366 ,
1622 1336 1671 1358 eos
1688 1327 1736 1365 qui
1749 1325 1801 1357 suis
1811 1327 1841 1356 in
1855 1326 1909 1357 hac
1928 1333 2004 1364 parte
2018 1324 2128 1356 sinistris
2142 1324 2369 1363 suggestionibus
2382 1337 2431 1358 ac-

1348 1367 1514 1405 quiescunt,
1531 1376 1546 1396 a
1564 1367 1735 1406 perpetratu,
1752 1375 1786 1396 ac
1804 1365 1891 1395 etiam
1909 1364 2097 1404 perpetrandis
2114 1365 2146 1394 in
2165 1364 2324 1403 hujusmodi
2337 1366 2432 1404 prose-

1350 1405 1466 1436 cutione
1486 1414 1648 1442 guerrarum
1665 1403 1830 1434 homicidiis
1844 1426 1855 1442 ,
1879 1402 2036 1443 incendiis,
2059 1402 2211 1442 sacrilegiis
2225 1427 2236 1443 ,
2258 1404 2292 1435 &
2315 1406 2433 1445 rapinis,

1349 1443 1492 1474 absolvere
1508 1442 1630 1481 reproba
1649 1442 1804 1474 temeritate
1823 1441 2008 1480 praesumunt.

1387 1483 1455 1513 Nos
1472 1483 1564 1521 itaque
1582 1489 1625 1512 tot
1643 1481 1784 1512 malorum
1801 1481 1945 1512 materiam
1960 1503 1971 1519 ,
1994 1480 2010 1510 a
2029 1479 2124 1512 radice
2140 1480 2297 1519 praecidere
2314 1483 2432 1520 cupien-

1350 1529 1408 1560 tes,
1427 1520 1600 1551 Discretioni
1619 1519 1720 1551 vestrae
1738 1529 1788 1558 per
1806 1518 1972 1557 Apostolica
1988 1518 2089 1557 scripta
2105 1519 2289 1559 mandamus,
2308 1522 2434 1559 quatinus

1350 1569 1418 1599 vos,
1436 1559 1483 1591 vel
1499 1559 1566 1590 alter
1584 1557 1730 1597 vestrum,
1749 1568 1800 1597 per
1817 1568 1887 1597 vos,
1913 1557 1959 1589 vel
1979 1557 2084 1596 alium,
2105 1556 2150 1588 seu
2168 1558 2236 1589 alios
2249 1581 2261 1597 ,
2281 1568 2383 1590 ornnes
2399 1560 2433 1590 &

1350 1597 1470 1638 singulos
1495 1597 1601 1628 Fratres
1627 1597 1833 1635 praedie'torum
1848 1619 1858 1635 ,
1892 1597 1926 1628 &
1945 1596 2063 1627 aliorum
2082 1595 2229 1628 Ordinum
2241 1620 2252 1636 ,
2277 1596 2432 1636 Rectores,

1350 1636 1498 1676 Vicarios,
1517 1636 1551 1667 &
1569 1635 1738 1674 Capelianos
1754 1635 1963 1673 Ecclesiarum,
1982 1635 2102 1673 partium
2119 1635 2334 1675 praedidiarum,
2353 1637 2386 1668 &
2405 1648 2435 1667 a-

1350 1675 1403 1706 lios
1426 1675 1464 1705 de
1483 1676 1584 1713 quibus
1601 1675 1682 1707 vobis
1699 1674 1831 1713 expedire
1847 1673 2004 1713 videbitur,
2029 1673 2217 1713 cuiuscunque
2234 1673 2336 1714 statiis,
2357 1675 2436 1706 ordi-

1350 1715 1412 1752 nis,
1430 1713 1593 1752 dignitatis,
1613 1712 1734 1751 gradsis,
1754 1721 1799 1744 aut
1818 1712 1990 1743 conditionis
2005 1711 2141 1750 existant,
2167 1713 2334 1744 auetoritate
2352 1714 2435 1752 Apo-

1352 1751 1452 1783 stolica
1475 1753 1629 1791 moneatis,
1649 1759 1680 1782 ut
1697 1762 1713 1782 a
1730 1751 1875 1789 praedietis
1892 1750 2076 1790 suasionibus,
2096 1751 2236 1791 consiliis,
2254 1753 2435 1790 praedicatio-

1352 1791 1452 1828 nibus,
1479 1792 1617 1828 monitis,
1640 1790 1674 1821 &
1692 1789 1932 1827 absolutionibus,
1957 1789 1991 1820 &
2007 1789 2065 1820 aliis
2082 1790 2218 1821 omnibus
2243 1791 2278 1821 &
2306 1791 2436 1830 singulis,

2447 135 2562 179 Ami-L

2471 186 2550 218 1317.

2445 218 2551 252 Eds-vij,

2441 366 2515 400 Ann.
2530 370 2552 402 1:

2469 416 2550 450 1317.

2439 448 2492 475 An.
2512 457 2562 478 ιομ

2443 487 2475 512 E.
2491 495 2517 522 2,
2536 499 2547 509 ι

2457 526 2562 565 Eae&

2442 564 2543 630 ragin

2465 640 2528 675 631.
2543 624 2551 633 α

1353 1839 1402 1867 per
1419 1839 1483 1867 quae
1501 1839 1616 1869 guerra,
1643 1828 1689 1860 seu
1707 1828 1845 1859 discordia
1863 1828 1952 1866 posset
1970 1829 2001 1858 in
2020 1829 2142 1868 partibus
2160 1830 2257 1860 nutriri
2276 1830 2455 1868 praedietis,-

1353 1868 1461 1906 prorsus
1478 1867 1659 1906 abstineant,
1684 1867 1718 1898 &
1743 1868 1866 1897 omnino
1887 1866 2040 1905 desistant,
2067 1866 2137 1897 infra
2157 1867 2268 1898 dierum
2288 1868 2358 1899 octo
2376 1869 2436 1907 spa-

1354 1907 1443 1945 tium,
1459 1917 1475 1937 a
1492 1915 1622 1945 ternpore
1642 1906 1807 1937 monitionis
1824 1905 1986 1944 hujusmodi
2003 1906 2237 1943 computandum.

1393 1945 1529 1985 Alioquin
1543 1955 1608 1983 eos,
1625 1945 1655 1975 in
1673 1954 1742 1983 quos
1759 1954 1890 1982 exnunc,
1906 1953 1992 1982 prout
2010 1952 2134 1982 extunc,
2152 1944 2434 1976 Excommunicatio-

1354 1984 1396 2013 nis
1410 1983 1575 2015 sententiam
1593 1983 1823 2023 promulgamus,
1838 1983 2102 2013 excommunicatos
2119 1983 2234 2020 publice
2254 1983 2363 2022 singulis
2375 1984 2436 2015 die-

1354 2021 1407 2051 bus
1426 2021 1615 2060 Dominicis,
1633 2023 1666 2053 &
1683 2021 1817 2060 Festivis,
1837 2021 1944 2060 pulsatis
1956 2022 2118 2060 campanis,
2136 2022 2169 2051 &
2187 2023 2318 2052 extinCtis
2331 2023 2435 2053 cande-

1354 2059 1404 2098 lis,
1431 2060 1595 2098 ubicunque
1613 2061 1697 2091 vobis
1713 2060 1862 2098 expediens
1880 2059 1937 2090 esse
1955 2059 2116 2098 videbitur,
2143 2059 2258 2097 publice
2284 2062 2438 2100 nuncietis,

1353 2097 1509 2136 processuri
1535 2098 1705 2129 auetoritate
1729 2097 1867 2136 praedkstfi
1892 2098 2004 2135 gravius
2022 2106 2120 2129 contra
2138 2108 2187 2128 eos
2201 2122 2211 2136 ,
2234 2107 2316 2137 prout
2333 2109 2435 2131 eorum

1353 2137 1559 2175 inobedientia,
1577 2137 1610 2167 ὃς
1629 2136 1697 2168 faeti
1716 2136 1829 2174 qualitas
1847 2136 1977 2167 suadebit.

1390 2175 1532 2206 Volumus
1549 2175 1677 2214 insuper,
1695 2175 1833 2213 vobisque
1849 2174 2029 2213 mandamus,
2046 2183 2077 2205 ut
2096 2175 2132 2206 de
2151 2175 2273 2213 personis
2290 2186 2352 2214 quae
2366 2176 2437 2216 sint,

1354 2213 1400 2245 vel
1418 2213 1522 2246 fuerint
1540 2215 1570 2244 in
1589 2214 1645 2245 hac
1660 2222 1736 2252 parte
1756 2213 1924 2251 culpabiles,
1942 2214 2093 2250 iniquitatis
2109 2223 2178 2243 cum
2198 2214 2345 2251 diligentia
2365 2218 2438 2246 veri-

1360 2260 1463 2290 tatem,
1481 2253 1515 2283 &
1534 2263 1622 2291 quos,
1643 2262 1692 2290 per
1710 2251 1870 2290 hujusmodi
1888 2252 2073 2289 inquilitionis
2088 2251 2249 2291 indaginem
2260 2275 2270 2290 ,
2292 2263 2355 2283 reos
2372 2255 2439 2285 inde

1355 2291 1417 2321 fore
1436 2292 1647 2329 competentis,
1664 2290 1720 2328 sic,
1739 2298 1824 2328 prout
1839 2288 1947 2328 justum
1965 2289 2064 2328 fuerit,
2090 2289 2190 2331 eadem
2208 2291 2371 2322 auctoritate
2389 2303 2436 2323 ca-

1354 2330 1462 2360 nonice
1482 2330 1618 2368 puniatis,
1644 2329 1720 2367 quod
1739 2329 1772 2359 &
1790 2327 1840 2366 ipsi
1856 2328 1917 2358 talia
1932 2328 1959 2358 se
1976 2328 2149 2359 commisisse
2166 2331 2339 2368 poeniteant,
2356 2331 2390 2361 &
2407 2341 2434 2361 a-

1354 2367 1401 2405 lii,
1419 2367 1552 2406 exemplo
1569 2367 1667 2406 territi,
1692 2367 1861 2406 praesumere
1879 2367 1979 2397 similia
1996 2367 2200 2406 pertimescant.

1388 2406 1456 2437 Nos
1475 2407 1555 2437 enim
1572 2406 1674 2444 vobis,
1691 2406 1724 2437 ὃς
1743 2404 1868 2437 vestrum
1885 2405 2001 2436 cuilibet
2017 2405 2154 2444 praemissa
2177 2406 2276 2436 omnia
2291 2429 2300 2445 ,
2327 2407 2359 2437 &
2383 2408 2436 2439 firi-

1353 2445 1420 2483 gula
1426 2444 1582 2513 stfaciendi,
1599 2445 1711 2483 plenam
1728 2444 1761 2476 &
1778 2444 1895 2475 liberam
1911 2444 2117 2483 concedimus,
2133 2453 2231 2475 tenore
2246 2445 2436 2485 praesentium,

1375 2492 1424 2514 ote
1449 2493 1534 2515 atem.

1352 2494 1372 2523 p
1389 2522 1467 2553 Non
1496 2522 1644 2561 obstante,
1669 2522 1688 2553 fi
1712 2522 1866 2560 aliquibus,
1891 2521 1937 2552 vel
1955 2521 2057 2560 alicui,
2080 2529 2243 2553 aureorum
2260 2522 2435 2563 Ordinibus,

1355 2561 1507 2599 specialiter
1529 2561 1574 2592 vel
1594 2560 1775 2599 generaliter,
1792 2561 1808 2591 a
1831 2560 1904 2590 Sede
1920 2560 2035 2598 praefatii
2055 2560 2194 2591 indultum
2213 2561 2328 2600 existat,
2356 2563 2436 2600 quod

1355 2600 1616 2638 excommunicari,
1640 2598 1783 2637 suspendi,
1805 2597 1851 2628 vel
1874 2598 2005 2629 interdici
2031 2609 2090 2629 non
2117 2598 2237 2637 possint,
2265 2610 2314 2638 per
2335 2600 2434 2631 litteras

1354 2637 1533 2676 Apostolicas
1554 2647 1616 2668 non
1641 2637 1774 2668 facientes
1794 2637 1906 2675 plenam
1932 2638 1965 2668 &
1984 2636 2137 2676 expressam
2183 2648 2216 2668 ac
2234 2637 2270 2668 de
2295 2640 2384 2669 verbo
2401 2641 2436 2671 ad

1353 2677 1493 2714 verbum,
1510 2675 1546 2707 de
1564 2675 1673 2714 indulto
1690 2675 1866 2713 huiusmodi,
1897 2685 1931 2706 ac
1949 2676 1984 2706 de
2003 2677 2121 2715 propriis
2140 2661 2285 2707 Ordinum
2301 2700 2312 2715 ,
2338 2678 2436 2709 Loco-

1353 2725 1437 2753 rum,
1456 2716 1489 2746 &
1506 2714 1691 2746 Personarum
1710 2714 1831 2752 ipsarum
1849 2715 2012 2745 nominibus
2029 2716 2223 2754 mentionem,
2248 2716 2281 2746 &
2300 2717 2436 2754 quibussi—

1355 2754 1403 2784 bet
1418 2753 1531 2792 litteris,
1550 2753 1719 2792 privilegiis,
1737 2753 1770 2783 &
1785 2752 1978 2792 indulgentiis,
1994 2754 2188 2792 generalibus,
2204 2753 2249 2784 vel
2264 2754 2438 2794 specialibus,

1356 2792 1571 2831 quibuscunque
1589 2792 1791 2830 dignitatibus,
1809 2791 1972 2830 ordinibus,
1995 2792 2131 2831 personis,
2158 2793 2192 2823 &
2214 2793 2284 2823 locis
2300 2793 2350 2823 sub
2368 2794 2436 2832 qua-

1357 2841 1469 2869 cunque
1489 2830 1602 2869 forma,
1622 2830 1668 2861 vel
1685 2831 1874 2869 conceptione
1896 2832 2050 2861 verborum
2068 2841 2083 2861 a
2100 2831 2177 2861 dic‘ta
2193 2831 2266 2862 Sede
2281 2832 2436 2871 conceffis,

1355 2880 1406 2908 per
1425 2880 1488 2908 quae
1506 2869 1687 2907 praesentibus
1704 2879 1763 2899 non
1781 2867 1921 2907 expreffa,
1939 2869 1984 2900 vel
2005 2870 2124 2901 totaliter
2145 2879 2204 2900 non
2221 2869 2316 2900 inserta
2367 2869 2437 2900 effe-

1356 2909 1418 2939 Ctus
1432 2917 1526 2939 earum
1544 2907 1676 2947 impediri
1697 2908 1787 2939 valeat
1806 2907 2044 2947 quomodolibet,
2063 2908 2108 2939 vel
2124 2907 2245 2945 differri,
2262 2907 2295 2937 &
2315 2891 2351 2938 d'e
2373 2910 2437 2946 qui-

1359 2948 1428 2985 bus,
1448 2956 1624 2985 quorumque
1646 2947 1714 2977 totis
1729 2947 1871 2977 tenoribus
1890 2946 1927 2976 de
1948 2947 2038 2977 verbo
2060 2947 2095 2977 ad
2117 2947 2238 2977 verbum
2257 2946 2436 2978 mentionem

1359 2986 1390 3016 in
1409 2987 1509 3016 nostris
1524 2985 1620 3016 litteris
1630 2983 1688 3016 fieri
1705 2993 1833 3024 oporteat
1845 2984 2003 3023 specialem.

1402 3024 1469 3055 Dat.
1493 3024 1630 3056 Avinion.
1659 3033 1757 3064 quarto
1780 3023 1845 3055 Idus
1871 3023 1974 3062 Aprilis
1990 3045 2002 3062 ,
2033 3020 2215 3052 Pontificatsis
2244 3021 2334 3053 nostri
2362 3034 2438 3055 anno

1358 3063 1462 3102 primo.

2050 3098 2104 3129 Sub
2117 3097 2178 3139 filis
2195 3097 2330 3130 canabeis.

1382 3225 1410 3254 >k
1437 3227 1485 3259 De
1513 3223 1654 3260 Marcha
1683 3236 1740 3257 non
1768 3222 1950 3257 concedenda
1971 3234 2075 3257 contra
2099 3227 2205 3258 Gentes
2227 3224 2263 3259 de
2285 3226 2407 3276 Bifiay,

1579 3282 1698 3319 propter
1721 3270 1952 3319 tran-[grffoncs
1974 3273 2191 3319 Hispanorum.

1360 3435 1491 3476 Biscaye,
1506 3445 1541 3473 qe
1555 3446 1641 3466 corne
1654 3436 1674 3466 11
1686 3436 1784 3474 soyent
1794 3436 1859 3466 sanz
1874 3435 1949 3476 nuyll

2473 3193 2493 3215 Ψ
2505 3194 2546 3223 111

2490 3234 2546 3271 632.
2558 3255 2562 3265 ‚

1438 3358 1548 3389 Nostre
1565 3357 1700 3396 Seigneur
1720 3358 1745 3390 le
1759 3358 1818 3389 Roi
1835 3357 1998 3389 demonstre
2015 3359 2040 3390 la
2056 3358 2270 3391 Communaute
2283 3357 2355 3389 dela
2370 3359 2432 3390 Vil-
2453 3325 2546 3407 Agli7l
2558 3360 2560 3363 ’

1439 3397 1465 3428 le
1480 3398 1516 3427 de
1537 3397 1686 3436 Bernieio,
1710 3408 1762 3436 pur
1781 3397 1867 3438 Seye
1886 3407 1939 3435 pur
1958 3397 1996 3428 les
2017 3406 2105 3429 autres
2125 3399 2209 3430 Villes
2228 3397 2266 3427 du
2289 3407 2376 3434 pouer
2393 3399 2430 3430 de
2452 3410 2504 3434 An.
2521 3415 2545 3433 ις

1657 3438 1661 3441 “
2118 3436 2155 3468 du
2176 3436 2250 3466 Poer
2265 3436 2298 3466 &
2310 3435 2427 3474 Jurisdi-
2451 3450 2480 3472 E.
2497 3453 2522 3472 2,

1361 3475 1440 3505 &ion
1455 3474 1491 3504 de
1507 3474 1628 3505 Madam
1642 3474 1737 3505 Marie
1750 3474 1786 3505 de
1806 3474 1926 3516 Viscay3
1944 3485 1960 3505 e
1975 3474 2001 3519 se
2022 3476 2123 3514 jugent
2143 3484 2192 3512 par
2207 3482 2283 3504 autre
2295 3474 2321 3504 le
2335 3485 2369 3512 qe
2387 3476 2425 3506 les
2443 3487 2514 3511 Penes

1360 3512 1443 3543 Gens
1455 3513 1490 3543 de
1512 3512 1675 3553 Espaynhe,
1693 3523 1710 3543 e
1729 3522 1799 3544 vous
1820 3523 1881 3554 ayes
1902 3522 2028 3553 outrOie,
2045 3521 2126 3545 avant
2145 3522 2191 3543 ces
2211 3512 2323 3551 rieures,
2342 3513 2380 3543 M

1361 3552 1427 3582 chen
1439 3559 1537 3582 contre
1547 3552 1586 3581 les
1597 3550 1685 3582 Genz
1700 3551 1738 3582 du
1752 3551 1882 3582 Reaume
1893 3552 2073 3590 d'Espainne:

1399 3589 1477 3620 Pour
1492 3589 1517 3619 la
1530 3589 1610 3628 quele
1623 3589 1761 3620 enchesun
1774 3589 1812 3620 les
1827 3590 1925 3622 Gentz
1940 3592 1976 3622 de
1993 3589 2143 3626 Vermeio,
2162 3596 2179 3617 e
2196 3596 2286 3619 autres
2297 3588 2334 3619 du
2349 3589 2425 3621 Poer

1361 3628 1398 3659 de
1415 3627 1549 3667 Viscaye,
1562 3636 1614 3658 ont
1629 3628 1686 3658 este
1698 3628 1816 3665 damage
1831 3640 1847 3659 a
1863 3639 1945 3660 court
1951 3652 1961 3668 ,
1979 3639 2049 3667 pour
2063 3636 2118 3658 ceo
2133 3625 2182 3664 q’il
2195 3636 2232 3656 ne
2246 3627 2336 3658 furent
2351 3629 2426 3669 nuyll

1362 3676 1452 3704 temps
1465 3665 1661 3697 consenteront
1675 3676 1712 3696 en
1734 3667 1810 3705 nuyll
1830 3667 1932 3706 forfet,
1951 3677 2004 3706 que
2023 3666 2061 3695 les
2080 3664 2168 3695 Genz
2190 3664 2227 3694 du
2242 3664 2374 3697 Reaume
2391 3668 2427 3698 de

1364 3704 1500 3744 Espaigne
1518 3702 1627 3735 feiffent
1642 3713 1742 3736 contre
1756 3715 1826 3736 vous
1839 3729 1848 3744 ,
1872 3717 1888 3737 e
1902 3715 1964 3737 tout
1977 3714 2046 3735 vous
2069 3703 2168 3740 Gens3
2185 3702 2261 3733 Ainz
2283 3713 2336 3735 ont
2353 3705 2428 3744 este,

1364 3751 1433 3773 touz
1444 3745 1537 3781 jourS,
1555 3753 1590 3774 au
1603 3750 1709 3781 tempts
1721 3743 1757 3774 de
1779 3744 1804 3774 la
1826 3745 1953 3782 Guerre,
1975 3743 2012 3772 de
2033 3741 2215 3778 Gascoinhe,
2234 3741 2337 3778 *devert
2358 3754 2429 3774 vous

1365 3791 1381 3811 e
1402 3791 1473 3811 vous
1495 3780 1582 3811 Genz
1596 3803 1606 3819 ,
1631 3791 1648 3812 e
1668 3790 1719 3812 ont
1742 3782 1839 3822 aydea
1852 3792 1923 3813 vous
1947 3780 2034 3810 Genz
2051 3780 2087 3810 de
2105 3778 2254 3818 Vitailhes,
2280 3790 2296 3810 e
2322 3781 2431 3812 dautres
2481 3797 2484 3799 Δ

1365 3819 1500 3858 chouses,
1527 3819 1627 3850 Solom
1640 3819 1682 3850 lur
1697 3820 1787 3859 Poer,
1804 3829 1888 3859 quant
1899 3820 1937 3849 les
1949 3818 2047 3849 Gentz
2061 3817 2099 3848 du
2114 3817 2266 3858 Royaume
2287 3818 2323 3849 de
2337 3819 2432 3858 Espai-

1366 3867 1426 3926 {ne
1447 3857 1568 3889 estoient
1585 3867 1686 3890 contre
1715 3869 1809 3899 vom,
1832 3859 1866 3889 &
1890 3867 1940 3889 vos
1965 3856 2052 3887 Genz
2065 3879 2075 3894 ,
2101 3865 2138 3886 en
2160 3856 2230 3895 ayde
2247 3856 2286 3888 du
2311 3857 2376 3898 Roy
2396 3859 2432 3890 de

1390 3905 1485 3926 rance:

1406 3933 1442 3965 Et
1456 3935 1493 3965 de
1507 3934 1595 3966 cestes
1607 3935 1703 3967 choses
1735 3935 1811 3974 Sire,
1827 3943 1897 3965 vous
1909 3943 1976 3972 poes
1990 3932 2056 3962 bien
2078 3940 2221 3963 acertener
2242 3943 2292 3971 par
2310 3934 2348 3965 les
2367 3935 2432 3966 [et-

1367 3981 1438 4011 tres,
1457 3982 1512 4011 que
1525 3973 1552 4004 le
1565 3973 1633 4015 Roy
1645 3975 1682 4005 de
1696 3958 1738 4004 sss

1371 4020 1440 4042 vous
1454 4020 1506 4042 ont
1529 4020 1653 4052 enveye,
1669 4012 1711 4045 sur
1725 4010 1800 4042 ceste
1814 4009 1899 4042 chose
1906 4022 1916 4048 5

1732 3983 1846 4012 paigne,
1865 3982 1882 4002 e
1895 3971 1934 4002 les
1948 3970 2047 4002 Gentz
2059 3970 2095 4002 de
2109 3970 2198 4002 vestre
2214 3971 2278 4003 Vile
2288 3971 2324 4003 de
2339 3973 2434 4041 ligyon

2388 4019 2438 4044 ont
