<?xml version="1.0" encoding="UTF-8"?>
<!DOCTYPE html PUBLIC "-//W3C//DTD XHTML 1.0 Transitional//EN"
    "http://www.w3.org/TR/xhtml1/DTD/xhtml1-transitional.dtd">
<html xmlns="http://www.w3.org/1999/xhtml" xml:lang="en" lang="en">
 <head>
  <title>
</title>
<meta http-equiv="Content-Type" content="text/html;charset=utf-8" />
  <meta name='ocr-system' content='tesseract 3.04.00' />
  <meta name='ocr-capabilities' content='ocr_page ocr_carea ocr_par ocr_line ocrx_word'/>
</head>
<body>
  <div class='ocr_page' id='page_1' title='image "./fderaconventione02ryme_0296.png"; bbox 0 0 2562 4279; ppageno 0'>
   <div class='ocr_carea' id='block_1_1' title="bbox 235 71 282 121">
    <p class='ocr_par' dir='ltr' id='par_1_1' title="bbox 235 71 282 121">
     <span class='ocr_line' id='line_1_1' title="bbox 235 71 282 121; baseline 0 -21"><span class='ocrx_word' id='word_1_1' title='bbox 235 71 282 121; x_wconf 66' lang='lat'>52</span> 
     </span>
    </p>
   </div>
   <div class='ocr_carea' id='block_1_2' title="bbox 65 141 1296 192">
    <p class='ocr_par' dir='ltr' id='par_1_2' title="bbox 65 141 1296 192">
     <span class='ocr_line' id='line_1_2' title="bbox 65 141 1296 192; baseline 0.01 -21"><span class='ocrx_word' id='word_1_2' title='bbox 65 141 149 180; x_wconf 68' lang='lat' dir='ltr'>Ann.</span> <span class='ocrx_word' id='word_1_3' title='bbox 166 142 207 174; x_wconf 92' lang='lat' dir='ltr'>D.</span> <span class='ocrx_word' id='word_1_4' title='bbox 225 155 289 175; x_wconf 84' lang='lat' dir='ltr'>runi</span> <span class='ocrx_word' id='word_1_5' title='bbox 309 146 471 178; x_wconf 82' lang='lat' dir='ltr'>nostrorum</span> <span class='ocrx_word' id='word_1_6' title='bbox 491 148 609 188; x_wconf 67' lang='lat' dir='ltr'>gratiosa</span> <span class='ocrx_word' id='word_1_7' title='bbox 624 148 797 180; x_wconf 70' lang='lat' dir='ltr'>admistione</span> <span class='ocrx_word' id='word_1_8' title='bbox 810 173 820 189; x_wconf 87' lang='lat'>,</span> <span class='ocrx_word' id='word_1_9' title='bbox 842 150 876 181; x_wconf 86' lang='lat'>&amp;</span> <span class='ocrx_word' id='word_1_10' title='bbox 895 150 970 183; x_wconf 89' lang='lat' dir='ltr'>felici</span> <span class='ocrx_word' id='word_1_11' title='bbox 985 151 1164 192; x_wconf 81' lang='lat' dir='ltr'>expeditione</span> <span class='ocrx_word' id='word_1_12' title='bbox 1183 162 1296 183; x_wconf 86' lang='lat' dir='ltr'>eorum-</span> 
     </span>
    </p>
   </div>
   <div class='ocr_carea' id='block_1_3' title="bbox 71 180 2543 306">
    <p class='ocr_par' dir='ltr' id='par_1_3' title="bbox 71 180 2543 306">
     <span class='ocr_line' id='line_1_3' title="bbox 95 180 2543 232; baseline 0.007 -20"><span class='ocrx_word' id='word_1_13' title='bbox 95 191 181 222; x_wconf 79' lang='lat'>1322.</span> <span class='ocrx_word' id='word_1_14' title='bbox 222 183 290 214; x_wconf 89' lang='lat' dir='ltr'>dem</span> <span class='ocrx_word' id='word_1_15' title='bbox 305 208 315 223; x_wconf 91' lang='lat'>,</span> <span class='ocrx_word' id='word_1_16' title='bbox 343 187 440 216; x_wconf 71' lang='lat' dir='ltr'>vesti-ac</span> <span class='ocrx_word' id='word_1_17' title='bbox 458 180 626 217; x_wconf 84' lang='lat' dir='ltr'>Beatitudini</span> <span class='ocrx_word' id='word_1_18' title='bbox 646 186 680 217; x_wconf 89' lang='lat' dir='ltr'>ad</span> <span class='ocrx_word' id='word_1_19' title='bbox 699 196 789 226; x_wconf 81' lang='lat' dir='ltr'>grates</span> <span class='ocrx_word' id='word_1_20' title='bbox 811 189 845 220; x_wconf 92' lang='lat'>&amp;</span> <span class='ocrx_word' id='word_1_21' title='bbox 865 191 1018 229; x_wconf 86' lang='lat' dir='ltr'>gratiarum</span> <span class='ocrx_word' id='word_1_22' title='bbox 1036 201 1154 222; x_wconf 82' lang='lat' dir='ltr'>munera</span> <span class='ocrx_word' id='word_1_23' title='bbox 1175 192 1294 232; x_wconf 84' lang='lat' dir='ltr'>assurgi·</span> <span class='ocrx_word' id='word_1_24' title='bbox 2418 189 2492 226; x_wconf 67' lang='lat' dir='ltr'>Anu·</span> <span class='ocrx_word' id='word_1_25' title='bbox 2507 196 2543 230; x_wconf 89' lang='lat' dir='ltr'>D.</span> 
     </span>
     <span class='ocr_line' id='line_1_4' title="bbox 71 223 2521 271; baseline 0.009 -22"><span class='ocrx_word' id='word_1_26' title='bbox 71 223 142 250; x_wconf 71' lang='lat' dir='ltr'>Edu.</span> <span class='ocrx_word' id='word_1_27' title='bbox 155 232 182 250; x_wconf 88' lang='lat'>2.</span> <span class='ocrx_word' id='word_1_28' title='bbox 224 231 301 259; x_wconf 73' lang='lat' dir='ltr'>mus,</span> <span class='ocrx_word' id='word_1_29' title='bbox 320 225 352 254; x_wconf 70' lang='grc' dir='ltr'>δε</span> <span class='ocrx_word' id='word_1_30' title='bbox 363 249 370 261; x_wconf 81' lang='lat'>,</span> <span class='ocrx_word' id='word_1_31' title='bbox 390 224 507 254; x_wconf 79' lang='lat' dir='ltr'>utinam!</span> <span class='ocrx_word' id='word_1_32' title='bbox 528 226 604 255; x_wconf 87' lang='lat' dir='ltr'>vices</span> <span class='ocrx_word' id='word_1_33' title='bbox 619 233 704 264; x_wconf 86' lang='lat' dir='ltr'>gratas</span> <span class='ocrx_word' id='word_1_34' title='bbox 718 228 751 258; x_wconf 65' lang='grc' dir='ltr'>ὅς</span> <span class='ocrx_word' id='word_1_35' title='bbox 767 227 872 258; x_wconf 86' lang='lat' dir='ltr'>debitas</span> <span class='ocrx_word' id='word_1_36' title='bbox 888 251 897 267; x_wconf 83' lang='lat'>,</span> <span class='ocrx_word' id='word_1_37' title='bbox 920 238 1005 269; x_wconf 88' lang='lat' dir='ltr'>prout</span> <span class='ocrx_word' id='word_1_38' title='bbox 1026 230 1211 262; x_wconf 87' lang='lat' dir='ltr'>desideramus</span> <span class='ocrx_word' id='word_1_39' title='bbox 1227 240 1293 261; x_wconf 86' lang='lat' dir='ltr'>cor·</span> <span class='ocrx_word' id='word_1_40' title='bbox 2441 239 2521 271; x_wconf 82' lang='lat'>¹322·</span> 
     </span>
     <span class='ocr_line' id='line_1_5' title="bbox 224 261 2528 306; baseline 0.004 -16"><span class='ocrx_word' id='word_1_41' title='bbox 224 261 311 298; x_wconf 85' lang='lat' dir='ltr'>diter,</span> <span class='ocrx_word' id='word_1_42' title='bbox 327 262 476 301; x_wconf 76' lang='lat' dir='ltr'>rependere</span> <span class='ocrx_word' id='word_1_43' title='bbox 489 263 637 293; x_wconf 82' lang='lat' dir='ltr'>valeamus.</span> <span class='ocrx_word' id='word_1_44' title='bbox 739 269 742 272; x_wconf 91' lang='lat'>&#39;</span> <span class='ocrx_word' id='word_1_45' title='bbox 2421 273 2485 300; x_wconf 67' lang='grc' dir='ltr'><strong><em>«Ἐάν.</em></strong></span> <span class='ocrx_word' id='word_1_46' title='bbox 2503 285 2528 306; x_wconf 78' lang='lat'>2,</span> 
     </span>
    </p>
   </div>
   <div class='ocr_carea' id='block_1_4' title="bbox 55 2108 146 2185">
    <p class='ocr_par' dir='ltr' id='par_1_4' title="bbox 55 2108 146 2185">
     <span class='ocr_line' id='line_1_6' title="bbox 56 2108 146 2138; baseline 0.011 -1"><span class='ocrx_word' id='word_1_47' title='bbox 56 2108 76 2129; x_wconf 77' lang='lat'>¹‘</span> <span class='ocrx_word' id='word_1_48' title='bbox 92 2111 146 2138; x_wconf 79' lang='grc' dir='ltr'>ΙΙΙ.</span> 
     </span>
     <span class='ocr_line' id='line_1_7' title="bbox 55 2151 122 2185; baseline 0.015 -9"><span class='ocrx_word' id='word_1_49' title='bbox 55 2151 122 2185; x_wconf 86' lang='grc'><strong><em>966.</em></strong></span> 
     </span>
    </p>
   </div>
   <div class='ocr_carea' id='block_1_5' title="bbox 218 299 1294 1038">
    <p class='ocr_par' dir='ltr' id='par_1_5' title="bbox 219 299 1291 495">
     <span class='ocr_line' id='line_1_8' title="bbox 261 299 1291 346; baseline 0.01 -18"><span class='ocrx_word' id='word_1_50' title='bbox 261 299 334 337; x_wconf 85' lang='lat' dir='ltr'>Sed,</span> <span class='ocrx_word' id='word_1_51' title='bbox 352 300 433 329; x_wconf 74' lang='lat' dir='ltr'>ecce!</span> <span class='ocrx_word' id='word_1_52' title='bbox 454 300 536 330; x_wconf 85' lang='lat' dir='ltr'>Pater</span> <span class='ocrx_word' id='word_1_53' title='bbox 557 299 676 340; x_wconf 64' lang='lat' dir='ltr'>Sancte,</span> <span class='ocrx_word' id='word_1_54' title='bbox 693 302 757 339; x_wconf 92' lang='lat' dir='ltr'>post</span> <span class='ocrx_word' id='word_1_55' title='bbox 778 303 1032 346; x_wconf 78' lang='lat' dir='ltr'>consolationem,</span> <span class='ocrx_word' id='word_1_56' title='bbox 1052 318 1067 338; x_wconf 87' lang='lat' dir='ltr'>a</span> <span class='ocrx_word' id='word_1_57' title='bbox 1088 307 1171 339; x_wconf 66' lang='lat' dir='ltr'>dietis</span> <span class='ocrx_word' id='word_1_58' title='bbox 1192 307 1291 338; x_wconf 90' lang='lat' dir='ltr'>vestris</span> 
     </span>
     <span class='ocr_line' id='line_1_9' title="bbox 223 337 1290 385; baseline 0.009 -18"><span class='ocrx_word' id='word_1_59' title='bbox 223 337 339 375; x_wconf 83' lang='lat' dir='ltr'>Literis,</span> <span class='ocrx_word' id='word_1_60' title='bbox 362 339 395 368; x_wconf 77' lang='grc' dir='ltr'>δε</span> <span class='ocrx_word' id='word_1_61' title='bbox 418 339 551 369; x_wconf 75' lang='lat' dir='ltr'>relatione</span> <span class='ocrx_word' id='word_1_62' title='bbox 573 339 715 371; x_wconf 63' lang='lat' dir='ltr'>dierorum</span> <span class='ocrx_word' id='word_1_63' title='bbox 739 341 927 375; x_wconf 89' lang='lat' dir='ltr'>Nunciorum</span> <span class='ocrx_word' id='word_1_64' title='bbox 947 346 1112 377; x_wconf 87' lang='lat' dir='ltr'>nostrorum</span> <span class='ocrx_word' id='word_1_65' title='bbox 1131 346 1290 385; x_wconf 66' lang='lat' dir='ltr'>intellecta,</span> 
     </span>
     <span class='ocr_line' id='line_1_10' title="bbox 220 375 1289 424; baseline 0.011 -21"><span class='ocrx_word' id='word_1_66' title='bbox 220 375 354 418; x_wconf 70' lang='lat' dir='ltr'>angustia:</span> <span class='ocrx_word' id='word_1_67' title='bbox 376 376 445 406; x_wconf 80' lang='lat' dir='ltr'>dirae</span> <span class='ocrx_word' id='word_1_68' title='bbox 466 378 559 408; x_wconf 89' lang='lat' dir='ltr'>nostra</span> <span class='ocrx_word' id='word_1_69' title='bbox 582 379 741 420; x_wconf 69' lang='lat' dir='ltr'>praecordia</span> <span class='ocrx_word' id='word_1_70' title='bbox 758 381 913 415; x_wconf 64' lang='lat' dir='ltr'>fiueiarunt</span> <span class='ocrx_word' id='word_1_71' title='bbox 928 383 962 414; x_wconf 85' lang='lat' dir='ltr'>ex</span> <span class='ocrx_word' id='word_1_72' title='bbox 982 385 1056 423; x_wconf 87' lang='lat' dir='ltr'>hoc,</span> <span class='ocrx_word' id='word_1_73' title='bbox 1076 385 1157 424; x_wconf 81' lang='lat' dir='ltr'>quod</span> <span class='ocrx_word' id='word_1_74' title='bbox 1172 395 1289 424; x_wconf 85' lang='lat' dir='ltr'>contra,</span> 
     </span>
     <span class='ocr_line' id='line_1_11' title="bbox 220 413 1290 462; baseline 0.014 -21"><span class='ocrx_word' id='word_1_75' title='bbox 220 413 357 456; x_wconf 31' lang='lat' dir='ltr'>dilect—um</span> <span class='ocrx_word' id='word_1_76' title='bbox 379 413 526 446; x_wconf 89' lang='lat' dir='ltr'>Clericurn</span> <span class='ocrx_word' id='word_1_77' title='bbox 549 417 698 457; x_wconf 81' lang='lat' dir='ltr'>nostrum,</span> <span class='ocrx_word' id='word_1_78' title='bbox 717 418 893 458; x_wconf 81' lang='lat' dir='ltr'>Magistrum</span> <span class='ocrx_word' id='word_1_79' title='bbox 916 422 1083 454; x_wconf 85' lang='lat' dir='ltr'>Robertum</span> <span class='ocrx_word' id='word_1_80' title='bbox 1104 424 1141 454; x_wconf 90' lang='lat' dir='ltr'>de</span> <span class='ocrx_word' id='word_1_81' title='bbox 1163 423 1290 462; x_wconf 77' lang='lat' dir='ltr'>Baidok‚</span> 
     </span>
     <span class='ocr_line' id='line_1_12' title="bbox 219 451 753 495; baseline 0.015 -15"><span class='ocrx_word' id='word_1_82' title='bbox 219 451 465 484; x_wconf 85' lang='lat' dir='ltr'>Archidiaconum</span> <span class='ocrx_word' id='word_1_83' title='bbox 481 454 691 495; x_wconf 78' lang='lat' dir='ltr'>Middlesexiae,</span> <span class='ocrx_word' id='word_1_84' title='bbox 750 472 753 475; x_wconf 93' lang='lat'>·</span> 
     </span>
    </p>

    <p class='ocr_par' dir='ltr' id='par_1_6' title="bbox 218 488 1294 808">
     <span class='ocr_line' id='line_1_13' title="bbox 259 488 1289 539; baseline 0.014 -21"><span class='ocrx_word' id='word_1_85' title='bbox 259 488 316 519; x_wconf 89' lang='lat' dir='ltr'>Cui</span> <span class='ocrx_word' id='word_1_86' title='bbox 331 500 438 530; x_wconf 88' lang='lat' dir='ltr'>nuper,</span> <span class='ocrx_word' id='word_1_87' title='bbox 457 501 525 523; x_wconf 89' lang='lat' dir='ltr'>tunc</span> <span class='ocrx_word' id='word_1_88' title='bbox 538 494 658 534; x_wconf 87' lang='lat' dir='ltr'>absenti,</span> <span class='ocrx_word' id='word_1_89' title='bbox 673 497 706 527; x_wconf 92' lang='lat'>&amp;</span> <span class='ocrx_word' id='word_1_90' title='bbox 720 498 831 537; x_wconf 75' lang='lat' dir='ltr'>penitus</span> <span class='ocrx_word' id='word_1_91' title='bbox 843 499 1000 539; x_wconf 79' lang='lat' dir='ltr'>ignoranti,</span> <span class='ocrx_word' id='word_1_92' title='bbox 1017 500 1195 532; x_wconf 81' lang='lat' dir='ltr'>contulimus</span> <span class='ocrx_word' id='word_1_93' title='bbox 1208 500 1289 531; x_wconf 84' lang='lat' dir='ltr'>Prae-</span> 
     </span>
     <span class='ocr_line' id='line_1_14' title="bbox 219 527 1291 574; baseline 0.014 -18"><span class='ocrx_word' id='word_1_94' title='bbox 219 527 342 558; x_wconf 79' lang='lat' dir='ltr'>bendani</span> <span class='ocrx_word' id='word_1_95' title='bbox 364 532 399 560; x_wconf 88' lang='lat' dir='ltr'>de</span> <span class='ocrx_word' id='word_1_96' title='bbox 422 532 575 571; x_wconf 79' lang='lat' dir='ltr'>Aylesbury</span> <span class='ocrx_word' id='word_1_97' title='bbox 597 535 751 574; x_wconf 85' lang='lat' dir='ltr'>integram,</span> <span class='ocrx_word' id='word_1_98' title='bbox 769 538 799 567; x_wconf 92' lang='lat' dir='ltr'>in</span> <span class='ocrx_word' id='word_1_99' title='bbox 821 536 949 569; x_wconf 71' lang='lat' dir='ltr'>Ecclesia</span> <span class='ocrx_word' id='word_1_100' title='bbox 971 539 1164 570; x_wconf 89' lang='lat' dir='ltr'>Lincolniensi</span> <span class='ocrx_word' id='word_1_101' title='bbox 1186 550 1291 570; x_wconf 91' lang='lat' dir='ltr'>vacan-</span> 
     </span>
     <span class='ocr_line' id='line_1_15' title="bbox 220 568 1290 617; baseline 0.013 -22"><span class='ocrx_word' id='word_1_102' title='bbox 220 574 300 609; x_wconf 77' lang='lat' dir='ltr'>tem,</span> <span class='ocrx_word' id='word_1_103' title='bbox 319 568 356 611; x_wconf 26' lang='lat'>&amp;¹</span> <span class='ocrx_word' id='word_1_104' title='bbox 373 569 406 598; x_wconf 83' lang='lat' dir='ltr'>ad</span> <span class='ocrx_word' id='word_1_105' title='bbox 429 570 554 601; x_wconf 91' lang='lat' dir='ltr'>nostram</span> <span class='ocrx_word' id='word_1_106' title='bbox 575 571 772 607; x_wconf 84' lang='lat' dir='ltr'>Donationem</span> <span class='ocrx_word' id='word_1_107' title='bbox 791 576 965 613; x_wconf 66' lang='lat' dir='ltr'>spectantem</span> <span class='ocrx_word' id='word_1_108' title='bbox 986 579 1093 609; x_wconf 86' lang='lat' dir='ltr'>ratione</span> <span class='ocrx_word' id='word_1_109' title='bbox 1106 577 1290 617; x_wconf 70' lang='lat' dir='ltr'>Episcopatus</span> 
     </span>
     <span class='ocr_line' id='line_1_16' title="bbox 219 603 1291 654; baseline 0.013 -21"><span class='ocrx_word' id='word_1_110' title='bbox 219 603 428 638; x_wconf 82' lang='lat' dir='ltr'>Lincolniensis</span> <span class='ocrx_word' id='word_1_111' title='bbox 440 618 529 647; x_wconf 86' lang='lat' dir='ltr'><strong>nuper</strong></span> <span class='ocrx_word' id='word_1_112' title='bbox 544 613 688 651; x_wconf 82' lang='lat' dir='ltr'>vacantis,</span> <span class='ocrx_word' id='word_1_113' title='bbox 705 614 739 644; x_wconf 68' lang='grc' dir='ltr'>ὃς</span> <span class='ocrx_word' id='word_1_114' title='bbox 754 614 784 644; x_wconf 91' lang='lat' dir='ltr'>in</span> <span class='ocrx_word' id='word_1_115' title='bbox 800 624 890 645; x_wconf 86' lang='lat' dir='ltr'>manu</span> <span class='ocrx_word' id='word_1_116' title='bbox 905 615 1000 647; x_wconf 75' lang='lat' dir='ltr'>nostra</span> <span class='ocrx_word' id='word_1_117' title='bbox 1015 616 1168 654; x_wconf 74' lang='lat' dir='ltr'>existentis,</span> <span class='ocrx_word' id='word_1_118' title='bbox 1190 617 1291 647; x_wconf 71' lang='lat' dir='ltr'>dictae-</span> 
     </span>
     <span class='ocr_line' id='line_1_17' title="bbox 218 643 1292 695; baseline 0.012 -22"><span class='ocrx_word' id='word_1_119' title='bbox 218 653 276 687; x_wconf 79' lang='lat' dir='ltr'>que</span> <span class='ocrx_word' id='word_1_120' title='bbox 290 643 457 689; x_wconf 66' lang='lat' dir='ltr'>Praebendae</span> <span class='ocrx_word' id='word_1_121' title='bbox 471 648 687 690; x_wconf 86' lang='lat' dir='ltr'>Advocatione,</span> <span class='ocrx_word' id='word_1_122' title='bbox 705 652 740 682; x_wconf 92' lang='lat' dir='ltr'>ad</span> <span class='ocrx_word' id='word_1_123' title='bbox 752 662 805 683; x_wconf 83' lang='lat' dir='ltr'>nos</span> <span class='ocrx_word' id='word_1_124' title='bbox 818 660 886 684; x_wconf 88' lang='lat' dir='ltr'>tunc</span> <span class='ocrx_word' id='word_1_125' title='bbox 916 657 1071 692; x_wconf 77' lang='lat' dir='ltr'><strong>pertinente</strong></span> <span class='ocrx_word' id='word_1_126' title='bbox 1086 678 1096 693; x_wconf 90' lang='lat'>,</span> <span class='ocrx_word' id='word_1_127' title='bbox 1115 655 1292 695; x_wconf 66' lang='lat' dir='ltr'>discuffisque</span> 
     </span>
     <span class='ocr_line' id='line_1_18' title="bbox 218 684 1294 729; baseline 0.013 -18"><span class='ocrx_word' id='word_1_128' title='bbox 218 691 348 725; x_wconf 80' lang='lat' dir='ltr'>primitus</span> <span class='ocrx_word' id='word_1_129' title='bbox 365 694 394 714; x_wconf 92' lang='lat' dir='ltr'>1n</span> <span class='ocrx_word' id='word_1_130' title='bbox 410 684 498 719; x_wconf 61' lang='lat' dir='ltr'>Curia</span> <span class='ocrx_word' id='word_1_131' title='bbox 513 688 610 719; x_wconf 74' lang='lat' dir='ltr'>nostra</span> <span class='ocrx_word' id='word_1_132' title='bbox 626 690 763 729; x_wconf 77' lang='lat' dir='ltr'>plenarie,</span> <span class='ocrx_word' id='word_1_133' title='bbox 782 691 936 723; x_wconf 86' lang='lat' dir='ltr'>secundum</span> <span class='ocrx_word' id='word_1_134' title='bbox 960 694 1003 724; x_wconf 89' lang='lat' dir='ltr'>Le</span> <span class='ocrx_word' id='word_1_135' title='bbox 1022 703 1068 723; x_wconf 89' lang='lat' dir='ltr'>ern</span> <span class='ocrx_word' id='word_1_136' title='bbox 1084 695 1117 724; x_wconf 87' lang='lat'>&amp;</span> <span class='ocrx_word' id='word_1_137' title='bbox 1133 692 1294 724; x_wconf 89' lang='lat' dir='ltr'>Consuetu-</span> 
     </span>
     <span class='ocr_line' id='line_1_19' title="bbox 219 719 1293 770; baseline 0.012 -21"><span class='ocrx_word' id='word_1_138' title='bbox 219 719 318 763; x_wconf 82' lang='lat' dir='ltr'>dinem</span> <span class='ocrx_word' id='word_1_139' title='bbox 340 721 437 762; x_wconf 81' lang='lat' dir='ltr'>Regni</span> <span class='ocrx_word' id='word_1_140' title='bbox 459 725 549 757; x_wconf 87' lang='lat' dir='ltr'>nostri</span> <span class='ocrx_word' id='word_1_141' title='bbox 572 728 620 760; x_wconf 74' lang='lat' dir='ltr'>(in</span> <span class='ocrx_word' id='word_1_142' title='bbox 643 728 698 766; x_wconf 67' lang='lat' dir='ltr'>qua</span> <span class='ocrx_word' id='word_1_143' title='bbox 712 753 721 767; x_wconf 85' lang='lat'>,</span> <span class='ocrx_word' id='word_1_144' title='bbox 752 731 786 761; x_wconf 89' lang='lat'>&amp;</span> <span class='ocrx_word' id='word_1_145' title='bbox 810 740 869 761; x_wconf 89' lang='lat' dir='ltr'>non</span> <span class='ocrx_word' id='word_1_146' title='bbox 889 732 981 770; x_wconf 88' lang='lat' dir='ltr'>alibi,</span> <span class='ocrx_word' id='word_1_147' title='bbox 1031 732 1215 762; x_wconf 84' lang='lat' dir='ltr'>eneficiorum</span> <span class='ocrx_word' id='word_1_148' title='bbox 1238 733 1293 762; x_wconf 88' lang='lat' dir='ltr'>hu-</span> 
     </span>
     <span class='ocr_line' id='line_1_20' title="bbox 218 759 1236 808; baseline 0.013 -20"><span class='ocrx_word' id='word_1_149' title='bbox 218 759 338 797; x_wconf 69' lang='lat' dir='ltr'>jusmodi</span> <span class='ocrx_word' id='word_1_150' title='bbox 352 761 422 801; x_wconf 89' lang='lat' dir='ltr'>Jura</span> <span class='ocrx_word' id='word_1_151' title='bbox 437 763 603 799; x_wconf 72' lang='lat' dir='ltr'>Patronatus</span> <span class='ocrx_word' id='word_1_152' title='bbox 616 767 724 798; x_wconf 89' lang='lat' dir='ltr'>debent</span> <span class='ocrx_word' id='word_1_153' title='bbox 739 770 903 806; x_wconf 83' lang='lat' dir='ltr'>terminari)</span> <span class='ocrx_word' id='word_1_154' title='bbox 925 770 1020 807; x_wconf 74' lang='lat' dir='ltr'>Regio</span> <span class='ocrx_word' id='word_1_155' title='bbox 1033 770 1102 808; x_wconf 87' lang='lat' dir='ltr'>Jure</span> <span class='ocrx_word' id='word_1_156' title='bbox 1118 770 1217 800; x_wconf 88' lang='lat' dir='ltr'>nostro</span> <span class='ocrx_word' id='word_1_157' title='bbox 1227 795 1236 808; x_wconf 93' lang='lat'>,</span> 
     </span>
    </p>

    <p class='ocr_par' dir='ltr' id='par_1_7' title="bbox 218 797 1294 882">
     <span class='ocr_line' id='line_1_21' title="bbox 255 797 1294 848; baseline 0.012 -20"><span class='ocrx_word' id='word_1_158' title='bbox 255 797 293 829; x_wconf 85' lang='lat' dir='ltr'>Et</span> <span class='ocrx_word' id='word_1_159' title='bbox 315 810 414 832; x_wconf 90' lang='lat' dir='ltr'>contra</span> <span class='ocrx_word' id='word_1_160' title='bbox 428 826 437 841; x_wconf 94' lang='lat'>,</span> <span class='ocrx_word' id='word_1_161' title='bbox 463 803 600 836; x_wconf 64' lang='lat' dir='ltr'>diletftum</span> <span class='ocrx_word' id='word_1_162' title='bbox 621 805 771 837; x_wconf 87' lang='lat' dir='ltr'>Clericum</span> <span class='ocrx_word' id='word_1_163' title='bbox 793 808 924 838; x_wconf 86' lang='lat' dir='ltr'>nostrum</span> <span class='ocrx_word' id='word_1_164' title='bbox 942 832 951 848; x_wconf 83' lang='lat'>,</span> <span class='ocrx_word' id='word_1_165' title='bbox 972 803 1146 848; x_wconf 82' lang='lat' dir='ltr'>Magistrum</span> <span class='ocrx_word' id='word_1_166' title='bbox 1167 809 1294 840; x_wconf 85' lang='lat' dir='ltr'>Williel-</span> 
     </span>
     <span class='ocr_line' id='line_1_22' title="bbox 218 839 568 882; baseline 0.023 -16"><span class='ocrx_word' id='word_1_167' title='bbox 218 845 300 867; x_wconf 89' lang='lat' dir='ltr'>mum</span> <span class='ocrx_word' id='word_1_168' title='bbox 315 839 351 870; x_wconf 91' lang='lat' dir='ltr'>de</span> <span class='ocrx_word' id='word_1_169' title='bbox 366 840 393 871; x_wconf 92' lang='lat' dir='ltr'>A</span> <span class='ocrx_word' id='word_1_170' title='bbox 413 851 568 882; x_wconf 79' lang='lat' dir='ltr'>remynne,</span> 
     </span>
    </p>

    <p class='ocr_par' dir='ltr' id='par_1_8' title="bbox 218 876 1292 1038">
     <span class='ocr_line' id='line_1_23' title="bbox 255 876 1292 926; baseline 0.01 -20"><span class='ocrx_word' id='word_1_171' title='bbox 255 876 313 907; x_wconf 89' lang='lat' dir='ltr'>Cui</span> <span class='ocrx_word' id='word_1_172' title='bbox 332 877 396 910; x_wconf 82' lang='lat' dir='ltr'>Prae</span> <span class='ocrx_word' id='word_1_173' title='bbox 418 881 518 912; x_wconf 85' lang='lat' dir='ltr'>endam</span> <span class='ocrx_word' id='word_1_174' title='bbox 534 882 569 912; x_wconf 94' lang='lat' dir='ltr'>de</span> <span class='ocrx_word' id='word_1_175' title='bbox 585 882 717 922; x_wconf 83' lang='lat' dir='ltr'>Legbton</span> <span class='ocrx_word' id='word_1_176' title='bbox 730 883 846 923; x_wconf 85' lang='lat' dir='ltr'>Busard,</span> <span class='ocrx_word' id='word_1_177' title='bbox 864 885 894 915; x_wconf 89' lang='lat' dir='ltr'>in</span> <span class='ocrx_word' id='word_1_178' title='bbox 909 884 1035 916; x_wconf 71' lang='lat' dir='ltr'>Ecclesia</span> <span class='ocrx_word' id='word_1_179' title='bbox 1049 885 1186 926; x_wconf 59' lang='lat' dir='ltr'>praedicta</span> <span class='ocrx_word' id='word_1_180' title='bbox 1200 896 1292 924; x_wconf 82' lang='lat' dir='ltr'>nuper</span> 
     </span>
     <span class='ocr_line' id='line_1_24' title="bbox 219 919 1292 963; baseline 0.01 -19"><span class='ocrx_word' id='word_1_181' title='bbox 219 924 385 956; x_wconf 85' lang='lat' dir='ltr'>vacantem,</span> <span class='ocrx_word' id='word_1_182' title='bbox 408 920 442 950; x_wconf 83' lang='lat'>&amp;</span> <span class='ocrx_word' id='word_1_183' title='bbox 456 919 491 950; x_wconf 82' lang='lat' dir='ltr'>ad</span> <span class='ocrx_word' id='word_1_184' title='bbox 506 920 633 951; x_wconf 88' lang='lat' dir='ltr'>nostram</span> <span class='ocrx_word' id='word_1_185' title='bbox 649 921 847 954; x_wconf 85' lang='lat' dir='ltr'>Donationem</span> <span class='ocrx_word' id='word_1_186' title='bbox 860 923 1033 963; x_wconf 73' lang='lat' dir='ltr'>spectantem</span> <span class='ocrx_word' id='word_1_187' title='bbox 1047 925 1152 954; x_wconf 86' lang='lat' dir='ltr'>ratione</span> <span class='ocrx_word' id='word_1_188' title='bbox 1168 926 1292 955; x_wconf 85' lang='lat' dir='ltr'>vacatio-</span> 
     </span>
     <span class='ocr_line' id='line_1_25' title="bbox 218 953 1291 1003; baseline 0.009 -20"><span class='ocrx_word' id='word_1_189' title='bbox 218 954 261 983; x_wconf 86' lang='lat' dir='ltr'>nis</span> <span class='ocrx_word' id='word_1_190' title='bbox 282 953 466 998; x_wconf 70' lang='lat' dir='ltr'>Episcopatus</span> <span class='ocrx_word' id='word_1_191' title='bbox 487 959 615 1001; x_wconf 64' lang='lat' dir='ltr'>praedicti</span> <span class='ocrx_word' id='word_1_192' title='bbox 634 961 732 997; x_wconf 76' lang='lat' dir='ltr'>(simili</span> <span class='ocrx_word' id='word_1_193' title='bbox 749 961 818 1000; x_wconf 82' lang='lat' dir='ltr'>Jure</span> <span class='ocrx_word' id='word_1_194' title='bbox 837 962 934 992; x_wconf 81' lang='lat' dir='ltr'>nostro</span> <span class='ocrx_word' id='word_1_195' title='bbox 947 986 957 1000; x_wconf 84' lang='lat'>,</span> <span class='ocrx_word' id='word_1_196' title='bbox 981 972 1011 993; x_wconf 89' lang='lat' dir='ltr'>ut</span> <span class='ocrx_word' id='word_1_197' title='bbox 1031 964 1236 1003; x_wconf 67' lang='lat' dir='ltr'>praemittitur,</span> <span class='ocrx_word' id='word_1_198' title='bbox 1262 964 1291 993; x_wconf 89' lang='lat' dir='ltr'>in</span> 
     </span>
     <span class='ocr_line' id='line_1_26' title="bbox 218 991 921 1038; baseline 0.011 -16"><span class='ocrx_word' id='word_1_199' title='bbox 218 991 309 1024; x_wconf 66' lang='lat' dir='ltr'>Curia</span> <span class='ocrx_word' id='word_1_200' title='bbox 323 995 420 1026; x_wconf 73' lang='lat' dir='ltr'>nostra</span> <span class='ocrx_word' id='word_1_201' title='bbox 435 997 555 1035; x_wconf 79' lang='lat' dir='ltr'>plenarie</span> <span class='ocrx_word' id='word_1_202' title='bbox 569 997 708 1037; x_wconf 70' lang='lat' dir='ltr'>dircuffo)</span> <span class='ocrx_word' id='word_1_203' title='bbox 728 1000 921 1038; x_wconf 87' lang='lat' dir='ltr'>contulimus,</span> 
     </span>
    </p>
   </div>
   <div class='ocr_carea' id='block_1_6' title="bbox 217 1031 1292 1100">
    <p class='ocr_par' dir='ltr' id='par_1_9' title="bbox 217 1031 1292 1100">
     <span class='ocr_line' id='line_1_27' title="bbox 217 1031 1292 1100; baseline 0.01 -39"><span class='ocrx_word' id='word_1_204' title='bbox 217 1068 237 1100; x_wconf 74' lang='lat' dir='ltr'><strong>s</strong></span> <span class='ocrx_word' id='word_1_205' title='bbox 257 1031 356 1064; x_wconf 85' lang='lat' dir='ltr'>Nimis</span> <span class='ocrx_word' id='word_1_206' title='bbox 376 1035 535 1066; x_wconf 77' lang='lat' dir='ltr'>voluntarie</span> <span class='ocrx_word' id='word_1_207' title='bbox 547 1059 556 1074; x_wconf 83' lang='lat'>‚</span> <span class='ocrx_word' id='word_1_208' title='bbox 582 1047 684 1075; x_wconf 78' lang='lat' dir='ltr'>praeter</span> <span class='ocrx_word' id='word_1_209' title='bbox 704 1039 826 1070; x_wconf 88' lang='lat' dir='ltr'>vestram</span> <span class='ocrx_word' id='word_1_210' title='bbox 848 1038 1083 1079; x_wconf 78' lang='lat' dir='ltr'>Conscientiam,</span> <span class='ocrx_word' id='word_1_211' title='bbox 1108 1039 1151 1070; x_wconf 87' lang='lat' dir='ltr'>est</span> <span class='ocrx_word' id='word_1_212' title='bbox 1172 1040 1292 1072; x_wconf 84' lang='lat' dir='ltr'>Proces—</span> 
     </span>
     <span class='ocr_line' id='line_1_28' title="bbox 230 1079 289 1099; baseline -0.017 0"><span class='ocrx_word' id='word_1_213' title='bbox 230 1079 289 1099; x_wconf 87' lang='lat' dir='ltr'>um.</span> 
     </span>
    </p>
   </div>
   <div class='ocr_carea' id='block_1_7' title="bbox 203 1108 1290 2702">
    <p class='ocr_par' dir='ltr' id='par_1_10' title="bbox 254 1108 887 1155">
     <span class='ocr_line' id='line_1_29' title="bbox 254 1108 887 1155; baseline 0.016 -17"><span class='ocrx_word' id='word_1_214' title='bbox 254 1108 339 1140; x_wconf 69' lang='lat' dir='ltr'>Diffi</span> <span class='ocrx_word' id='word_1_215' title='bbox 353 1121 476 1150; x_wconf 89' lang='lat' dir='ltr'>namque</span> <span class='ocrx_word' id='word_1_216' title='bbox 490 1111 598 1145; x_wconf 87' lang='lat' dir='ltr'>Clerici</span> <span class='ocrx_word' id='word_1_217' title='bbox 611 1114 718 1154; x_wconf 84' lang='lat' dir='ltr'>nostri;</span> <span class='ocrx_word' id='word_1_218' title='bbox 738 1116 887 1155; x_wconf 87' lang='lat' dir='ltr'>videlicet,</span> 
     </span>
    </p>

    <p class='ocr_par' dir='ltr' id='par_1_11' title="bbox 218 1146 1290 1294">
     <span class='ocr_line' id='line_1_30' title="bbox 253 1146 1287 1195; baseline 0.012 -19"><span class='ocrx_word' id='word_1_219' title='bbox 253 1146 390 1191; x_wconf 40' lang='lat' dir='ltr'>&#39;Praefatus</span> <span class='ocrx_word' id='word_1_220' title='bbox 410 1150 569 1190; x_wconf 84' lang='lat' dir='ltr'>Robertus,</span> <span class='ocrx_word' id='word_1_221' title='bbox 588 1153 622 1184; x_wconf 90' lang='lat' dir='ltr'>ad</span> <span class='ocrx_word' id='word_1_222' title='bbox 643 1153 895 1193; x_wconf 80' lang='lat' dir='ltr'>Prosecutionem,</span> <span class='ocrx_word' id='word_1_223' title='bbox 913 1155 1076 1187; x_wconf 85' lang='lat' dir='ltr'>venerabilis</span> <span class='ocrx_word' id='word_1_224' title='bbox 1097 1155 1201 1195; x_wconf 85' lang='lat' dir='ltr'>Patris,</span> <span class='ocrx_word' id='word_1_225' title='bbox 1222 1156 1287 1188; x_wconf 91' lang='lat' dir='ltr'>Do-</span> 
     </span>
     <span class='ocr_line' id='line_1_31' title="bbox 218 1186 1251 1232; baseline 0.009 -16"><span class='ocrx_word' id='word_1_226' title='bbox 218 1195 289 1216; x_wconf 87' lang='lat' dir='ltr'>mini</span> <span class='ocrx_word' id='word_1_227' title='bbox 304 1186 344 1217; x_wconf 91' lang='lat' dir='ltr'>G.</span> <span class='ocrx_word' id='word_1_228' title='bbox 362 1187 418 1218; x_wconf 89' lang='lat' dir='ltr'>Dei</span> <span class='ocrx_word' id='word_1_229' title='bbox 433 1190 535 1229; x_wconf 66' lang='lat' dir='ltr'>gratia,</span> <span class='ocrx_word' id='word_1_230' title='bbox 555 1191 667 1222; x_wconf 62' lang='lat' dir='ltr'>Sanrftae</span> <span class='ocrx_word' id='word_1_231' title='bbox 683 1193 782 1224; x_wconf 87' lang='lat' dir='ltr'>Luciae</span> <span class='ocrx_word' id='word_1_232' title='bbox 796 1195 824 1224; x_wconf 93' lang='lat' dir='ltr'>in</span> <span class='ocrx_word' id='word_1_233' title='bbox 839 1193 922 1224; x_wconf 91' lang='lat' dir='ltr'>Silice</span> <span class='ocrx_word' id='word_1_234' title='bbox 938 1194 1063 1224; x_wconf 91' lang='lat' dir='ltr'>Diaconi</span> <span class='ocrx_word' id='word_1_235' title='bbox 1080 1194 1251 1232; x_wconf 77' lang='lat' dir='ltr'>Cardinalis;</span> 
     </span>
     <span class='ocr_line' id='line_1_32' title="bbox 221 1223 1290 1294; baseline 0.011 -41"><span class='ocrx_word' id='word_1_236' title='bbox 221 1223 309 1293; x_wconf 37' lang='grc' dir='ltr'>(1.Εέ</span> <span class='ocrx_word' id='word_1_237' title='bbox 317 1226 493 1294; x_wconf 46' lang='grc' dir='ltr'>ΧιῖζὶΗίεΙωυε</span> <span class='ocrx_word' id='word_1_238' title='bbox 512 1239 702 1271; x_wconf 87' lang='lat' dir='ltr'>memoratus,</span> <span class='ocrx_word' id='word_1_239' title='bbox 720 1232 755 1262; x_wconf 91' lang='lat' dir='ltr'>ad</span> <span class='ocrx_word' id='word_1_240' title='bbox 780 1231 1015 1263; x_wconf 89' lang='lat' dir='ltr'>Prosecutionem</span> <span class='ocrx_word' id='word_1_241' title='bbox 1027 1232 1168 1271; x_wconf 84' lang='lat' dir='ltr'>Johannis</span> <span class='ocrx_word' id='word_1_242' title='bbox 1181 1233 1217 1264; x_wconf 91' lang='lat' dir='ltr'>de</span> <span class='ocrx_word' id='word_1_243' title='bbox 1232 1233 1290 1264; x_wconf 85' lang='lat' dir='ltr'>Po-</span> 
     </span>
    </p>

    <p class='ocr_par' dir='ltr' id='par_1_12' title="bbox 243 1273 402 1296">
     <span class='ocr_line' id='line_1_33' title="bbox 243 1273 402 1296; baseline 0.025 -4"><span class='ocrx_word' id='word_1_244' title='bbox 243 1273 273 1293; x_wconf 88' lang='lat' dir='ltr'>io</span> <span class='ocrx_word' id='word_1_245' title='bbox 311 1274 338 1294; x_wconf 93' lang='lat' dir='ltr'>er</span> <span class='ocrx_word' id='word_1_246' title='bbox 348 1276 402 1296; x_wconf 84' lang='lat' dir='ltr'>aco</span> 
     </span>
    </p>

    <p class='ocr_par' dir='ltr' id='par_1_13' title="bbox 217 1289 1289 1412">
     <span class='ocr_line' id='line_1_34' title="bbox 255 1289 1289 1349; baseline 0.01 -17"><span class='ocrx_word' id='word_1_247' title='bbox 255 1289 442 1342; x_wconf 63' lang='lat' dir='ltr'>Proeoqui’id</span> <span class='ocrx_word' id='word_1_248' title='bbox 453 1306 480 1335; x_wconf 89' lang='lat' dir='ltr'>in</span> <span class='ocrx_word' id='word_1_249' title='bbox 496 1305 586 1337; x_wconf 64' lang='lat' dir='ltr'>vestra</span> <span class='ocrx_word' id='word_1_250' title='bbox 600 1307 684 1339; x_wconf 74' lang='lat' dir='ltr'>Sacra</span> <span class='ocrx_word' id='word_1_251' title='bbox 700 1307 789 1338; x_wconf 63' lang='lat' dir='ltr'>Curia</span> <span class='ocrx_word' id='word_1_252' title='bbox 802 1308 978 1346; x_wconf 79' lang='lat' dir='ltr'>personaliter</span> <span class='ocrx_word' id='word_1_253' title='bbox 986 1320 1047 1340; x_wconf 91' lang='lat' dir='ltr'>non</span> <span class='ocrx_word' id='word_1_254' title='bbox 1056 1320 1289 1349; x_wconf 86' lang='lat' dir='ltr'>comparuerunt,</span> 
     </span>
     <span class='ocr_line' id='line_1_35' title="bbox 217 1339 1288 1410; baseline 0.009 -40"><span class='ocrx_word' id='word_1_255' title='bbox 217 1339 297 1408; x_wconf 49' lang='lat' dir='ltr'>super</span> <span class='ocrx_word' id='word_1_256' title='bbox 315 1342 386 1410; x_wconf 71' lang='lat' dir='ltr'>Jsure</span> <span class='ocrx_word' id='word_1_257' title='bbox 406 1343 505 1374; x_wconf 90' lang='lat' dir='ltr'>nostro</span> <span class='ocrx_word' id='word_1_258' title='bbox 528 1345 762 1378; x_wconf 82' lang='lat' dir='ltr'>Advocationum</span> <span class='ocrx_word' id='word_1_259' title='bbox 783 1347 983 1386; x_wconf 67' lang='lat' dir='ltr'>praedieramm</span> <span class='ocrx_word' id='word_1_260' title='bbox 1001 1359 1033 1380; x_wconf 82' lang='lat' dir='ltr'>ex</span> <span class='ocrx_word' id='word_1_261' title='bbox 1049 1350 1168 1389; x_wconf 87' lang='lat' dir='ltr'>obliquo</span> <span class='ocrx_word' id='word_1_262' title='bbox 1192 1350 1288 1380; x_wconf 81' lang='lat' dir='ltr'>saltem</span> 
     </span>
     <span class='ocr_line' id='line_1_36' title="bbox 224 1388 377 1412; baseline 0.02 -3"><span class='ocrx_word' id='word_1_263' title='bbox 224 1388 255 1409; x_wconf 86' lang='lat' dir='ltr'>re</span> <span class='ocrx_word' id='word_1_264' title='bbox 285 1390 324 1411; x_wconf 91' lang='lat' dir='ltr'>on</span> <span class='ocrx_word' id='word_1_265' title='bbox 338 1392 377 1412; x_wconf 88' lang='lat' dir='ltr'>uri</span> 
     </span>
    </p>

    <p class='ocr_par' dir='ltr' id='par_1_14' title="bbox 214 1405 1288 1602">
     <span class='ocr_line' id='line_1_37' title="bbox 281 1405 1287 1466; baseline 0.008 -16"><span class='ocrx_word' id='word_1_266' title='bbox 281 1429 345 1450; x_wconf 90' lang='lat' dir='ltr'>rout</span> <span class='ocrx_word' id='word_1_267' title='bbox 364 1405 417 1451; x_wconf 64' lang='lat' dir='ltr'>nec</span> <span class='ocrx_word' id='word_1_268' title='bbox 458 1429 606 1460; x_wconf 90' lang='lat' dir='ltr'>otuerunt,</span> <span class='ocrx_word' id='word_1_269' title='bbox 625 1422 725 1455; x_wconf 85' lang='lat' dir='ltr'>nostro</span> <span class='ocrx_word' id='word_1_270' title='bbox 748 1423 842 1454; x_wconf 82' lang='lat' dir='ltr'>Lateri</span> <span class='ocrx_word' id='word_1_271' title='bbox 864 1424 1017 1457; x_wconf 74' lang='lat' dir='ltr'>assistentes</span> <span class='ocrx_word' id='word_1_272' title='bbox 1036 1437 1069 1458; x_wconf 90' lang='lat' dir='ltr'>ac</span> <span class='ocrx_word' id='word_1_273' title='bbox 1084 1429 1190 1466; x_wconf 86' lang='lat' dir='ltr'>etiam,</span> <span class='ocrx_word' id='word_1_274' title='bbox 1207 1438 1223 1458; x_wconf 88' lang='lat' dir='ltr'>a</span> <span class='ocrx_word' id='word_1_275' title='bbox 1238 1426 1287 1458; x_wconf 90' lang='lat' dir='ltr'>diu</span> 
     </span>
     <span class='ocr_line' id='line_1_38' title="bbox 214 1459 1288 1498; baseline 0.009 -11"><span class='ocrx_word' id='word_1_276' title='bbox 214 1465 293 1496; x_wconf 79' lang='lat' dir='ltr'>ante,</span> <span class='ocrx_word' id='word_1_277' title='bbox 312 1459 428 1496; x_wconf 86' lang='lat' dir='ltr'>postmo</span> <span class='ocrx_word' id='word_1_278' title='bbox 449 1460 517 1498; x_wconf 76' lang='lat' dir='ltr'>tim,</span> <span class='ocrx_word' id='word_1_279' title='bbox 535 1461 568 1491; x_wconf 83' lang='lat'>&amp;</span> <span class='ocrx_word' id='word_1_280' title='bbox 590 1460 702 1498; x_wconf 83' lang='lat' dir='ltr'>adhuc,</span> <span class='ocrx_word' id='word_1_281' title='bbox 727 1462 830 1493; x_wconf 91' lang='lat' dir='ltr'>utiliter</span> <span class='ocrx_word' id='word_1_282' title='bbox 851 1464 885 1494; x_wconf 88' lang='lat'>&amp;</span> <span class='ocrx_word' id='word_1_283' title='bbox 908 1464 1080 1496; x_wconf 85' lang='lat' dir='ltr'>laudabiliter</span> <span class='ocrx_word' id='word_1_284' title='bbox 1103 1467 1187 1497; x_wconf 88' lang='lat' dir='ltr'>nobis</span> <span class='ocrx_word' id='word_1_285' title='bbox 1205 1466 1288 1496; x_wconf 90' lang='lat' dir='ltr'>obse-</span> 
     </span>
     <span class='ocr_line' id='line_1_39' title="bbox 214 1498 1287 1543; baseline 0.008 -17"><span class='ocrx_word' id='word_1_286' title='bbox 214 1499 401 1540; x_wconf 57' lang='lat' dir='ltr'>quentesgjta</span> <span class='ocrx_word' id='word_1_287' title='bbox 424 1498 505 1538; x_wconf 81' lang='lat' dir='ltr'>quod</span> <span class='ocrx_word' id='word_1_288' title='bbox 527 1498 651 1543; x_wconf 87' lang='lat' dir='ltr'>ipsorum</span> <span class='ocrx_word' id='word_1_289' title='bbox 674 1500 821 1540; x_wconf 78' lang='lat' dir='ltr'>Obsequio</span> <span class='ocrx_word' id='word_1_290' title='bbox 839 1502 1002 1541; x_wconf 78' lang='lat' dir='ltr'>praesentiali</span> <span class='ocrx_word' id='word_1_291' title='bbox 1017 1514 1111 1536; x_wconf 89' lang='lat' dir='ltr'>carere</span> <span class='ocrx_word' id='word_1_292' title='bbox 1129 1504 1287 1536; x_wconf 89' lang='lat' dir='ltr'>commode</span> 
     </span>
     <span class='ocr_line' id='line_1_40' title="bbox 214 1537 1287 1602; baseline 0.009 -38"><span class='ocrx_word' id='word_1_293' title='bbox 214 1544 277 1602; x_wconf 49' lang='lat' dir='ltr'>trogi</span> <span class='ocrx_word' id='word_1_294' title='bbox 292 1537 454 1580; x_wconf 73' lang='lat' dir='ltr'>possumus,</span> <span class='ocrx_word' id='word_1_295' title='bbox 472 1537 505 1568; x_wconf 90' lang='lat'>&amp;</span> <span class='ocrx_word' id='word_1_296' title='bbox 520 1537 703 1570; x_wconf 85' lang='lat' dir='ltr'>nihilominus</span> <span class='ocrx_word' id='word_1_297' title='bbox 717 1550 766 1580; x_wconf 89' lang='lat' dir='ltr'>per</span> <span class='ocrx_word' id='word_1_298' title='bbox 779 1540 847 1571; x_wconf 92' lang='lat' dir='ltr'>Nos</span> <span class='ocrx_word' id='word_1_299' title='bbox 861 1541 893 1571; x_wconf 66' lang='lat' dir='ltr'>eni</span> <span class='ocrx_word' id='word_1_300' title='bbox 908 1543 1058 1574; x_wconf 78' lang='lat' dir='ltr'>occasione</span> <span class='ocrx_word' id='word_1_301' title='bbox 1072 1544 1214 1576; x_wconf 65' lang='lat' dir='ltr'>actualiter</span> <span class='ocrx_word' id='word_1_302' title='bbox 1231 1544 1287 1574; x_wconf 87' lang='lat' dir='ltr'>irn—</span> 
     </span>
    </p>

    <p class='ocr_par' dir='ltr' id='par_1_15' title="bbox 203 1582 1286 1887">
     <span class='ocr_line' id='line_1_41' title="bbox 235 1582 299 1603; baseline -0.016 0"><span class='ocrx_word' id='word_1_303' title='bbox 235 1583 249 1603; x_wconf 88' lang='lat' dir='ltr'>e</span> <span class='ocrx_word' id='word_1_304' title='bbox 272 1582 299 1603; x_wconf 88' lang='lat' dir='ltr'>iti</span> 
     </span>
     <span class='ocr_line' id='line_1_42' title="bbox 213 1582 1286 1656; baseline 0.008 -14"><span class='ocrx_word' id='word_1_305' title='bbox 213 1582 233 1614; x_wconf 78' lang='lat' dir='ltr'>p</span> <span class='ocrx_word' id='word_1_306' title='bbox 253 1597 434 1652; x_wconf 74' lang='lat' dir='ltr'>Rej&#39;efflsque</span> <span class='ocrx_word' id='word_1_307' title='bbox 454 1614 678 1645; x_wconf 83' lang='lat' dir='ltr'>excusationibus</span> <span class='ocrx_word' id='word_1_308' title='bbox 699 1616 868 1648; x_wconf 86' lang='lat' dir='ltr'>eorumdem</span> <span class='ocrx_word' id='word_1_309' title='bbox 891 1619 972 1656; x_wconf 90' lang='lat' dir='ltr'>(non</span> <span class='ocrx_word' id='word_1_310' title='bbox 994 1619 1114 1650; x_wconf 79' lang='lat' dir='ltr'>fiCtione</span> <span class='ocrx_word' id='word_1_311' title='bbox 1128 1619 1228 1650; x_wconf 70' lang='lat' dir='ltr'>frivola</span> <span class='ocrx_word' id='word_1_312' title='bbox 1244 1620 1286 1650; x_wconf 83' lang='lat' dir='ltr'>fa-</span> 
     </span>
     <span class='ocr_line' id='line_1_43' title="bbox 213 1650 1284 1696; baseline 0.009 -16"><span class='ocrx_word' id='word_1_313' title='bbox 213 1650 340 1690; x_wconf 87' lang='lat' dir='ltr'>bricatis,</span> <span class='ocrx_word' id='word_1_314' title='bbox 360 1652 398 1683; x_wconf 90' lang='lat' dir='ltr'>set</span> <span class='ocrx_word' id='word_1_315' title='bbox 420 1654 503 1683; x_wconf 90' lang='lat' dir='ltr'>omni</span> <span class='ocrx_word' id='word_1_316' title='bbox 518 1655 632 1684; x_wconf 86' lang='lat' dir='ltr'>veritate</span> <span class='ocrx_word' id='word_1_317' title='bbox 646 1654 781 1692; x_wconf 86' lang='lat' dir='ltr'>suffultis)</span> <span class='ocrx_word' id='word_1_318' title='bbox 803 1656 961 1695; x_wconf 89' lang='lat' dir='ltr'>Literisque</span> <span class='ocrx_word' id='word_1_319' title='bbox 975 1658 1091 1696; x_wconf 88' lang='lat' dir='ltr'>nostris,</span> <span class='ocrx_word' id='word_1_320' title='bbox 1110 1669 1162 1696; x_wconf 88' lang='lat' dir='ltr'>pro</span> <span class='ocrx_word' id='word_1_321' title='bbox 1178 1658 1284 1689; x_wconf 86' lang='lat' dir='ltr'>eisdem</span> 
     </span>
     <span class='ocr_line' id='line_1_44' title="bbox 212 1689 1284 1735; baseline 0.007 -16"><span class='ocrx_word' id='word_1_322' title='bbox 212 1689 242 1719; x_wconf 90' lang='lat' dir='ltr'>in</span> <span class='ocrx_word' id='word_1_323' title='bbox 262 1690 314 1721; x_wconf 90' lang='lat' dir='ltr'>hac</span> <span class='ocrx_word' id='word_1_324' title='bbox 341 1699 417 1729; x_wconf 86' lang='lat' dir='ltr'>parte</span> <span class='ocrx_word' id='word_1_325' title='bbox 435 1691 565 1732; x_wconf 69' lang='lat' dir='ltr'>direffis,</span> <span class='ocrx_word' id='word_1_326' title='bbox 582 1693 825 1734; x_wconf 86' lang='lat' dir='ltr'>instrumentisque</span> <span class='ocrx_word' id='word_1_327' title='bbox 844 1696 981 1734; x_wconf 83' lang='lat' dir='ltr'>publicis,</span> <span class='ocrx_word' id='word_1_328' title='bbox 999 1696 1033 1728; x_wconf 85' lang='lat' dir='ltr'>ad</span> <span class='ocrx_word' id='word_1_329' title='bbox 1050 1696 1138 1727; x_wconf 89' lang='lat' dir='ltr'>nostri</span> <span class='ocrx_word' id='word_1_330' title='bbox 1154 1705 1284 1735; x_wconf 81' lang='lat' dir='ltr'>rogatum</span> 
     </span>
     <span class='ocr_line' id='line_1_45' title="bbox 211 1727 1284 1774; baseline 0.008 -16"><span class='ocrx_word' id='word_1_331' title='bbox 211 1727 292 1766; x_wconf 87' lang='lat' dir='ltr'>super</span> <span class='ocrx_word' id='word_1_332' title='bbox 311 1729 369 1760; x_wconf 91' lang='lat' dir='ltr'>hoc</span> <span class='ocrx_word' id='word_1_333' title='bbox 390 1731 543 1770; x_wconf 58' lang='lat' dir='ltr'>conse-Etis,</span> <span class='ocrx_word' id='word_1_334' title='bbox 562 1731 672 1771; x_wconf 87' lang='lat' dir='ltr'>aliisque</span> <span class='ocrx_word' id='word_1_335' title='bbox 691 1733 903 1770; x_wconf 82' lang='lat' dir='ltr'>probationibus</span> <span class='ocrx_word' id='word_1_336' title='bbox 921 1735 1068 1774; x_wconf 88' lang='lat' dir='ltr'>Legitimis</span> <span class='ocrx_word' id='word_1_337' title='bbox 1087 1746 1147 1766; x_wconf 90' lang='lat' dir='ltr'>non</span> <span class='ocrx_word' id='word_1_338' title='bbox 1159 1737 1284 1774; x_wconf 72' lang='lat' dir='ltr'>attentis,</span> 
     </span>
     <span class='ocr_line' id='line_1_46' title="bbox 214 1766 1283 1810; baseline 0.007 -13"><span class='ocrx_word' id='word_1_339' title='bbox 214 1766 249 1797; x_wconf 91' lang='lat'>&amp;</span> <span class='ocrx_word' id='word_1_340' title='bbox 271 1768 389 1798; x_wconf 82' lang='lat' dir='ltr'>totaliter</span> <span class='ocrx_word' id='word_1_341' title='bbox 404 1769 511 1808; x_wconf 85' lang='lat' dir='ltr'>spretis,</span> <span class='ocrx_word' id='word_1_342' title='bbox 529 1779 712 1801; x_wconf 85' lang='lat' dir='ltr'>contumaces</span> <span class='ocrx_word' id='word_1_343' title='bbox 733 1773 850 1809; x_wconf 83' lang='lat' dir='ltr'>reputati</span> <span class='ocrx_word' id='word_1_344' title='bbox 869 1774 938 1810; x_wconf 87' lang='lat' dir='ltr'>(ubi</span> <span class='ocrx_word' id='word_1_345' title='bbox 958 1782 1053 1804; x_wconf 85' lang='lat' dir='ltr'>tamen</span> <span class='ocrx_word' id='word_1_346' title='bbox 1076 1775 1150 1804; x_wconf 83' lang='lat' dir='ltr'>nulla</span> <span class='ocrx_word' id='word_1_347' title='bbox 1167 1774 1283 1805; x_wconf 88' lang='lat' dir='ltr'>Contu-</span> 
     </span>
     <span class='ocr_line' id='line_1_47' title="bbox 213 1807 1284 1853; baseline 0.008 -17"><span class='ocrx_word' id='word_1_348' title='bbox 213 1807 304 1836; x_wconf 85' lang='lat' dir='ltr'>macia</span> <span class='ocrx_word' id='word_1_349' title='bbox 326 1807 397 1843; x_wconf 81' lang='lat' dir='ltr'>fuit)</span> <span class='ocrx_word' id='word_1_350' title='bbox 417 1818 476 1837; x_wconf 90' lang='lat' dir='ltr'>non</span> <span class='ocrx_word' id='word_1_351' title='bbox 494 1808 638 1847; x_wconf 88' lang='lat' dir='ltr'>sineJuris</span> <span class='ocrx_word' id='word_1_352' title='bbox 652 1809 766 1848; x_wconf 72' lang='lat' dir='ltr'>injuria,</span> <span class='ocrx_word' id='word_1_353' title='bbox 785 1811 930 1850; x_wconf 87' lang='lat' dir='ltr'>nostrique</span> <span class='ocrx_word' id='word_1_354' title='bbox 947 1812 1114 1851; x_wconf 83' lang='lat' dir='ltr'>praejudicio</span> <span class='ocrx_word' id='word_1_355' title='bbox 1128 1815 1222 1853; x_wconf 86' lang='lat' dir='ltr'>gravi,</span> <span class='ocrx_word' id='word_1_356' title='bbox 1240 1814 1284 1844; x_wconf 88' lang='lat' dir='ltr'>in-</span> 
     </span>
     <span class='ocr_line' id='line_1_48' title="bbox 203 1844 913 1887; baseline 0.01 -14"><span class='ocrx_word' id='word_1_357' title='bbox 203 1844 313 1874; x_wconf 87' lang='lat' dir='ltr'>·debitis</span> <span class='ocrx_word' id='word_1_358' title='bbox 328 1844 507 1877; x_wconf 85' lang='lat' dir='ltr'>Processibus</span> <span class='ocrx_word' id='word_1_359' title='bbox 520 1848 682 1878; x_wconf 76' lang='lat' dir='ltr'>mirabiliter</span> <span class='ocrx_word' id='word_1_360' title='bbox 697 1858 753 1887; x_wconf 60' lang='lat' dir='ltr'>prae</span> <span class='ocrx_word' id='word_1_361' title='bbox 775 1858 913 1880; x_wconf 84' lang='lat' dir='ltr'>ravantur.</span> 
     </span>
    </p>

    <p class='ocr_par' dir='ltr' id='par_1_16' title="bbox 209 1883 1283 2225">
     <span class='ocr_line' id='line_1_49' title="bbox 250 1883 1281 1929; baseline 0.009 -16"><span class='ocrx_word' id='word_1_362' title='bbox 250 1883 323 1921; x_wconf 86' lang='lat' dir='ltr'>Qro</span> <span class='ocrx_word' id='word_1_363' title='bbox 342 1883 456 1923; x_wconf 85' lang='lat' dir='ltr'>quidem</span> <span class='ocrx_word' id='word_1_364' title='bbox 478 1885 628 1925; x_wconf 84' lang='lat' dir='ltr'>Negotio,</span> <span class='ocrx_word' id='word_1_365' title='bbox 647 1897 745 1918; x_wconf 87' lang='lat' dir='ltr'>coram</span> <span class='ocrx_word' id='word_1_366' title='bbox 792 1887 883 1928; x_wconf 66' lang='lat' dir='ltr'>sobis,</span> <span class='ocrx_word' id='word_1_367' title='bbox 901 1890 934 1920; x_wconf 85' lang='lat'>&amp;</span> <span class='ocrx_word' id='word_1_368' title='bbox 955 1888 1093 1921; x_wconf 88' lang='lat' dir='ltr'>Concilio</span> <span class='ocrx_word' id='word_1_369' title='bbox 1114 1890 1230 1929; x_wconf 90' lang='lat' dir='ltr'>nostro,</span> <span class='ocrx_word' id='word_1_370' title='bbox 1248 1890 1281 1921; x_wconf 89' lang='lat'>&amp;</span> 
     </span>
     <span class='ocr_line' id='line_1_50' title="bbox 211 1921 1282 1967; baseline 0.009 -17"><span class='ocrx_word' id='word_1_371' title='bbox 211 1921 337 1961; x_wconf 85' lang='lat' dir='ltr'>pluribus</span> <span class='ocrx_word' id='word_1_372' title='bbox 362 1922 544 1963; x_wconf 80' lang='lat' dir='ltr'>Magnatibus</span> <span class='ocrx_word' id='word_1_373' title='bbox 563 1924 600 1955; x_wconf 93' lang='lat' dir='ltr'>de</span> <span class='ocrx_word' id='word_1_374' title='bbox 624 1926 730 1965; x_wconf 86' lang='lat' dir='ltr'>Regno</span> <span class='ocrx_word' id='word_1_375' title='bbox 751 1926 869 1965; x_wconf 89' lang='lat' dir='ltr'>nostr0,</span> <span class='ocrx_word' id='word_1_376' title='bbox 885 1928 992 1959; x_wconf 85' lang='lat' dir='ltr'>ibidem</span> <span class='ocrx_word' id='word_1_377' title='bbox 1014 1928 1209 1967; x_wconf 86' lang='lat' dir='ltr'>existentibus,</span> <span class='ocrx_word' id='word_1_378' title='bbox 1227 1939 1282 1960; x_wconf 91' lang='lat' dir='ltr'>nec</span> 
     </span>
     <span class='ocr_line' id='line_1_51' title="bbox 212 1961 1281 2005; baseline 0.008 -16"><span class='ocrx_word' id='word_1_379' title='bbox 212 1970 272 1990; x_wconf 88' lang='lat' dir='ltr'>non</span> <span class='ocrx_word' id='word_1_380' title='bbox 297 1961 330 1991; x_wconf 92' lang='lat'>&amp;</span> <span class='ocrx_word' id='word_1_381' title='bbox 350 1961 418 1999; x_wconf 89' lang='lat' dir='ltr'>Jure</span> <span class='ocrx_word' id='word_1_382' title='bbox 430 1962 545 2001; x_wconf 84' lang='lat' dir='ltr'>nostro,</span> <span class='ocrx_word' id='word_1_383' title='bbox 564 1963 594 1993; x_wconf 88' lang='lat' dir='ltr'>in</span> <span class='ocrx_word' id='word_1_384' title='bbox 611 1964 716 1994; x_wconf 76' lang='lat' dir='ltr'>casibus</span> <span class='ocrx_word' id='word_1_385' title='bbox 732 1965 886 2004; x_wconf 67' lang='lat' dir='ltr'>praedit‘tis,</span> <span class='ocrx_word' id='word_1_386' title='bbox 906 1967 1013 2005; x_wconf 85' lang='lat' dir='ltr'>plenius</span> <span class='ocrx_word' id='word_1_387' title='bbox 1029 1969 1165 2005; x_wconf 86' lang='lat' dir='ltr'>recitatis,</span> <span class='ocrx_word' id='word_1_388' title='bbox 1183 1967 1281 1998; x_wconf 80' lang='lat' dir='ltr'>affere-</span> 
     </span>
     <span class='ocr_line' id='line_1_52' title="bbox 209 1999 1283 2040; baseline 0.008 -12"><span class='ocrx_word' id='word_1_389' title='bbox 209 1999 285 2032; x_wconf 82' lang='lat' dir='ltr'>bant</span> <span class='ocrx_word' id='word_1_390' title='bbox 308 2000 404 2040; x_wconf 81' lang='lat' dir='ltr'>singuli</span> <span class='ocrx_word' id='word_1_391' title='bbox 427 2000 535 2031; x_wconf 61' lang='lat' dir='ltr'>factum</span> <span class='ocrx_word' id='word_1_392' title='bbox 550 2001 708 2039; x_wconf 84' lang='lat' dir='ltr'>hujusmodi</span> <span class='ocrx_word' id='word_1_393' title='bbox 728 2005 756 2033; x_wconf 89' lang='lat' dir='ltr'>iu</span> <span class='ocrx_word' id='word_1_394' title='bbox 772 2003 861 2034; x_wconf 90' lang='lat' dir='ltr'>nostri</span> <span class='ocrx_word' id='word_1_395' title='bbox 874 2006 907 2035; x_wconf 68' lang='grc' dir='ltr'>δε</span> <span class='ocrx_word' id='word_1_396' title='bbox 922 2004 1052 2035; x_wconf 80' lang='lat' dir='ltr'>Coronae</span> <span class='ocrx_word' id='word_1_397' title='bbox 1067 2006 1171 2036; x_wconf 83' lang='lat' dir='ltr'>nostrae</span> <span class='ocrx_word' id='word_1_398' title='bbox 1187 2007 1283 2037; x_wconf 82' lang='lat' dir='ltr'>exhae-</span> 
     </span>
     <span class='ocr_line' id='line_1_53' title="bbox 212 2037 1280 2083; baseline 0.008 -16"><span class='ocrx_word' id='word_1_399' title='bbox 212 2037 406 2078; x_wconf 73' lang='lat' dir='ltr'>sedationem,</span> <span class='ocrx_word' id='word_1_400' title='bbox 426 2039 459 2070; x_wconf 72' lang='grc' dir='ltr'>δε</span> <span class='ocrx_word' id='word_1_401' title='bbox 480 2040 687 2072; x_wconf 73' lang='lat' dir='ltr'>subversionem</span> <span class='ocrx_word' id='word_1_402' title='bbox 698 2041 772 2081; x_wconf 91' lang='lat' dir='ltr'>Juris</span> <span class='ocrx_word' id='word_1_403' title='bbox 787 2042 875 2073; x_wconf 87' lang='lat' dir='ltr'>nostri</span> <span class='ocrx_word' id='word_1_404' title='bbox 889 2044 972 2082; x_wconf 84' lang='lat' dir='ltr'>Regii</span> <span class='ocrx_word' id='word_1_405' title='bbox 989 2046 998 2070; x_wconf 64' lang='grc' dir='ltr'><em>ἴ</em></span> <span class='ocrx_word' id='word_1_406' title='bbox 1006 2044 1042 2075; x_wconf 87' lang='lat' dir='ltr'>ad</span> <span class='ocrx_word' id='word_1_407' title='bbox 1057 2045 1134 2083; x_wconf 87' lang='lat' dir='ltr'>quod</span> <span class='ocrx_word' id='word_1_408' title='bbox 1153 2055 1280 2076; x_wconf 89' lang='lat' dir='ltr'>manute-</span> 
     </span>
     <span class='ocr_line' id='line_1_54' title="bbox 211 2077 1283 2122; baseline 0.008 -16"><span class='ocrx_word' id='word_1_409' title='bbox 211 2077 337 2107; x_wconf 88' lang='lat' dir='ltr'>nendum</span> <span class='ocrx_word' id='word_1_410' title='bbox 358 2079 476 2108; x_wconf 91' lang='lat' dir='ltr'>vinculo</span> <span class='ocrx_word' id='word_1_411' title='bbox 491 2078 649 2117; x_wconf 87' lang='lat' dir='ltr'>Juramenti</span> <span class='ocrx_word' id='word_1_412' title='bbox 672 2081 763 2111; x_wconf 88' lang='lat' dir='ltr'>sumus</span> <span class='ocrx_word' id='word_1_413' title='bbox 783 2081 908 2119; x_wconf 63' lang='lat' dir='ltr'>astrioti)</span> <span class='ocrx_word' id='word_1_414' title='bbox 929 2084 962 2115; x_wconf 69' lang='grc' dir='ltr'>ὃ(</span> <span class='ocrx_word' id='word_1_415' title='bbox 979 2083 1093 2122; x_wconf 86' lang='lat' dir='ltr'>Legum</span> <span class='ocrx_word' id='word_1_416' title='bbox 1105 2094 1137 2114; x_wconf 88' lang='lat' dir='ltr'>ac</span> <span class='ocrx_word' id='word_1_417' title='bbox 1153 2084 1283 2115; x_wconf 87' lang='lat' dir='ltr'>Consue-</span> 
     </span>
     <span class='ocr_line' id='line_1_55' title="bbox 211 2115 1282 2163; baseline 0.008 -18"><span class='ocrx_word' id='word_1_418' title='bbox 211 2115 343 2147; x_wconf 87' lang='lat' dir='ltr'>tudinum</span> <span class='ocrx_word' id='word_1_419' title='bbox 367 2116 386 2136; x_wconf 62' lang='lat'>&#39;¹‘</span> <span class='ocrx_word' id='word_1_420' title='bbox 412 2117 507 2157; x_wconf 83' lang='lat' dir='ltr'>Regni</span> <span class='ocrx_word' id='word_1_421' title='bbox 534 2118 621 2149; x_wconf 90' lang='lat' dir='ltr'>nostri</span> <span class='ocrx_word' id='word_1_422' title='bbox 652 2120 772 2158; x_wconf 87' lang='lat' dir='ltr'>(quibus</span> <span class='ocrx_word' id='word_1_423' title='bbox 793 2119 992 2160; x_wconf 78' lang='lat' dir='ltr'>progenitores</span> <span class='ocrx_word' id='word_1_424' title='bbox 1015 2121 1104 2153; x_wconf 89' lang='lat' dir='ltr'>nostri</span> <span class='ocrx_word' id='word_1_425' title='bbox 1127 2124 1159 2154; x_wconf 76' lang='grc' dir='ltr'>δε</span> <span class='ocrx_word' id='word_1_426' title='bbox 1185 2123 1282 2163; x_wconf 89' lang='lat' dir='ltr'>Popu-</span> 
     </span>
     <span class='ocr_line' id='line_1_56' title="bbox 210 2154 1283 2199; baseline 0.008 -15"><span class='ocrx_word' id='word_1_427' title='bbox 210 2154 252 2184; x_wconf 87' lang='lat' dir='ltr'>lus</span> <span class='ocrx_word' id='word_1_428' title='bbox 280 2155 453 2195; x_wconf 77' lang='lat' dir='ltr'>Anglicanus</span> <span class='ocrx_word' id='word_1_429' title='bbox 480 2158 547 2188; x_wconf 88' lang='lat' dir='ltr'>totis</span> <span class='ocrx_word' id='word_1_430' title='bbox 573 2159 750 2196; x_wconf 86' lang='lat' dir='ltr'>temporibus</span> <span class='ocrx_word' id='word_1_431' title='bbox 770 2162 913 2191; x_wconf 76' lang='lat' dir='ltr'>retroactis</span> <span class='ocrx_word' id='word_1_432' title='bbox 933 2161 972 2192; x_wconf 88' lang='lat' dir='ltr'>usi</span> <span class='ocrx_word' id='word_1_433' title='bbox 996 2161 1076 2199; x_wconf 88' lang='lat' dir='ltr'>sunt)</span> <span class='ocrx_word' id='word_1_434' title='bbox 1109 2163 1283 2193; x_wconf 81' lang='lat' dir='ltr'>manifestius</span> 
     </span>
     <span class='ocr_line' id='line_1_57' title="bbox 210 2193 374 2225; baseline 0.006 -1"><span class='ocrx_word' id='word_1_435' title='bbox 210 2193 374 2225; x_wconf 76' lang='lat' dir='ltr'>redundare.</span> 
     </span>
    </p>

    <p class='ocr_par' dir='ltr' id='par_1_17' title="bbox 206 2231 1282 2660">
     <span class='ocr_line' id='line_1_58' title="bbox 251 2231 1282 2279; baseline 0.008 -17"><span class='ocrx_word' id='word_1_436' title='bbox 251 2231 331 2263; x_wconf 78' lang='lat' dir='ltr'>Cum</span> <span class='ocrx_word' id='word_1_437' title='bbox 349 2235 385 2266; x_wconf 85' lang='lat' dir='ltr'>ita</span> <span class='ocrx_word' id='word_1_438' title='bbox 409 2244 443 2264; x_wconf 90' lang='lat' dir='ltr'>ue</span> <span class='ocrx_word' id='word_1_439' title='bbox 494 2234 576 2265; x_wconf 88' lang='lat' dir='ltr'>Pater</span> <span class='ocrx_word' id='word_1_440' title='bbox 597 2235 716 2275; x_wconf 78' lang='lat' dir='ltr'>piissime</span> <span class='ocrx_word' id='word_1_441' title='bbox 731 2260 740 2275; x_wconf 87' lang='lat'>,</span> <span class='ocrx_word' id='word_1_442' title='bbox 759 2238 787 2267; x_wconf 88' lang='lat' dir='ltr'>in</span> <span class='ocrx_word' id='word_1_443' title='bbox 810 2237 887 2268; x_wconf 65' lang='lat' dir='ltr'>facto</span> <span class='ocrx_word' id='word_1_444' title='bbox 906 2239 1046 2277; x_wconf 70' lang='lat' dir='ltr'>prrediCto</span> <span class='ocrx_word' id='word_1_445' title='bbox 1064 2239 1115 2279; x_wconf 90' lang='lat' dir='ltr'>Jus</span> <span class='ocrx_word' id='word_1_446' title='bbox 1136 2238 1282 2278; x_wconf 87' lang='lat' dir='ltr'>nostrum,</span> 
     </span>
     <span class='ocr_line' id='line_1_59' title="bbox 212 2257 1280 2318; baseline 0.007 -18"><span class='ocrx_word' id='word_1_447' title='bbox 212 2270 304 2309; x_wconf 83' lang='lat' dir='ltr'>Leges</span> <span class='ocrx_word' id='word_1_448' title='bbox 323 2273 357 2304; x_wconf 89' lang='lat'>&amp;</span> <span class='ocrx_word' id='word_1_449' title='bbox 411 2257 608 2305; x_wconf 70' lang='lat' dir='ltr'>onsuetudines</span> <span class='ocrx_word' id='word_1_450' title='bbox 627 2275 749 2313; x_wconf 89' lang='lat' dir='ltr'>ejusdem</span> <span class='ocrx_word' id='word_1_451' title='bbox 769 2275 882 2316; x_wconf 83' lang='lat' dir='ltr'>Regni,</span> <span class='ocrx_word' id='word_1_452' title='bbox 899 2278 1055 2314; x_wconf 83' lang='lat' dir='ltr'>specialirer</span> <span class='ocrx_word' id='word_1_453' title='bbox 1070 2278 1227 2318; x_wconf 85' lang='lat' dir='ltr'>versentur,</span> <span class='ocrx_word' id='word_1_454' title='bbox 1246 2280 1280 2309; x_wconf 73' lang='grc' dir='ltr'>δε</span> 
     </span>
     <span class='ocr_line' id='line_1_60' title="bbox 209 2308 1278 2356; baseline 0.007 -17"><span class='ocrx_word' id='word_1_455' title='bbox 209 2308 372 2347; x_wconf 83' lang='lat' dir='ltr'>hujusmodi</span> <span class='ocrx_word' id='word_1_456' title='bbox 393 2311 559 2350; x_wconf 78' lang='lat' dir='ltr'>Procesiiis,</span> <span class='ocrx_word' id='word_1_457' title='bbox 577 2322 608 2343; x_wconf 88' lang='lat' dir='ltr'>ut</span> <span class='ocrx_word' id='word_1_458' title='bbox 629 2315 824 2352; x_wconf 74' lang='lat' dir='ltr'>praemittitur,</span> <span class='ocrx_word' id='word_1_459' title='bbox 847 2316 931 2345; x_wconf 90' lang='lat' dir='ltr'>nimis</span> <span class='ocrx_word' id='word_1_460' title='bbox 952 2317 1110 2346; x_wconf 79' lang='lat' dir='ltr'>voluntarie</span> <span class='ocrx_word' id='word_1_461' title='bbox 1132 2317 1278 2356; x_wconf 80' lang='lat' dir='ltr'>fabricati,</span> 
     </span>
     <span class='ocr_line' id='line_1_61' title="bbox 206 2346 1281 2395; baseline 0.007 -17"><span class='ocrx_word' id='word_1_462' title='bbox 206 2346 362 2379; x_wconf 87' lang='lat' dir='ltr'>Honorem</span> <span class='ocrx_word' id='word_1_463' title='bbox 385 2349 458 2386; x_wconf 81' lang='lat' dir='ltr'>Regi</span> <span class='ocrx_word' id='word_1_464' title='bbox 479 2360 509 2380; x_wconf 91' lang='lat' dir='ltr'>m</span> <span class='ocrx_word' id='word_1_465' title='bbox 530 2350 693 2382; x_wconf 88' lang='lat' dir='ltr'>deforment</span> <span class='ocrx_word' id='word_1_466' title='bbox 714 2375 724 2389; x_wconf 92' lang='lat'>,</span> <span class='ocrx_word' id='word_1_467' title='bbox 757 2354 791 2383; x_wconf 89' lang='lat'>&amp;</span> <span class='ocrx_word' id='word_1_468' title='bbox 807 2353 871 2391; x_wconf 87' lang='lat' dir='ltr'>Juri</span> <span class='ocrx_word' id='word_1_469' title='bbox 895 2353 994 2385; x_wconf 90' lang='lat' dir='ltr'>nostro</span> <span class='ocrx_word' id='word_1_470' title='bbox 1025 2354 1121 2395; x_wconf 85' lang='lat' dir='ltr'>Regio</span> <span class='ocrx_word' id='word_1_471' title='bbox 1149 2355 1281 2395; x_wconf 73' lang='lat' dir='ltr'>praejudi-</span> 
     </span>
     <span class='ocr_line' id='line_1_62' title="bbox 209 2389 1282 2434; baseline 0.008 -18"><span class='ocrx_word' id='word_1_472' title='bbox 209 2395 293 2425; x_wconf 73' lang='lat' dir='ltr'>cent,</span> <span class='ocrx_word' id='word_1_473' title='bbox 312 2398 348 2418; x_wconf 93' lang='lat' dir='ltr'>eo</span> <span class='ocrx_word' id='word_1_474' title='bbox 371 2389 456 2425; x_wconf 84' lang='lat' dir='ltr'>praeci</span> <span class='ocrx_word' id='word_1_475' title='bbox 477 2389 512 2418; x_wconf 76' lang='lat' dir='ltr'>ue</span> <span class='ocrx_word' id='word_1_476' title='bbox 530 2389 610 2427; x_wconf 80' lang='lat' dir='ltr'>quod</span> <span class='ocrx_word' id='word_1_477' title='bbox 630 2389 734 2420; x_wconf 80' lang='lat' dir='ltr'>Literae</span> <span class='ocrx_word' id='word_1_478' title='bbox 753 2390 978 2427; x_wconf 80' lang='lat' dir='ltr'>progenitorum</span> <span class='ocrx_word' id='word_1_479' title='bbox 1001 2393 1165 2424; x_wconf 88' lang='lat' dir='ltr'>nostrorum</span> <span class='ocrx_word' id='word_1_480' title='bbox 1180 2393 1282 2434; x_wconf 79' lang='lat' dir='ltr'>praedi-</span> 
     </span>
     <span class='ocr_line' id='line_1_63' title="bbox 210 2425 1280 2471; baseline 0.008 -16"><span class='ocrx_word' id='word_1_481' title='bbox 210 2425 325 2456; x_wconf 65' lang='lat' dir='ltr'>&amp;orum</span> <span class='ocrx_word' id='word_1_482' title='bbox 338 2449 347 2465; x_wconf 93' lang='lat'>,</span> <span class='ocrx_word' id='word_1_483' title='bbox 367 2428 396 2456; x_wconf 91' lang='lat' dir='ltr'>in</span> <span class='ocrx_word' id='word_1_484' title='bbox 420 2428 619 2457; x_wconf 86' lang='lat' dir='ltr'>vocationibus</span> <span class='ocrx_word' id='word_1_485' title='bbox 643 2428 830 2466; x_wconf 83' lang='lat' dir='ltr'>personalibus</span> <span class='ocrx_word' id='word_1_486' title='bbox 852 2429 1036 2462; x_wconf 77' lang='lat' dir='ltr'>Ciericorum</span> <span class='ocrx_word' id='word_1_487' title='bbox 1055 2431 1169 2462; x_wconf 88' lang='lat' dir='ltr'>suorum</span> <span class='ocrx_word' id='word_1_488' title='bbox 1194 2433 1280 2471; x_wconf 89' lang='lat' dir='ltr'>(licet</span> 
     </span>
     <span class='ocr_line' id='line_1_64' title="bbox 208 2463 1279 2511; baseline 0.007 -17"><span class='ocrx_word' id='word_1_489' title='bbox 208 2463 240 2494; x_wconf 83' lang='lat' dir='ltr'>in</span> <span class='ocrx_word' id='word_1_490' title='bbox 261 2465 342 2502; x_wconf 73' lang='lat' dir='ltr'>casu,</span> <span class='ocrx_word' id='word_1_491' title='bbox 360 2475 376 2495; x_wconf 86' lang='lat' dir='ltr'>a</span> <span class='ocrx_word' id='word_1_492' title='bbox 393 2464 464 2503; x_wconf 86' lang='lat' dir='ltr'>Jure</span> <span class='ocrx_word' id='word_1_493' title='bbox 484 2466 636 2504; x_wconf 80' lang='lat' dir='ltr'>permisso,</span> <span class='ocrx_word' id='word_1_494' title='bbox 663 2467 875 2507; x_wconf 70' lang='lat' dir='ltr'>proceffiffiznt,</span> <span class='ocrx_word' id='word_1_495' title='bbox 901 2472 934 2500; x_wconf 81' lang='lat'>&amp;</span> <span class='ocrx_word' id='word_1_496' title='bbox 952 2470 1019 2508; x_wconf 86' lang='lat' dir='ltr'>Jura</span> <span class='ocrx_word' id='word_1_497' title='bbox 1040 2470 1084 2502; x_wconf 87' lang='lat' dir='ltr'>sua</span> <span class='ocrx_word' id='word_1_498' title='bbox 1106 2470 1198 2511; x_wconf 86' lang='lat' dir='ltr'>Regia</span> <span class='ocrx_word' id='word_1_499' title='bbox 1219 2483 1279 2503; x_wconf 91' lang='lat' dir='ltr'>non</span> 
     </span>
     <span class='ocr_line' id='line_1_65' title="bbox 208 2504 1280 2547; baseline 0.008 -15"><span class='ocrx_word' id='word_1_500' title='bbox 208 2504 407 2543; x_wconf 83' lang='lat' dir='ltr'>contigissent)</span> <span class='ocrx_word' id='word_1_501' title='bbox 427 2513 480 2547; x_wconf 87' lang='lat' dir='ltr'>pro</span> <span class='ocrx_word' id='word_1_502' title='bbox 500 2505 678 2536; x_wconf 85' lang='lat' dir='ltr'>excusatione</span> <span class='ocrx_word' id='word_1_503' title='bbox 693 2507 878 2545; x_wconf 88' lang='lat' dir='ltr'>eorumdem,</span> <span class='ocrx_word' id='word_1_504' title='bbox 896 2509 1020 2539; x_wconf 82' lang='lat' dir='ltr'>maxime</span> <span class='ocrx_word' id='word_1_505' title='bbox 1031 2509 1059 2539; x_wconf 90' lang='lat' dir='ltr'>in</span> <span class='ocrx_word' id='word_1_506' title='bbox 1074 2509 1148 2540; x_wconf 73' lang='lat' dir='ltr'>tanta</span> <span class='ocrx_word' id='word_1_507' title='bbox 1161 2510 1280 2540; x_wconf 84' lang='lat' dir='ltr'>neceffi-</span> 
     </span>
     <span class='ocr_line' id='line_1_66' title="bbox 210 2543 1279 2588; baseline 0.008 -17"><span class='ocrx_word' id='word_1_508' title='bbox 210 2550 265 2572; x_wconf 88' lang='lat' dir='ltr'>tate</span> <span class='ocrx_word' id='word_1_509' title='bbox 279 2565 289 2580; x_wconf 87' lang='lat'>,</span> <span class='ocrx_word' id='word_1_510' title='bbox 312 2543 526 2580; x_wconf 79' lang='lat' dir='ltr'>circumscriptis</span> <span class='ocrx_word' id='word_1_511' title='bbox 550 2544 608 2574; x_wconf 85' lang='lat' dir='ltr'>aliis</span> <span class='ocrx_word' id='word_1_512' title='bbox 637 2544 854 2576; x_wconf 80' lang='lat' dir='ltr'>probationibus</span> <span class='ocrx_word' id='word_1_513' title='bbox 869 2569 878 2584; x_wconf 90' lang='lat'>,</span> <span class='ocrx_word' id='word_1_514' title='bbox 911 2546 1036 2578; x_wconf 83' lang='lat' dir='ltr'>sufficere</span> <span class='ocrx_word' id='word_1_515' title='bbox 1055 2549 1279 2588; x_wconf 68' lang='lat' dir='ltr'>consueverunt,</span> 
     </span>
     <span class='ocr_line' id='line_1_67' title="bbox 209 2580 1278 2622; baseline 0.008 -12"><span class='ocrx_word' id='word_1_516' title='bbox 209 2581 288 2618; x_wconf 85' lang='lat' dir='ltr'>quod</span> <span class='ocrx_word' id='word_1_517' title='bbox 318 2583 402 2611; x_wconf 87' lang='lat' dir='ltr'>etiam</span> <span class='ocrx_word' id='word_1_518' title='bbox 424 2580 603 2622; x_wconf 80' lang='lat' dir='ltr'>Principibus</span> <span class='ocrx_word' id='word_1_519' title='bbox 629 2583 786 2614; x_wconf 74' lang='lat' dir='ltr'>Terrarum</span> <span class='ocrx_word' id='word_1_520' title='bbox 809 2585 868 2616; x_wconf 78' lang='lat' dir='ltr'>latis</span> <span class='ocrx_word' id='word_1_521' title='bbox 890 2583 1044 2617; x_wconf 88' lang='lat' dir='ltr'>dinoscitur</span> <span class='ocrx_word' id='word_1_522' title='bbox 1061 2587 1196 2618; x_wconf 64' lang='lat' dir='ltr'>haetenus</span> <span class='ocrx_word' id='word_1_523' title='bbox 1217 2589 1278 2619; x_wconf 90' lang='lat' dir='ltr'>fore</span> 
     </span>
     <span class='ocr_line' id='line_1_68' title="bbox 208 2620 391 2660; baseline 0.005 -11"><span class='ocrx_word' id='word_1_524' title='bbox 208 2620 391 2660; x_wconf 78' lang='lat' dir='ltr'>permissum;</span> 
     </span>
    </p>

    <p class='ocr_par' dir='ltr' id='par_1_18' title="bbox 248 2658 1279 2702">
     <span class='ocr_line' id='line_1_69' title="bbox 248 2658 1279 2702; baseline 0.008 -14"><span class='ocrx_word' id='word_1_525' title='bbox 248 2658 419 2690; x_wconf 64' lang='lat' dir='ltr'>Clementiae</span> <span class='ocrx_word' id='word_1_526' title='bbox 441 2659 541 2690; x_wconf 73' lang='lat' dir='ltr'>vestrae</span> <span class='ocrx_word' id='word_1_527' title='bbox 563 2662 645 2690; x_wconf 86' lang='lat' dir='ltr'>omni</span> <span class='ocrx_word' id='word_1_528' title='bbox 665 2661 816 2691; x_wconf 65' lang='lat' dir='ltr'>affestionc</span> <span class='ocrx_word' id='word_1_529' title='bbox 832 2685 841 2697; x_wconf 82' lang='lat'>,</span> <span class='ocrx_word' id='word_1_530' title='bbox 867 2662 922 2701; x_wconf 69' lang='lat' dir='ltr'>qui</span> <span class='ocrx_word' id='word_1_531' title='bbox 942 2663 1087 2700; x_wconf 65' lang='lat' dir='ltr'>possumus</span> <span class='ocrx_word' id='word_1_532' title='bbox 1101 2687 1110 2702; x_wconf 95' lang='lat'>,</span> <span class='ocrx_word' id='word_1_533' title='bbox 1137 2664 1279 2696; x_wconf 85' lang='lat' dir='ltr'>humiliter</span> 
     </span>
    </p>
   </div>
   <div class='ocr_carea' id='block_1_8' title="bbox 736 63 1970 117">
    <p class='ocr_par' dir='ltr' id='par_1_19' title="bbox 736 63 1970 117">
     <span class='ocr_line' id='line_1_70' title="bbox 736 63 1970 117; baseline 0.006 -13"><span class='ocrx_word' id='word_1_534' title='bbox 736 63 1534 114; x_wconf 86' lang='lat' dir='ltr'>CONVENTIONES,</span> <span class='ocrx_word' id='word_1_535' title='bbox 1581 66 1970 117; x_wconf 88' lang='lat' dir='ltr'>LITERAE,</span> 
     </span>
    </p>
   </div>
   <div class='ocr_carea' id='block_1_9' title="bbox 1382 153 2360 198">
    <p class='ocr_par' dir='ltr' id='par_1_20' title="bbox 1382 153 2360 198">
     <span class='ocr_line' id='line_1_71' title="bbox 1382 153 2360 198; baseline 0.006 -13"><span class='ocrx_word' id='word_1_536' title='bbox 1382 153 1450 185; x_wconf 89' lang='lat' dir='ltr'>Dat.</span> <span class='ocrx_word' id='word_1_537' title='bbox 1464 153 1538 190; x_wconf 86' lang='lat' dir='ltr'>apud</span> <span class='ocrx_word' id='word_1_538' title='bbox 1552 153 1679 186; x_wconf 88' lang='lat' dir='ltr'>Novum</span> <span class='ocrx_word' id='word_1_539' title='bbox 1692 153 1827 185; x_wconf 87' lang='lat' dir='ltr'>Castrum</span> <span class='ocrx_word' id='word_1_540' title='bbox 1841 154 1920 196; x_wconf 90' lang='lat' dir='ltr'>super</span> <span class='ocrx_word' id='word_1_541' title='bbox 1934 155 2058 194; x_wconf 86' lang='lat' dir='ltr'>Tynatn.</span> <span class='ocrx_word' id='word_1_542' title='bbox 2074 157 2158 188; x_wconf 87' lang='lat' dir='ltr'>tertio</span> <span class='ocrx_word' id='word_1_543' title='bbox 2172 156 2218 188; x_wconf 85' lang='lat' dir='ltr'>die</span> <span class='ocrx_word' id='word_1_544' title='bbox 2231 157 2360 198; x_wconf 89' lang='lat' dir='ltr'>Augusti.</span> 
     </span>
    </p>
   </div>
   <div class='ocr_carea' id='block_1_10' title="bbox 1383 234 2363 247">
    <p class='ocr_par' dir='ltr' id='par_1_21' title="bbox 1383 234 2363 247">
     <span class='ocr_line' id='line_1_72' title="bbox 1383 234 2363 247; baseline 0 4032"><span class='ocrx_word' id='word_1_545' title='bbox 1383 234 2363 247; x_wconf 95' lang='lat' dir='ltr'> </span> 
     </span>
    </p>
   </div>
   <div class='ocr_carea' id='block_1_11' title="bbox 1358 284 2384 331">
    <p class='ocr_par' dir='ltr' id='par_1_22' title="bbox 1358 284 2384 331">
     <span class='ocr_line' id='line_1_73' title="bbox 1358 284 2384 331; baseline 0.002 -10"><span class='ocrx_word' id='word_1_546' title='bbox 1358 286 1417 321; x_wconf 89' lang='lat' dir='ltr'>Ad</span> <span class='ocrx_word' id='word_1_547' title='bbox 1442 284 1617 320; x_wconf 70' lang='lat' dir='ltr'>Cardinales</span> <span class='ocrx_word' id='word_1_548' title='bbox 1630 295 1685 331; x_wconf 84' lang='lat' dir='ltr'>pro</span> <span class='ocrx_word' id='word_1_549' title='bbox 1702 286 1833 318; x_wconf 79' lang='lat' dir='ltr'>Auxilio</span> <span class='ocrx_word' id='word_1_550' title='bbox 1845 310 1855 325; x_wconf 91' lang='lat'>,</span> <span class='ocrx_word' id='word_1_551' title='bbox 1881 296 1986 318; x_wconf 83' lang='lat' dir='ltr'>contra</span> <span class='ocrx_word' id='word_1_552' title='bbox 2005 288 2201 318; x_wconf 80' lang='lat' dir='ltr'>Gravamina</span> <span class='ocrx_word' id='word_1_553' title='bbox 2222 288 2384 323; x_wconf 65' lang='lat' dir='ltr'>antedifla.</span> 
     </span>
    </p>
   </div>
   <div class='ocr_carea' id='block_1_12' title="bbox 1334 369 2402 480">
    <p class='ocr_par' dir='ltr' id='par_1_23' title="bbox 1334 369 2402 480">
     <span class='ocr_line' id='line_1_74' title="bbox 1408 369 2402 411; baseline 0.003 -8"><span class='ocrx_word' id='word_1_554' title='bbox 1408 371 1550 403; x_wconf 90' lang='lat' dir='ltr'>Enerabili</span> <span class='ocrx_word' id='word_1_555' title='bbox 1571 371 1601 401; x_wconf 91' lang='lat' dir='ltr'>in</span> <span class='ocrx_word' id='word_1_556' title='bbox 1616 369 1734 401; x_wconf 84' lang='lat' dir='ltr'>Christo</span> <span class='ocrx_word' id='word_1_557' title='bbox 1749 370 1840 409; x_wconf 88' lang='lat' dir='ltr'>Patri,</span> <span class='ocrx_word' id='word_1_558' title='bbox 1860 369 1996 401; x_wconf 88' lang='lat' dir='ltr'>Domino</span> <span class='ocrx_word' id='word_1_559' title='bbox 2011 371 2046 400; x_wconf 88' lang='lat' dir='ltr'>A.</span> <span class='ocrx_word' id='word_1_560' title='bbox 2061 369 2119 401; x_wconf 89' lang='lat' dir='ltr'>Dei</span> <span class='ocrx_word' id='word_1_561' title='bbox 2133 371 2234 411; x_wconf 83' lang='lat' dir='ltr'>gratia,</span> <span class='ocrx_word' id='word_1_562' title='bbox 2252 371 2402 406; x_wconf 81' lang='lat' dir='ltr'>Albanenfi</span> 
     </span>
     <span class='ocr_line' id='line_1_75' title="bbox 1419 408 2399 452; baseline 0.001 -11"><span class='ocrx_word' id='word_1_563' title='bbox 1419 411 1579 449; x_wconf 84' lang='lat' dir='ltr'>Episcopo,</span> <span class='ocrx_word' id='word_1_564' title='bbox 1596 411 1690 440; x_wconf 89' lang='lat' dir='ltr'>amico</span> <span class='ocrx_word' id='word_1_565' title='bbox 1710 410 1759 440; x_wconf 86' lang='lat' dir='ltr'>suo</span> <span class='ocrx_word' id='word_1_566' title='bbox 1772 409 1930 448; x_wconf 76' lang='lat' dir='ltr'>carissimo,</span> <span class='ocrx_word' id='word_1_567' title='bbox 1948 408 2118 448; x_wconf 77' lang='lat' dir='ltr'>EdwarduS,</span> <span class='ocrx_word' id='word_1_568' title='bbox 2133 411 2194 442; x_wconf 87' lang='lat' dir='ltr'>&amp;c.</span> <span class='ocrx_word' id='word_1_569' title='bbox 2216 411 2348 452; x_wconf 81' lang='lat' dir='ltr'>salutem,</span> <span class='ocrx_word' id='word_1_570' title='bbox 2367 415 2399 445; x_wconf 69' lang='grc' dir='ltr'>ὃς</span> 
     </span>
     <span class='ocr_line' id='line_1_76' title="bbox 1334 448 1777 480; baseline -0.005 0"><span class='ocrx_word' id='word_1_571' title='bbox 1334 450 1449 480; x_wconf 86' lang='lat' dir='ltr'>sincerae</span> <span class='ocrx_word' id='word_1_572' title='bbox 1461 449 1621 480; x_wconf 57' lang='lat' dir='ltr'>dilectionis</span> <span class='ocrx_word' id='word_1_573' title='bbox 1631 448 1777 479; x_wconf 60' lang='lat' dir='ltr'>affeetum.</span> 
     </span>
    </p>
   </div>
   <div class='ocr_carea' id='block_1_13' title="bbox 2415 379 2526 446">
    <p class='ocr_par' dir='ltr' id='par_1_24' title="bbox 2415 379 2526 446">
     <span class='ocr_line' id='line_1_77' title="bbox 2418 379 2526 411; baseline 0.019 -8"><span class='ocrx_word' id='word_1_574' title='bbox 2418 379 2470 405; x_wconf 78' lang='lat' dir='ltr'>Aa.</span> <span class='ocrx_word' id='word_1_575' title='bbox 2487 383 2526 411; x_wconf 78' lang='lat'>16,</span> 
     </span>
     <span class='ocr_line' id='line_1_78' title="bbox 2415 418 2489 446; baseline 0.027 -2"><span class='ocrx_word' id='word_1_576' title='bbox 2415 418 2444 441; x_wconf 86' lang='lat' dir='ltr'>E·</span> <span class='ocrx_word' id='word_1_577' title='bbox 2463 427 2489 446; x_wconf 89' lang='lat'>2.</span> 
     </span>
    </p>
   </div>
   <div class='ocr_carea' id='block_1_14' title="bbox 2411 456 2542 490">
    <p class='ocr_par' dir='ltr' id='par_1_25' title="bbox 2411 450 2542 490">
     <span class='ocr_line' id='line_1_79' title="bbox 2411 456 2542 490; baseline 0.008 -10"><span class='ocrx_word' id='word_1_578' title='bbox 2411 456 2479 485; x_wconf 81' lang='lat' dir='ltr'>Rom,</span> <span class='ocrx_word' id='word_1_579' title='bbox 2505 462 2542 490; x_wconf 80' lang='lat'>16</span> 
     </span>
    </p>
   </div>
   <div class='ocr_carea' id='block_1_15' title="bbox 1370 485 2488 534">
    <p class='ocr_par' dir='ltr' id='par_1_26' title="bbox 1370 485 2488 534">
     <span class='ocr_line' id='line_1_80' title="bbox 1370 485 2488 534; baseline -0.001 -15"><span class='ocrx_word' id='word_1_580' title='bbox 1370 488 1446 526; x_wconf 85' lang='lat' dir='ltr'>Etsi,</span> <span class='ocrx_word' id='word_1_581' title='bbox 1481 498 1514 518; x_wconf 90' lang='lat' dir='ltr'>ro</span> <span class='ocrx_word' id='word_1_582' title='bbox 1526 487 1738 518; x_wconf 86' lang='lat' dir='ltr'>conservatione</span> <span class='ocrx_word' id='word_1_583' title='bbox 1747 487 1862 526; x_wconf 89' lang='lat' dir='ltr'>Jurium</span> <span class='ocrx_word' id='word_1_584' title='bbox 1876 485 2038 517; x_wconf 88' lang='lat' dir='ltr'>nostrorum</span> <span class='ocrx_word' id='word_1_585' title='bbox 2047 510 2056 525; x_wconf 85' lang='lat'>,</span> <span class='ocrx_word' id='word_1_586' title='bbox 2075 487 2108 518; x_wconf 90' lang='lat'>&amp;</span> <span class='ocrx_word' id='word_1_587' title='bbox 2119 488 2223 525; x_wconf 84' lang='lat' dir='ltr'>injuriis</span> <span class='ocrx_word' id='word_1_588' title='bbox 2238 489 2400 534; x_wconf 75' lang='lat' dir='ltr'>propulsan-</span> <span class='ocrx_word' id='word_1_589' title='bbox 2414 495 2444 521; x_wconf 84' lang='grc' dir='ltr'>Ε.</span> <span class='ocrx_word' id='word_1_590' title='bbox 2464 504 2488 523; x_wconf 80' lang='lat'>2,</span> 
     </span>
    </p>
   </div>
   <div class='ocr_carea' id='block_1_16' title="bbox 1326 525 2408 1911">
    <p class='ocr_par' dir='ltr' id='par_1_27' title="bbox 1333 525 2403 635">
     <span class='ocr_line' id='line_1_81' title="bbox 1333 525 2402 567; baseline 0.001 -9"><span class='ocrx_word' id='word_1_591' title='bbox 1333 527 1390 566; x_wconf 87' lang='lat' dir='ltr'>dis,</span> <span class='ocrx_word' id='word_1_592' title='bbox 1407 537 1447 557; x_wconf 91' lang='lat' dir='ltr'>no</span> <span class='ocrx_word' id='word_1_593' title='bbox 1475 537 1518 557; x_wconf 88' lang='lat' dir='ltr'>ros</span> <span class='ocrx_word' id='word_1_594' title='bbox 1539 527 1645 557; x_wconf 73' lang='lat' dir='ltr'>amicos</span> <span class='ocrx_word' id='word_1_595' title='bbox 1667 527 1797 565; x_wconf 86' lang='lat' dir='ltr'>precibus</span> <span class='ocrx_word' id='word_1_596' title='bbox 1815 525 1984 564; x_wconf 80' lang='lat' dir='ltr'>excitemus,</span> <span class='ocrx_word' id='word_1_597' title='bbox 1998 526 2060 555; x_wconf 86' lang='lat' dir='ltr'>illos</span> <span class='ocrx_word' id='word_1_598' title='bbox 2075 534 2186 564; x_wconf 89' lang='lat' dir='ltr'>tamen,</span> <span class='ocrx_word' id='word_1_599' title='bbox 2204 537 2276 567; x_wconf 90' lang='lat' dir='ltr'>quos</span> <span class='ocrx_word' id='word_1_600' title='bbox 2290 529 2402 567; x_wconf 78' lang='lat' dir='ltr'>majoris</span> 
     </span>
     <span class='ocr_line' id='line_1_82' title="bbox 1335 564 2403 607; baseline 0.004 -11"><span class='ocrx_word' id='word_1_601' title='bbox 1335 566 1495 596; x_wconf 81' lang='lat' dir='ltr'>sinceritatis</span> <span class='ocrx_word' id='word_1_602' title='bbox 1515 564 1631 595; x_wconf 65' lang='lat' dir='ltr'>affeffio</span> <span class='ocrx_word' id='word_1_603' title='bbox 1650 565 1749 605; x_wconf 88' lang='lat' dir='ltr'>Regiis</span> <span class='ocrx_word' id='word_1_604' title='bbox 1771 565 1952 605; x_wconf 80' lang='lat' dir='ltr'>beneplacitis</span> <span class='ocrx_word' id='word_1_605' title='bbox 1972 565 2106 595; x_wconf 74' lang='lat' dir='ltr'>obnixius</span> <span class='ocrx_word' id='word_1_606' title='bbox 2119 567 2287 607; x_wconf 82' lang='lat' dir='ltr'>conjungit,</span> <span class='ocrx_word' id='word_1_607' title='bbox 2304 567 2341 598; x_wconf 88' lang='lat' dir='ltr'>de</span> <span class='ocrx_word' id='word_1_608' title='bbox 2353 568 2403 600; x_wconf 87' lang='lat' dir='ltr'>eis-</span> 
     </span>
     <span class='ocr_line' id='line_1_83' title="bbox 1335 603 1778 635; baseline 0 -1"><span class='ocrx_word' id='word_1_609' title='bbox 1335 605 1402 635; x_wconf 87' lang='lat' dir='ltr'>dem</span> <span class='ocrx_word' id='word_1_610' title='bbox 1417 603 1607 634; x_wconf 72' lang='lat' dir='ltr'>confidentius</span> <span class='ocrx_word' id='word_1_611' title='bbox 1619 613 1778 634; x_wconf 85' lang='lat' dir='ltr'>oneramus.</span> 
     </span>
    </p>

    <p class='ocr_par' dir='ltr' id='par_1_28' title="bbox 1335 641 2408 834">
     <span class='ocr_line' id='line_1_84' title="bbox 1372 641 2408 683; baseline 0.004 -11"><span class='ocrx_word' id='word_1_612' title='bbox 1372 642 1456 673; x_wconf 84' lang='lat' dir='ltr'>Dum</span> <span class='ocrx_word' id='word_1_613' title='bbox 1474 643 1570 680; x_wconf 87' lang='lat' dir='ltr'>itaque</span> <span class='ocrx_word' id='word_1_614' title='bbox 1591 641 1753 672; x_wconf 79' lang='lat' dir='ltr'>Laudabilia</span> <span class='ocrx_word' id='word_1_615' title='bbox 1773 641 1905 683; x_wconf 86' lang='lat' dir='ltr'>obsequia</span> <span class='ocrx_word' id='word_1_616' title='bbox 1941 652 1990 680; x_wconf 89' lang='lat' dir='ltr'>per</span> <span class='ocrx_word' id='word_1_617' title='bbox 2005 642 2202 673; x_wconf 65' lang='lat' dir='ltr'>Antecefforoe</span> <span class='ocrx_word' id='word_1_618' title='bbox 2216 643 2324 675; x_wconf 87' lang='lat' dir='ltr'>vestros</span> <span class='ocrx_word' id='word_1_619' title='bbox 2336 644 2408 676; x_wconf 87' lang='lat' dir='ltr'>Pro-</span> 
     </span>
     <span class='ocr_line' id='line_1_85' title="bbox 1337 665 2405 726; baseline 0.004 -16"><span class='ocrx_word' id='word_1_620' title='bbox 1337 682 1509 720; x_wconf 88' lang='lat' dir='ltr'>genitoribus</span> <span class='ocrx_word' id='word_1_621' title='bbox 1532 679 1654 718; x_wconf 82' lang='lat' dir='ltr'>nostris,</span> <span class='ocrx_word' id='word_1_622' title='bbox 1676 681 1709 711; x_wconf 91' lang='lat'>&amp;</span> <span class='ocrx_word' id='word_1_623' title='bbox 1731 681 1846 719; x_wconf 84' lang='lat' dir='ltr'>Nobis,</span> <span class='ocrx_word' id='word_1_624' title='bbox 1865 681 1894 710; x_wconf 91' lang='lat' dir='ltr'>in</span> <span class='ocrx_word' id='word_1_625' title='bbox 1913 665 2035 712; x_wconf 66' lang='lat' dir='ltr'>³Ducatu</span> <span class='ocrx_word' id='word_1_626' title='bbox 2057 681 2158 711; x_wconf 88' lang='lat' dir='ltr'>nostro</span> <span class='ocrx_word' id='word_1_627' title='bbox 2172 682 2356 726; x_wconf 56' lang='lat' dir='ltr'>Aquitaniae,</span> <span class='ocrx_word' id='word_1_628' title='bbox 2371 685 2405 715; x_wconf 87' lang='lat'>&amp;</span> 
     </span>
     <span class='ocr_line' id='line_1_86' title="bbox 1337 718 2406 763; baseline 0.005 -14"><span class='ocrx_word' id='word_1_629' title='bbox 1337 720 1419 757; x_wconf 87' lang='lat' dir='ltr'>alibi,</span> <span class='ocrx_word' id='word_1_630' title='bbox 1439 721 1472 750; x_wconf 89' lang='lat'>&amp;</span> <span class='ocrx_word' id='word_1_631' title='bbox 1494 728 1542 756; x_wconf 87' lang='lat' dir='ltr'>per</span> <span class='ocrx_word' id='word_1_632' title='bbox 1565 728 1617 748; x_wconf 87' lang='lat' dir='ltr'>vos</span> <span class='ocrx_word' id='word_1_633' title='bbox 1638 720 1665 748; x_wconf 93' lang='lat' dir='ltr'>in</span> <span class='ocrx_word' id='word_1_634' title='bbox 1688 719 1823 750; x_wconf 70' lang='lat' dir='ltr'>Romana</span> <span class='ocrx_word' id='word_1_635' title='bbox 1838 718 1926 750; x_wconf 69' lang='lat' dir='ltr'>Curia</span> <span class='ocrx_word' id='word_1_636' title='bbox 1942 719 2040 750; x_wconf 88' lang='lat' dir='ltr'>Nobis</span> <span class='ocrx_word' id='word_1_637' title='bbox 2058 719 2250 761; x_wconf 81' lang='lat' dir='ltr'>multipliciter</span> <span class='ocrx_word' id='word_1_638' title='bbox 2264 723 2406 763; x_wconf 84' lang='lat' dir='ltr'>impensa,</span> 
     </span>
     <span class='ocr_line' id='line_1_87' title="bbox 1336 757 2406 799; baseline 0.007 -12"><span class='ocrx_word' id='word_1_639' title='bbox 1336 759 1501 788; x_wconf 88' lang='lat' dir='ltr'>memoriter</span> <span class='ocrx_word' id='word_1_640' title='bbox 1524 757 1712 796; x_wconf 82' lang='lat' dir='ltr'>recensemus,</span> <span class='ocrx_word' id='word_1_641' title='bbox 1732 758 1766 789; x_wconf 89' lang='lat' dir='ltr'>ad</span> <span class='ocrx_word' id='word_1_642' title='bbox 1789 757 1891 790; x_wconf 85' lang='lat' dir='ltr'>vestrae</span> <span class='ocrx_word' id='word_1_643' title='bbox 1911 758 2055 790; x_wconf 76' lang='lat' dir='ltr'>Amicitiae</span> <span class='ocrx_word' id='word_1_644' title='bbox 2077 760 2202 799; x_wconf 77' lang='lat' dir='ltr'>probatae</span> <span class='ocrx_word' id='word_1_645' title='bbox 2217 758 2406 793; x_wconf 83' lang='lat' dir='ltr'>constantiam</span> 
     </span>
     <span class='ocr_line' id='line_1_88' title="bbox 1335 795 1719 834; baseline -0.003 -8"><span class='ocrx_word' id='word_1_646' title='bbox 1335 806 1404 827; x_wconf 90' lang='lat' dir='ltr'>cum</span> <span class='ocrx_word' id='word_1_647' title='bbox 1418 795 1521 826; x_wconf 73' lang='lat' dir='ltr'>fiducia</span> <span class='ocrx_word' id='word_1_648' title='bbox 1536 797 1719 834; x_wconf 88' lang='lat' dir='ltr'>recurrimus,</span> 
     </span>
    </p>

    <p class='ocr_par' dir='ltr' id='par_1_29' title="bbox 1336 834 2407 994">
     <span class='ocr_line' id='line_1_89' title="bbox 1372 834 2406 878; baseline 0.005 -14"><span class='ocrx_word' id='word_1_649' title='bbox 1372 835 1526 865; x_wconf 80' lang='lat' dir='ltr'>Instantius</span> <span class='ocrx_word' id='word_1_650' title='bbox 1547 834 1728 874; x_wconf 84' lang='lat' dir='ltr'>deprecantes</span> <span class='ocrx_word' id='word_1_651' title='bbox 1743 836 1889 873; x_wconf 75' lang='lat' dir='ltr'>quatinus,</span> <span class='ocrx_word' id='word_1_652' title='bbox 1907 844 1956 874; x_wconf 87' lang='lat' dir='ltr'>ut,</span> <span class='ocrx_word' id='word_1_653' title='bbox 1976 837 2143 878; x_wconf 83' lang='lat' dir='ltr'>venerabilis</span> <span class='ocrx_word' id='word_1_654' title='bbox 2165 838 2192 868; x_wconf 88' lang='lat' dir='ltr'>in</span> <span class='ocrx_word' id='word_1_655' title='bbox 2217 836 2337 869; x_wconf 87' lang='lat' dir='ltr'>Christo</span> <span class='ocrx_word' id='word_1_656' title='bbox 2351 838 2406 874; x_wconf 86' lang='lat' dir='ltr'>Pa-</span> 
     </span>
     <span class='ocr_line' id='line_1_90' title="bbox 1336 872 2407 912; baseline 0.006 -9"><span class='ocrx_word' id='word_1_657' title='bbox 1336 881 1379 903; x_wconf 89' lang='lat' dir='ltr'>ter</span> <span class='ocrx_word' id='word_1_658' title='bbox 1394 896 1403 911; x_wconf 93' lang='lat'>,</span> <span class='ocrx_word' id='word_1_659' title='bbox 1430 873 1580 904; x_wconf 87' lang='lat' dir='ltr'>Dominus</span> <span class='ocrx_word' id='word_1_660' title='bbox 1601 872 1643 903; x_wconf 93' lang='lat' dir='ltr'>G.</span> <span class='ocrx_word' id='word_1_661' title='bbox 1663 874 1700 904; x_wconf 89' lang='lat' dir='ltr'>de</span> <span class='ocrx_word' id='word_1_662' title='bbox 1721 873 1830 912; x_wconf 84' lang='lat' dir='ltr'>Mota,</span> <span class='ocrx_word' id='word_1_663' title='bbox 1855 874 1966 905; x_wconf 65' lang='lat' dir='ltr'>Sanciae</span> <span class='ocrx_word' id='word_1_664' title='bbox 1986 874 2086 906; x_wconf 81' lang='lat' dir='ltr'>Luciae</span> <span class='ocrx_word' id='word_1_665' title='bbox 2104 876 2133 905; x_wconf 92' lang='lat' dir='ltr'>in</span> <span class='ocrx_word' id='word_1_666' title='bbox 2153 875 2238 906; x_wconf 84' lang='lat' dir='ltr'>Silice</span> <span class='ocrx_word' id='word_1_667' title='bbox 2259 872 2407 909; x_wconf 85' lang='lat' dir='ltr'>Diaconus</span> 
     </span>
     <span class='ocr_line' id='line_1_91' title="bbox 1336 911 2406 955; baseline 0.005 -13"><span class='ocrx_word' id='word_1_668' title='bbox 1336 911 1508 949; x_wconf 87' lang='lat' dir='ltr'>Cardinalis,</span> <span class='ocrx_word' id='word_1_669' title='bbox 1531 912 1567 941; x_wconf 89' lang='lat' dir='ltr'>ab</span> <span class='ocrx_word' id='word_1_670' title='bbox 1588 912 1787 951; x_wconf 85' lang='lat' dir='ltr'>inquietatione</span> <span class='ocrx_word' id='word_1_671' title='bbox 1808 921 1909 943; x_wconf 86' lang='lat' dir='ltr'>contra</span> <span class='ocrx_word' id='word_1_672' title='bbox 1930 911 2067 944; x_wconf 65' lang='lat' dir='ltr'>dilectum</span> <span class='ocrx_word' id='word_1_673' title='bbox 2087 913 2236 945; x_wconf 89' lang='lat' dir='ltr'>Clericum</span> <span class='ocrx_word' id='word_1_674' title='bbox 2258 915 2406 955; x_wconf 81' lang='lat' dir='ltr'>nostrum,</span> 
     </span>
     <span class='ocr_line' id='line_1_92' title="bbox 1337 949 2371 994; baseline 0.005 -14"><span class='ocrx_word' id='word_1_675' title='bbox 1337 949 1510 990; x_wconf 84' lang='lat' dir='ltr'>Magistrum</span> <span class='ocrx_word' id='word_1_676' title='bbox 1526 949 1694 981; x_wconf 89' lang='lat' dir='ltr'>Robertum</span> <span class='ocrx_word' id='word_1_677' title='bbox 1706 951 1742 981; x_wconf 92' lang='lat' dir='ltr'>de</span> <span class='ocrx_word' id='word_1_678' title='bbox 1757 951 1881 989; x_wconf 86' lang='lat' dir='ltr'>Baldok,</span> <span class='ocrx_word' id='word_1_679' title='bbox 1899 950 2142 993; x_wconf 85' lang='lat' dir='ltr'>Archidiaconum</span> <span class='ocrx_word' id='word_1_680' title='bbox 2158 953 2371 994; x_wconf 78' lang='lat' dir='ltr'>Middlesexiae‚</span> 
     </span>
    </p>

    <p class='ocr_par' dir='ltr' id='par_1_30' title="bbox 1332 987 2408 1136">
     <span class='ocr_line' id='line_1_93' title="bbox 1372 987 2407 1035; baseline 0.006 -16"><span class='ocrx_word' id='word_1_681' title='bbox 1372 989 1462 1028; x_wconf 88' lang='lat' dir='ltr'>Super</span> <span class='ocrx_word' id='word_1_682' title='bbox 1481 987 1606 1019; x_wconf 66' lang='lat' dir='ltr'>Ecclesia</span> <span class='ocrx_word' id='word_1_683' title='bbox 1626 988 1663 1019; x_wconf 89' lang='lat' dir='ltr'>de</span> <span class='ocrx_word' id='word_1_684' title='bbox 1685 988 1811 1029; x_wconf 88' lang='lat' dir='ltr'>Milton,</span> <span class='ocrx_word' id='word_1_685' title='bbox 1829 999 1894 1029; x_wconf 82' lang='lat' dir='ltr'>quae</span> <span class='ocrx_word' id='word_1_686' title='bbox 1906 988 1948 1019; x_wconf 91' lang='lat' dir='ltr'>est</span> <span class='ocrx_word' id='word_1_687' title='bbox 1963 990 2059 1026; x_wconf 82' lang='lat' dir='ltr'>portio</span> <span class='ocrx_word' id='word_1_688' title='bbox 2072 989 2242 1023; x_wconf 72' lang='lat' dir='ltr'>Praebendaz</span> <span class='ocrx_word' id='word_1_689' title='bbox 2256 990 2292 1023; x_wconf 88' lang='lat' dir='ltr'>de</span> <span class='ocrx_word' id='word_1_690' title='bbox 2309 994 2407 1035; x_wconf 82' lang='lat' dir='ltr'>Ayles-</span> 
     </span>
     <span class='ocr_line' id='line_1_94' title="bbox 1336 1026 2408 1067; baseline 0.004 -9"><span class='ocrx_word' id='word_1_691' title='bbox 1336 1027 1389 1058; x_wconf 91' lang='lat' dir='ltr'>bur</span> <span class='ocrx_word' id='word_1_692' title='bbox 1414 1052 1424 1067; x_wconf 81' lang='lat'>,</span> <span class='ocrx_word' id='word_1_693' title='bbox 1439 1030 1468 1059; x_wconf 93' lang='lat' dir='ltr'>in</span> <span class='ocrx_word' id='word_1_694' title='bbox 1484 1026 1611 1058; x_wconf 67' lang='lat' dir='ltr'>Ecclesia</span> <span class='ocrx_word' id='word_1_695' title='bbox 1627 1027 1835 1065; x_wconf 70' lang='lat' dir='ltr'>Lincolniens13</span> <span class='ocrx_word' id='word_1_696' title='bbox 1854 1037 1941 1066; x_wconf 85' lang='lat' dir='ltr'>quam</span> <span class='ocrx_word' id='word_1_697' title='bbox 1958 1027 2075 1065; x_wconf 83' lang='lat' dir='ltr'>quidem</span> <span class='ocrx_word' id='word_1_698' title='bbox 2087 1028 2276 1065; x_wconf 81' lang='lat' dir='ltr'>Praebendam</span> <span class='ocrx_word' id='word_1_699' title='bbox 2289 1032 2408 1064; x_wconf 87' lang='lat' dir='ltr'>Clerico</span> 
     </span>
     <span class='ocr_line' id='line_1_95' title="bbox 1335 1064 2407 1108; baseline 0.007 -12"><span class='ocrx_word' id='word_1_700' title='bbox 1335 1077 1376 1096; x_wconf 92' lang='lat' dir='ltr'>no</span> <span class='ocrx_word' id='word_1_701' title='bbox 1403 1077 1436 1098; x_wconf 91' lang='lat' dir='ltr'>ro</span> <span class='ocrx_word' id='word_1_702' title='bbox 1457 1067 1597 1106; x_wconf 66' lang='lat' dir='ltr'>praedieto</span> <span class='ocrx_word' id='word_1_703' title='bbox 1612 1089 1622 1105; x_wconf 95' lang='lat'>,</span> <span class='ocrx_word' id='word_1_704' title='bbox 1650 1067 1761 1104; x_wconf 76' lang='lat' dir='ltr'>penitus</span> <span class='ocrx_word' id='word_1_705' title='bbox 1782 1067 1948 1106; x_wconf 84' lang='lat' dir='ltr'>ignoranti,</span> <span class='ocrx_word' id='word_1_706' title='bbox 1976 1064 2073 1106; x_wconf 87' lang='lat' dir='ltr'>Regio</span> <span class='ocrx_word' id='word_1_707' title='bbox 2092 1067 2162 1106; x_wconf 87' lang='lat' dir='ltr'>Jure</span> <span class='ocrx_word' id='word_1_708' title='bbox 2183 1067 2284 1100; x_wconf 87' lang='lat' dir='ltr'>nostro</span> <span class='ocrx_word' id='word_1_709' title='bbox 2302 1081 2407 1108; x_wconf 57' lang='lat' dir='ltr'>contu,-</span> 
     </span>
     <span class='ocr_line' id='line_1_96' title="bbox 1332 1105 1415 1136; baseline 0.012 -1"><span class='ocrx_word' id='word_1_710' title='bbox 1332 1105 1415 1136; x_wconf 88' lang='lat' dir='ltr'>limus</span> 
     </span>
    </p>

    <p class='ocr_par' dir='ltr' id='par_1_31' title="bbox 1332 1130 2405 1252">
     <span class='ocr_line' id='line_1_97' title="bbox 1373 1130 2405 1188; baseline 0.004 -13"><span class='ocrx_word' id='word_1_711' title='bbox 1373 1144 1411 1175; x_wconf 88' lang='lat' dir='ltr'>Et</span> <span class='ocrx_word' id='word_1_712' title='bbox 1422 1130 1464 1175; x_wconf 63' lang='lat' dir='ltr'>³ut</span> <span class='ocrx_word' id='word_1_713' title='bbox 1488 1144 1632 1182; x_wconf 81' lang='lat' dir='ltr'>Johannes</span> <span class='ocrx_word' id='word_1_714' title='bbox 1649 1143 1685 1174; x_wconf 89' lang='lat' dir='ltr'>de</span> <span class='ocrx_word' id='word_1_715' title='bbox 1707 1143 1800 1175; x_wconf 92' lang='lat' dir='ltr'>Podio</span> <span class='ocrx_word' id='word_1_716' title='bbox 1815 1143 1935 1175; x_wconf 78' lang='lat' dir='ltr'>Borsaco</span> <span class='ocrx_word' id='word_1_717' title='bbox 1953 1143 1990 1174; x_wconf 89' lang='lat' dir='ltr'>ab</span> <span class='ocrx_word' id='word_1_718' title='bbox 2006 1143 2025 1163; x_wconf 68' lang='lat'>²*</span> <span class='ocrx_word' id='word_1_719' title='bbox 2050 1143 2230 1176; x_wconf 88' lang='lat' dir='ltr'>infestatione</span> <span class='ocrx_word' id='word_1_720' title='bbox 2247 1147 2405 1188; x_wconf 74' lang='lat' dir='ltr'>consimili,</span> 
     </span>
     <span class='ocr_line' id='line_1_98' title="bbox 1332 1181 2405 1222; baseline 0.007 -10"><span class='ocrx_word' id='word_1_721' title='bbox 1332 1192 1447 1221; x_wconf 78' lang='lat' dir='ltr'>contra,</span> <span class='ocrx_word' id='word_1_722' title='bbox 1469 1183 1607 1214; x_wconf 61' lang='lat' dir='ltr'>dileetum</span> <span class='ocrx_word' id='word_1_723' title='bbox 1629 1182 1776 1214; x_wconf 89' lang='lat' dir='ltr'>Clericum</span> <span class='ocrx_word' id='word_1_724' title='bbox 1798 1183 1945 1222; x_wconf 85' lang='lat' dir='ltr'>nostrum,</span> <span class='ocrx_word' id='word_1_725' title='bbox 1964 1181 2138 1222; x_wconf 78' lang='lat' dir='ltr'>Magistrum</span> <span class='ocrx_word' id='word_1_726' title='bbox 2157 1183 2348 1217; x_wconf 78' lang='lat' dir='ltr'>VVillieimum</span> <span class='ocrx_word' id='word_1_727' title='bbox 2369 1188 2405 1219; x_wconf 88' lang='lat' dir='ltr'>de</span> 
     </span>
     <span class='ocr_line' id='line_1_99' title="bbox 1333 1221 1516 1252; baseline 0.005 -1"><span class='ocrx_word' id='word_1_728' title='bbox 1333 1221 1360 1251; x_wconf 89' lang='lat' dir='ltr'><strong>A</strong></span> <span class='ocrx_word' id='word_1_729' title='bbox 1371 1231 1439 1252; x_wconf 66' lang='lat' dir='ltr'>&#39;rem</span> <span class='ocrx_word' id='word_1_730' title='bbox 1459 1232 1516 1252; x_wconf 89' lang='lat' dir='ltr'>nne</span> 
     </span>
    </p>

    <p class='ocr_par' dir='ltr' id='par_1_32' title="bbox 1333 1231 2406 1382">
     <span class='ocr_line' id='line_1_100' title="bbox 1361 1231 2406 1300; baseline 0.004 -9"><span class='ocrx_word' id='word_1_731' title='bbox 1361 1231 1461 1298; x_wconf 61' lang='lat' dir='ltr'>&gt;Supgir</span> <span class='ocrx_word' id='word_1_732' title='bbox 1474 1246 1632 1292; x_wconf 58' lang='lat' dir='ltr'>PreZbenda</span> <span class='ocrx_word' id='word_1_733' title='bbox 1646 1260 1682 1291; x_wconf 92' lang='lat' dir='ltr'>de</span> <span class='ocrx_word' id='word_1_734' title='bbox 1697 1260 1830 1300; x_wconf 84' lang='lat' dir='ltr'>Leghton</span> <span class='ocrx_word' id='word_1_735' title='bbox 1844 1259 1945 1291; x_wconf 75' lang='lat' dir='ltr'>Busard</span> <span class='ocrx_word' id='word_1_736' title='bbox 1955 1283 1964 1299; x_wconf 88' lang='lat'>,</span> <span class='ocrx_word' id='word_1_737' title='bbox 1979 1270 2064 1299; x_wconf 89' lang='lat' dir='ltr'>quam</span> <span class='ocrx_word' id='word_1_738' title='bbox 2078 1259 2154 1290; x_wconf 91' lang='lat' dir='ltr'>idem</span> <span class='ocrx_word' id='word_1_739' title='bbox 2169 1261 2343 1295; x_wconf 80' lang='lat' dir='ltr'>willielmus</span> <span class='ocrx_word' id='word_1_740' title='bbox 2355 1264 2406 1296; x_wconf 84' lang='lat' dir='ltr'>ha-</span> 
     </span>
     <span class='ocr_line' id='line_1_101' title="bbox 1335 1298 2406 1342; baseline 0.005 -13"><span class='ocrx_word' id='word_1_741' title='bbox 1335 1299 1397 1337; x_wconf 77' lang='lat' dir='ltr'>bet,</span> <span class='ocrx_word' id='word_1_742' title='bbox 1418 1300 1447 1329; x_wconf 91' lang='lat' dir='ltr'>in</span> <span class='ocrx_word' id='word_1_743' title='bbox 1460 1299 1588 1331; x_wconf 74' lang='lat' dir='ltr'>Ecclesia</span> <span class='ocrx_word' id='word_1_744' title='bbox 1604 1299 1796 1330; x_wconf 81' lang='lat' dir='ltr'>Lincoliiienii</span> <span class='ocrx_word' id='word_1_745' title='bbox 1810 1298 1950 1338; x_wconf 64' lang='lat' dir='ltr'>praedic‘ta</span> <span class='ocrx_word' id='word_1_746' title='bbox 1959 1323 1969 1338; x_wconf 89' lang='lat'>‚</span> <span class='ocrx_word' id='word_1_747' title='bbox 1988 1308 2023 1329; x_wconf 81' lang='lat' dir='ltr'>ex</span> <span class='ocrx_word' id='word_1_748' title='bbox 2037 1298 2202 1331; x_wconf 83' lang='lat' dir='ltr'>Collatione</span> <span class='ocrx_word' id='word_1_749' title='bbox 2216 1301 2327 1341; x_wconf 72' lang='lat' dir='ltr'>nostra,</span> <span class='ocrx_word' id='word_1_750' title='bbox 2336 1302 2406 1342; x_wconf 88' lang='lat' dir='ltr'>Jure</span> 
     </span>
     <span class='ocr_line' id='line_1_102' title="bbox 1333 1337 2048 1382; baseline 0.001 -14"><span class='ocrx_word' id='word_1_751' title='bbox 1333 1338 1432 1368; x_wconf 87' lang='lat' dir='ltr'>nostro</span> <span class='ocrx_word' id='word_1_752' title='bbox 1449 1337 1562 1377; x_wconf 85' lang='lat' dir='ltr'>Regio,</span> <span class='ocrx_word' id='word_1_753' title='bbox 1935 1377 1940 1382; x_wconf 32' lang='grc' dir='ltr'>ι</span> <span class='ocrx_word' id='word_1_754' title='bbox 2046 1349 2048 1351; x_wconf 94' lang='grc'><strong><em>·</em></strong></span> 
     </span>
    </p>

    <p class='ocr_par' dir='ltr' id='par_1_33' title="bbox 1328 1376 2404 1726">
     <span class='ocr_line' id='line_1_103' title="bbox 1369 1376 2404 1417; baseline 0.005 -11"><span class='ocrx_word' id='word_1_755' title='bbox 1369 1376 1506 1407; x_wconf 90' lang='lat' dir='ltr'>Omnino</span> <span class='ocrx_word' id='word_1_756' title='bbox 1528 1377 1679 1408; x_wconf 86' lang='lat' dir='ltr'>desistant:</span> <span class='ocrx_word' id='word_1_757' title='bbox 1707 1387 1741 1407; x_wconf 87' lang='lat' dir='ltr'>ac</span> <span class='ocrx_word' id='word_1_758' title='bbox 1762 1385 1793 1407; x_wconf 91' lang='lat' dir='ltr'>ut</span> <span class='ocrx_word' id='word_1_759' title='bbox 1815 1386 1978 1417; x_wconf 80' lang='lat' dir='ltr'>gravamina</span> <span class='ocrx_word' id='word_1_760' title='bbox 1992 1400 2001 1414; x_wconf 89' lang='lat'>,</span> <span class='ocrx_word' id='word_1_761' title='bbox 2024 1384 2124 1408; x_wconf 87' lang='lat' dir='ltr'>contra</span> <span class='ocrx_word' id='word_1_762' title='bbox 2145 1377 2276 1409; x_wconf 86' lang='lat' dir='ltr'>Clericos</span> <span class='ocrx_word' id='word_1_763' title='bbox 2293 1379 2404 1411; x_wconf 76' lang='lat' dir='ltr'>nostros</span> 
     </span>
     <span class='ocr_line' id='line_1_104' title="bbox 1333 1414 2404 1457; baseline 0.004 -12"><span class='ocrx_word' id='word_1_764' title='bbox 1333 1415 1503 1454; x_wconf 56' lang='lat' dir='ltr'>prcedidffis,</span> <span class='ocrx_word' id='word_1_765' title='bbox 1521 1416 1572 1446; x_wconf 84' lang='lat' dir='ltr'>hiis</span> <span class='ocrx_word' id='word_1_766' title='bbox 1583 1414 1797 1454; x_wconf 83' lang='lat' dir='ltr'>occasionibus,</span> <span class='ocrx_word' id='word_1_767' title='bbox 1811 1418 1840 1445; x_wconf 92' lang='lat' dir='ltr'>in</span> <span class='ocrx_word' id='word_1_768' title='bbox 1853 1415 1991 1445; x_wconf 70' lang='lat' dir='ltr'>Romana</span> <span class='ocrx_word' id='word_1_769' title='bbox 2005 1414 2112 1454; x_wconf 65' lang='lat' dir='ltr'>Curia,</span> <span class='ocrx_word' id='word_1_770' title='bbox 2129 1426 2190 1447; x_wconf 91' lang='lat' dir='ltr'>non</span> <span class='ocrx_word' id='word_1_771' title='bbox 2204 1418 2261 1448; x_wconf 88' lang='lat' dir='ltr'>sine</span> <span class='ocrx_word' id='word_1_772' title='bbox 2273 1417 2346 1457; x_wconf 90' lang='lat' dir='ltr'>Juris</span> <span class='ocrx_word' id='word_1_773' title='bbox 2360 1421 2404 1449; x_wconf 90' lang='lat' dir='ltr'>in-</span> 
     </span>
     <span class='ocr_line' id='line_1_105' title="bbox 1328 1454 2404 1497; baseline 0.004 -13"><span class='ocrx_word' id='word_1_774' title='bbox 1328 1454 1418 1493; x_wconf 70' lang='lat' dir='ltr'>juria,</span> <span class='ocrx_word' id='word_1_775' title='bbox 1439 1456 1472 1486; x_wconf 91' lang='lat'>&amp;</span> <span class='ocrx_word' id='word_1_776' title='bbox 1494 1455 1583 1485; x_wconf 89' lang='lat' dir='ltr'>nostri</span> <span class='ocrx_word' id='word_1_777' title='bbox 1596 1454 1669 1494; x_wconf 80' lang='lat' dir='ltr'>juris</span> <span class='ocrx_word' id='word_1_778' title='bbox 1684 1454 1870 1494; x_wconf 64' lang='lat' dir='ltr'>praejudicio,</span> <span class='ocrx_word' id='word_1_779' title='bbox 1887 1455 2024 1493; x_wconf 85' lang='lat' dir='ltr'>irrogata,</span> <span class='ocrx_word' id='word_1_780' title='bbox 2043 1464 2214 1486; x_wconf 87' lang='lat' dir='ltr'>revocentur</span> <span class='ocrx_word' id='word_1_781' title='bbox 2231 1457 2328 1497; x_wconf 91' lang='lat' dir='ltr'>(super</span> <span class='ocrx_word' id='word_1_782' title='bbox 2341 1460 2404 1497; x_wconf 88' lang='lat' dir='ltr'>qui-</span> 
     </span>
     <span class='ocr_line' id='line_1_106' title="bbox 1333 1492 2403 1536; baseline 0.004 -13"><span class='ocrx_word' id='word_1_783' title='bbox 1333 1493 1383 1523; x_wconf 90' lang='lat' dir='ltr'>bus</span> <span class='ocrx_word' id='word_1_784' title='bbox 1398 1494 1482 1524; x_wconf 86' lang='lat' dir='ltr'>etiam</span> <span class='ocrx_word' id='word_1_785' title='bbox 1497 1495 1593 1531; x_wconf 82' lang='lat' dir='ltr'>vobis,</span> <span class='ocrx_word' id='word_1_786' title='bbox 1613 1503 1663 1533; x_wconf 88' lang='lat' dir='ltr'>per</span> <span class='ocrx_word' id='word_1_787' title='bbox 1677 1494 1741 1524; x_wconf 83' lang='lat' dir='ltr'>alias</span> <span class='ocrx_word' id='word_1_788' title='bbox 1753 1492 1860 1524; x_wconf 86' lang='lat' dir='ltr'>nostras</span> <span class='ocrx_word' id='word_1_789' title='bbox 1874 1493 1997 1530; x_wconf 80' lang='lat' dir='ltr'>Literas,</span> <span class='ocrx_word' id='word_1_790' title='bbox 2016 1493 2096 1524; x_wconf 73' lang='lat' dir='ltr'>latius</span> <span class='ocrx_word' id='word_1_791' title='bbox 2109 1493 2275 1533; x_wconf 87' lang='lat' dir='ltr'>scribimus)</span> <span class='ocrx_word' id='word_1_792' title='bbox 2298 1497 2403 1536; x_wconf 84' lang='lat' dir='ltr'>velitis,</span> 
     </span>
     <span class='ocr_line' id='line_1_107' title="bbox 1332 1531 2404 1572; baseline 0.005 -11"><span class='ocrx_word' id='word_1_793' title='bbox 1332 1531 1351 1561; x_wconf 88' lang='lat' dir='ltr'>fi</span> <span class='ocrx_word' id='word_1_794' title='bbox 1373 1532 1482 1572; x_wconf 81' lang='lat' dir='ltr'>placet,</span> <span class='ocrx_word' id='word_1_795' title='bbox 1500 1532 1601 1563; x_wconf 87' lang='lat' dir='ltr'>nostris</span> <span class='ocrx_word' id='word_1_796' title='bbox 1622 1533 1765 1571; x_wconf 83' lang='lat' dir='ltr'>precibus,</span> <span class='ocrx_word' id='word_1_797' title='bbox 1784 1532 1820 1563; x_wconf 86' lang='lat' dir='ltr'>sic</span> <span class='ocrx_word' id='word_1_798' title='bbox 1842 1531 2023 1562; x_wconf 65' lang='lat' dir='ltr'>effectualiter</span> <span class='ocrx_word' id='word_1_799' title='bbox 2044 1532 2222 1571; x_wconf 86' lang='lat' dir='ltr'>interponere</span> <span class='ocrx_word' id='word_1_800' title='bbox 2244 1543 2334 1572; x_wconf 82' lang='lat' dir='ltr'>partes</span> <span class='ocrx_word' id='word_1_801' title='bbox 2355 1545 2404 1566; x_wconf 91' lang='lat' dir='ltr'>ve—</span> 
     </span>
     <span class='ocr_line' id='line_1_108' title="bbox 1329 1569 2404 1611; baseline 0.004 -11"><span class='ocrx_word' id='word_1_802' title='bbox 1329 1569 1412 1609; x_wconf 89' lang='lat' dir='ltr'>stras,</span> <span class='ocrx_word' id='word_1_803' title='bbox 1438 1571 1536 1610; x_wconf 81' lang='lat' dir='ltr'>quod,</span> <span class='ocrx_word' id='word_1_804' title='bbox 1554 1571 1649 1602; x_wconf 86' lang='lat' dir='ltr'>vestro</span> <span class='ocrx_word' id='word_1_805' title='bbox 1673 1571 1816 1602; x_wconf 83' lang='lat' dir='ltr'>mediante</span> <span class='ocrx_word' id='word_1_806' title='bbox 1837 1570 1968 1601; x_wconf 89' lang='lat' dir='ltr'>Consilio</span> <span class='ocrx_word' id='word_1_807' title='bbox 1989 1571 2023 1602; x_wconf 88' lang='lat'>&amp;</span> <span class='ocrx_word' id='word_1_808' title='bbox 2043 1569 2178 1610; x_wconf 85' lang='lat' dir='ltr'>Auxilio,</span> <span class='ocrx_word' id='word_1_809' title='bbox 2198 1572 2250 1611; x_wconf 91' lang='lat' dir='ltr'>Jus</span> <span class='ocrx_word' id='word_1_810' title='bbox 2270 1573 2404 1610; x_wconf 83' lang='lat' dir='ltr'>nostrum</span> 
     </span>
     <span class='ocr_line' id='line_1_109' title="bbox 1329 1608 2401 1651; baseline 0.005 -12"><span class='ocrx_word' id='word_1_811' title='bbox 1329 1609 1446 1640; x_wconf 85' lang='lat' dir='ltr'>illaesum</span> <span class='ocrx_word' id='word_1_812' title='bbox 1470 1610 1664 1641; x_wconf 90' lang='lat' dir='ltr'>conservetur:</span> <span class='ocrx_word' id='word_1_813' title='bbox 1685 1611 1718 1641; x_wconf 90' lang='lat'>&amp;</span> <span class='ocrx_word' id='word_1_814' title='bbox 1741 1610 1818 1649; x_wconf 87' lang='lat' dir='ltr'>quod</span> <span class='ocrx_word' id='word_1_815' title='bbox 1840 1609 1875 1640; x_wconf 87' lang='lat' dir='ltr'>ad</span> <span class='ocrx_word' id='word_1_816' title='bbox 1899 1608 2043 1646; x_wconf 84' lang='lat' dir='ltr'>scandala,</span> <span class='ocrx_word' id='word_1_817' title='bbox 2062 1620 2126 1647; x_wconf 76' lang='lat' dir='ltr'>quae</span> <span class='ocrx_word' id='word_1_818' title='bbox 2147 1620 2182 1641; x_wconf 84' lang='lat' dir='ltr'>ex</span> <span class='ocrx_word' id='word_1_819' title='bbox 2205 1614 2363 1651; x_wconf 86' lang='lat' dir='ltr'>contrario,</span> <span class='ocrx_word' id='word_1_820' title='bbox 2381 1613 2401 1644; x_wconf 86' lang='lat' dir='ltr'>fi</span> 
     </span>
     <span class='ocr_line' id='line_1_110' title="bbox 1330 1647 2403 1690; baseline 0.006 -12"><span class='ocrx_word' id='word_1_821' title='bbox 1330 1647 1407 1678; x_wconf 88' lang='lat' dir='ltr'>fieret</span> <span class='ocrx_word' id='word_1_822' title='bbox 1423 1671 1432 1686; x_wconf 88' lang='lat'>,</span> <span class='ocrx_word' id='word_1_823' title='bbox 1478 1649 1534 1679; x_wconf 92' lang='lat' dir='ltr'>uod</span> <span class='ocrx_word' id='word_1_824' title='bbox 1558 1649 1627 1679; x_wconf 85' lang='lat' dir='ltr'>absit</span> <span class='ocrx_word' id='word_1_825' title='bbox 1642 1672 1652 1687; x_wconf 93' lang='lat'>,</span> <span class='ocrx_word' id='word_1_826' title='bbox 1675 1650 1834 1685; x_wconf 88' lang='lat' dir='ltr'>orirentur,</span> <span class='ocrx_word' id='word_1_827' title='bbox 1860 1658 1920 1678; x_wconf 87' lang='lat' dir='ltr'>non</span> <span class='ocrx_word' id='word_1_828' title='bbox 1940 1647 2109 1688; x_wconf 83' lang='lat' dir='ltr'>procedatur</span> <span class='ocrx_word' id='word_1_829' title='bbox 2127 1661 2138 1688; x_wconf 76' lang='lat'>3</span> <span class='ocrx_word' id='word_1_830' title='bbox 2163 1650 2299 1690; x_wconf 89' lang='lat' dir='ltr'>quodque</span> <span class='ocrx_word' id='word_1_831' title='bbox 2317 1653 2403 1684; x_wconf 81' lang='lat' dir='ltr'>vobis</span> 
     </span>
     <span class='ocr_line' id='line_1_111' title="bbox 1329 1687 2053 1726; baseline -0.001 -10"><span class='ocrx_word' id='word_1_832' title='bbox 1329 1687 1431 1717; x_wconf 78' lang='lat' dir='ltr'>exinde</span> <span class='ocrx_word' id='word_1_833' title='bbox 1445 1698 1459 1717; x_wconf 87' lang='lat' dir='ltr'>a</span> <span class='ocrx_word' id='word_1_834' title='bbox 1494 1696 1582 1726; x_wconf 84' lang='lat' dir='ltr'>grates</span> <span class='ocrx_word' id='word_1_835' title='bbox 1596 1688 1629 1718; x_wconf 90' lang='lat'>&amp;</span> <span class='ocrx_word' id='word_1_836' title='bbox 1643 1688 1769 1725; x_wconf 83' lang='lat' dir='ltr'>speciales</span> <span class='ocrx_word' id='word_1_837' title='bbox 1784 1688 1883 1725; x_wconf 86' lang='lat' dir='ltr'>gratias</span> <span class='ocrx_word' id='word_1_838' title='bbox 1898 1694 2053 1717; x_wconf 87' lang='lat' dir='ltr'>teneamur.</span> 
     </span>
    </p>

    <p class='ocr_par' dir='ltr' id='par_1_34' title="bbox 1326 1724 2402 1911">
     <span class='ocr_line' id='line_1_112' title="bbox 1365 1724 2402 1764; baseline 0.003 -8"><span class='ocrx_word' id='word_1_839' title='bbox 1365 1725 1454 1763; x_wconf 89' lang='lat' dir='ltr'>Super</span> <span class='ocrx_word' id='word_1_840' title='bbox 1475 1727 1527 1756; x_wconf 88' lang='lat' dir='ltr'>hiis</span> <span class='ocrx_word' id='word_1_841' title='bbox 1547 1727 1649 1764; x_wconf 85' lang='lat' dir='ltr'>etiam,</span> <span class='ocrx_word' id='word_1_842' title='bbox 1665 1736 1749 1764; x_wconf 70' lang='lat' dir='ltr'>quie,</span> <span class='ocrx_word' id='word_1_843' title='bbox 1767 1725 1863 1756; x_wconf 74' lang='lat' dir='ltr'>dilecti</span> <span class='ocrx_word' id='word_1_844' title='bbox 1885 1725 1921 1759; x_wconf 24' lang='lat' dir='ltr'>&amp;f</span> <span class='ocrx_word' id='word_1_845' title='bbox 1940 1724 2032 1755; x_wconf 81' lang='lat' dir='ltr'>fideles</span> <span class='ocrx_word' id='word_1_846' title='bbox 2043 1725 2133 1755; x_wconf 89' lang='lat' dir='ltr'>nostri</span> <span class='ocrx_word' id='word_1_847' title='bbox 2168 1728 2332 1758; x_wconf 85' lang='lat' dir='ltr'>venerabilis</span> <span class='ocrx_word' id='word_1_848' title='bbox 2347 1727 2402 1760; x_wconf 84' lang='lat' dir='ltr'>Pa-</span> 
     </span>
     <span class='ocr_line' id='line_1_113' title="bbox 1328 1749 2402 1810; baseline 0.005 -16"><span class='ocrx_word' id='word_1_849' title='bbox 1328 1772 1384 1801; x_wconf 88' lang='lat' dir='ltr'>ter,</span> <span class='ocrx_word' id='word_1_850' title='bbox 1403 1763 1443 1794; x_wconf 90' lang='lat' dir='ltr'>R.</span> <span class='ocrx_word' id='word_1_851' title='bbox 1463 1765 1676 1804; x_wconf 85' lang='lat' dir='ltr'>Wyntoniensis</span> <span class='ocrx_word' id='word_1_852' title='bbox 1703 1764 1872 1803; x_wconf 73' lang='lat' dir='ltr'>Episcopus,</span> <span class='ocrx_word' id='word_1_853' title='bbox 1890 1763 1923 1794; x_wconf 89' lang='lat'>&amp;</span> <span class='ocrx_word' id='word_1_854' title='bbox 1945 1763 2082 1803; x_wconf 82' lang='lat' dir='ltr'>Magister</span> <span class='ocrx_word' id='word_1_855' title='bbox 2098 1749 2242 1803; x_wconf 75' lang='lat' dir='ltr'>Joiiannes</span> <span class='ocrx_word' id='word_1_856' title='bbox 2262 1766 2298 1810; x_wconf 86' lang='lat' dir='ltr'>de</span> <span class='ocrx_word' id='word_1_857' title='bbox 2311 1767 2402 1800; x_wconf 88' lang='lat' dir='ltr'>Strat-</span> 
     </span>
     <span class='ocr_line' id='line_1_114' title="bbox 1327 1802 2400 1846; baseline 0.004 -14"><span class='ocrx_word' id='word_1_858' title='bbox 1327 1802 1410 1841; x_wconf 88' lang='lat' dir='ltr'>ford,</span> <span class='ocrx_word' id='word_1_859' title='bbox 1429 1803 1653 1834; x_wconf 86' lang='lat' dir='ltr'>Archidiaconus</span> <span class='ocrx_word' id='word_1_860' title='bbox 1677 1803 1855 1839; x_wconf 80' lang='lat' dir='ltr'>Lincolniae,</span> <span class='ocrx_word' id='word_1_861' title='bbox 1874 1803 1918 1832; x_wconf 88' lang='lat' dir='ltr'>vel</span> <span class='ocrx_word' id='word_1_862' title='bbox 1940 1813 2040 1832; x_wconf 89' lang='lat' dir='ltr'>eorum</span> <span class='ocrx_word' id='word_1_863' title='bbox 2058 1803 2147 1842; x_wconf 83' lang='lat' dir='ltr'>alter,</span> <span class='ocrx_word' id='word_1_864' title='bbox 2172 1805 2255 1834; x_wconf 89' lang='lat' dir='ltr'>vobis</span> <span class='ocrx_word' id='word_1_865' title='bbox 2276 1816 2304 1835; x_wconf 90' lang='lat' dir='ltr'>in</span> <span class='ocrx_word' id='word_1_866' title='bbox 2326 1815 2400 1846; x_wconf 83' lang='lat' dir='ltr'>prae-</span> 
     </span>
     <span class='ocr_line' id='line_1_115' title="bbox 1329 1841 2398 1884; baseline 0.003 -12"><span class='ocrx_word' id='word_1_867' title='bbox 1329 1841 1414 1872; x_wconf 81' lang='lat' dir='ltr'>miffis</span> <span class='ocrx_word' id='word_1_868' title='bbox 1441 1842 1638 1880; x_wconf 87' lang='lat' dir='ltr'>expresserint,</span> <span class='ocrx_word' id='word_1_869' title='bbox 1665 1842 1710 1872; x_wconf 86' lang='lat' dir='ltr'>vel</span> <span class='ocrx_word' id='word_1_870' title='bbox 1731 1841 1892 1880; x_wconf 77' lang='lat' dir='ltr'>express&#39;erit</span> <span class='ocrx_word' id='word_1_871' title='bbox 1911 1841 1977 1872; x_wconf 61' lang='lat' dir='ltr'>vivii</span> <span class='ocrx_word' id='word_1_872' title='bbox 1992 1851 2083 1879; x_wconf 83' lang='lat' dir='ltr'>voce,</span> <span class='ocrx_word' id='word_1_873' title='bbox 2109 1843 2198 1874; x_wconf 89' lang='lat' dir='ltr'>velitis</span> <span class='ocrx_word' id='word_1_874' title='bbox 2217 1842 2340 1884; x_wconf 82' lang='lat' dir='ltr'>eisdem,</span> <span class='ocrx_word' id='word_1_875' title='bbox 2363 1846 2398 1877; x_wconf 91' lang='lat'>&amp;</span> 
     </span>
     <span class='ocr_line' id='line_1_116' title="bbox 1326 1880 2374 1911; baseline -0.001 0"><span class='ocrx_word' id='word_1_876' title='bbox 1326 1889 1427 1911; x_wconf 86' lang='lat' dir='ltr'>eorum</span> <span class='ocrx_word' id='word_1_877' title='bbox 1441 1881 1518 1911; x_wconf 84' lang='lat' dir='ltr'>alteri</span> <span class='ocrx_word' id='word_1_878' title='bbox 1533 1881 1620 1911; x_wconf 88' lang='lat' dir='ltr'>fidem</span> <span class='ocrx_word' id='word_1_879' title='bbox 1635 1880 1782 1911; x_wconf 90' lang='lat' dir='ltr'>credulam</span> <span class='ocrx_word' id='word_1_880' title='bbox 1796 1880 1939 1911; x_wconf 83' lang='lat' dir='ltr'>adhibere.</span> <span class='ocrx_word' id='word_1_881' title='bbox 2371 1895 2374 1897; x_wconf 23' lang='grc' dir='ltr'><strong>Δ</strong></span> 
     </span>
    </p>
   </div>
   <div class='ocr_carea' id='block_1_17' title="bbox 1362 1956 2398 2072">
    <p class='ocr_par' dir='ltr' id='par_1_35' title="bbox 1362 1956 2398 2072">
     <span class='ocr_line' id='line_1_117' title="bbox 1362 1956 2398 1999; baseline 0.002 -11"><span class='ocrx_word' id='word_1_882' title='bbox 1362 1957 1433 1990; x_wconf 89' lang='lat' dir='ltr'>Dat.</span> <span class='ocrx_word' id='word_1_883' title='bbox 1455 1958 1528 1997; x_wconf 86' lang='lat' dir='ltr'>apud</span> <span class='ocrx_word' id='word_1_884' title='bbox 1553 1956 1680 1989; x_wconf 89' lang='lat' dir='ltr'>Novum</span> <span class='ocrx_word' id='word_1_885' title='bbox 1696 1957 1830 1988; x_wconf 83' lang='lat' dir='ltr'>Castrum</span> <span class='ocrx_word' id='word_1_886' title='bbox 1845 1958 1926 1995; x_wconf 89' lang='lat' dir='ltr'>super</span> <span class='ocrx_word' id='word_1_887' title='bbox 1938 1957 2055 1997; x_wconf 83' lang='lat' dir='ltr'>Tynam</span> <span class='ocrx_word' id='word_1_888' title='bbox 2065 1981 2075 1996; x_wconf 91' lang='lat'>,</span> <span class='ocrx_word' id='word_1_889' title='bbox 2093 1965 2194 1998; x_wconf 83' lang='lat' dir='ltr'>quarto</span> <span class='ocrx_word' id='word_1_890' title='bbox 2208 1958 2254 1988; x_wconf 89' lang='lat' dir='ltr'>dic</span> <span class='ocrx_word' id='word_1_891' title='bbox 2267 1958 2398 1999; x_wconf 78' lang='lat' dir='ltr'>Augusti.</span> 
     </span>
     <span class='ocr_line' id='line_1_118' title="bbox 1500 2033 2221 2072; baseline -0.003 -6"><span class='ocrx_word' id='word_1_892' title='bbox 1500 2034 1615 2066; x_wconf 91' lang='lat' dir='ltr'>Eodem</span> <span class='ocrx_word' id='word_1_893' title='bbox 1631 2034 1723 2066; x_wconf 88' lang='lat' dir='ltr'>modo</span> <span class='ocrx_word' id='word_1_894' title='bbox 1737 2034 1865 2066; x_wconf 87' lang='lat' dir='ltr'>scribitur</span> <span class='ocrx_word' id='word_1_895' title='bbox 1880 2034 2053 2072; x_wconf 68' lang='lat' dir='ltr'>subscriptis,</span> <span class='ocrx_word' id='word_1_896' title='bbox 2072 2033 2221 2072; x_wconf 87' lang='lat' dir='ltr'>videlicet,</span> 
     </span>
    </p>
   </div>
   <div class='ocr_carea' id='block_1_18' title="bbox 1360 2110 2383 2496">
    <p class='ocr_par' dir='ltr' id='par_1_36' title="bbox 1361 2110 2230 2194">
     <span class='ocr_line' id='line_1_119' title="bbox 1363 2110 2024 2154; baseline -0.003 -12"><span class='ocrx_word' id='word_1_897' title='bbox 1363 2115 1482 2143; x_wconf 80' lang='lat' dir='ltr'>Domino</span> <span class='ocrx_word' id='word_1_898' title='bbox 1497 2116 1532 2143; x_wconf 81' lang='lat' dir='ltr'>G.</span> <span class='ocrx_word' id='word_1_899' title='bbox 1550 2111 1703 2154; x_wconf 81' lang='lat' dir='ltr'>Sabinenst‚</span> <span class='ocrx_word' id='word_1_900' title='bbox 1724 2110 1847 2151; x_wconf 58' lang='lat' dir='ltr'>Episcopo</span> <span class='ocrx_word' id='word_1_901' title='bbox 1862 2110 2024 2150; x_wconf 74' lang='lat' dir='ltr'>cardinali,</span> 
     </span>
     <span class='ocr_line' id='line_1_120' title="bbox 1361 2147 2230 2194; baseline -0.003 -12"><span class='ocrx_word' id='word_1_902' title='bbox 1361 2155 1479 2182; x_wconf 72' lang='lat' dir='ltr'>Domino</span> <span class='ocrx_word' id='word_1_903' title='bbox 1511 2155 1546 2182; x_wconf 88' lang='lat' dir='ltr'>G.</span> <span class='ocrx_word' id='word_1_904' title='bbox 1582 2151 1658 2182; x_wconf 72' lang='lat' dir='ltr'>tituli</span> <span class='ocrx_word' id='word_1_905' title='bbox 1682 2153 1844 2181; x_wconf 57' lang='lat' dir='ltr'>Sanflorum</span> <span class='ocrx_word' id='word_1_906' title='bbox 1864 2149 2022 2180; x_wconf 76' lang='lat' dir='ltr'>Marcellini</span> <span class='ocrx_word' id='word_1_907' title='bbox 2043 2147 2082 2186; x_wconf 48' lang='grc' dir='ltr'>εἰ]</span> <span class='ocrx_word' id='word_1_908' title='bbox 2225 2189 2230 2194; x_wconf 47' lang='grc'><em>.</em></span> 
     </span>
    </p>

    <p class='ocr_par' dir='ltr' id='par_1_37' title="bbox 1360 2158 2383 2306">
     <span class='ocr_line' id='line_1_121' title="bbox 1399 2158 2383 2306; baseline 0.001 -86"><span class='ocrx_word' id='word_1_909' title='bbox 1399 2193 1494 2228; x_wconf 76' lang='lat' dir='ltr'>Petri,</span> <span class='ocrx_word' id='word_1_910' title='bbox 1985 2231 1989 2235; x_wconf 29' lang='grc' dir='ltr'>ι</span> <span class='ocrx_word' id='word_1_911' title='bbox 2092 2158 2296 2306; x_wconf 69' lang='lat' dir='ltr'>}Bi&#39;esbiteris</span> <span class='ocrx_word' id='word_1_912' title='bbox 2312 2189 2383 2225; x_wconf 80' lang='lat' dir='ltr'>Car-</span> 
     </span>
     <span class='ocr_line' id='line_1_122' title="bbox 1361 2226 2279 2266; baseline -0.001 -8"><span class='ocrx_word' id='word_1_913' title='bbox 1361 2231 1478 2259; x_wconf 80' lang='lat' dir='ltr'>Domino</span> <span class='ocrx_word' id='word_1_914' title='bbox 1490 2232 1524 2258; x_wconf 90' lang='lat' dir='ltr'>G.</span> <span class='ocrx_word' id='word_1_915' title='bbox 1539 2229 1616 2258; x_wconf 80' lang='lat' dir='ltr'>tituli</span> <span class='ocrx_word' id='word_1_916' title='bbox 1632 2231 1726 2259; x_wconf 65' lang='lat' dir='ltr'>Sanffl</span> <span class='ocrx_word' id='word_1_917' title='bbox 1739 2232 1840 2259; x_wconf 73' lang='lat' dir='ltr'>Ciriaci</span> <span class='ocrx_word' id='word_1_918' title='bbox 1856 2233 1885 2258; x_wconf 65' lang='lat' dir='ltr'>isc</span> <span class='ocrx_word' id='word_1_919' title='bbox 1901 2229 2018 2266; x_wconf 50' lang='lat' dir='ltr'>Ternas,</span> <span class='ocrx_word' id='word_1_920' title='bbox 2131 2226 2279 2259; x_wconf 89' lang='lat' dir='ltr'>dinahbus.</span> 
     </span>
     <span class='ocr_line' id='line_1_123' title="bbox 1360 2267 1897 2306; baseline 0 -9"><span class='ocrx_word' id='word_1_921' title='bbox 1360 2271 1477 2298; x_wconf 80' lang='lat' dir='ltr'>Domino</span> <span class='ocrx_word' id='word_1_922' title='bbox 1492 2271 1528 2298; x_wconf 90' lang='lat' dir='ltr'>B.</span> <span class='ocrx_word' id='word_1_923' title='bbox 1545 2267 1630 2298; x_wconf 77' lang='lat' dir='ltr'>Tituli</span> <span class='ocrx_word' id='word_1_924' title='bbox 1643 2269 1737 2298; x_wconf 59' lang='lat' dir='ltr'>Sanc&#39;li</span> <span class='ocrx_word' id='word_1_925' title='bbox 1752 2268 1897 2306; x_wconf 80' lang='lat' dir='ltr'>Marcelli,</span> 
     </span>
    </p>

    <p class='ocr_par' dir='ltr' id='par_1_38' title="bbox 1362 2343 2359 2496">
     <span class='ocr_line' id='line_1_124' title="bbox 1362 2343 2254 2388; baseline -0.001 -15"><span class='ocrx_word' id='word_1_926' title='bbox 1362 2347 1478 2375; x_wconf 67' lang='lat' dir='ltr'>Domino</span> <span class='ocrx_word' id='word_1_927' title='bbox 1493 2348 1531 2375; x_wconf 92' lang='lat' dir='ltr'>L.</span> <span class='ocrx_word' id='word_1_928' title='bbox 1546 2346 1655 2375; x_wconf 67' lang='lat' dir='ltr'>SanHae</span> <span class='ocrx_word' id='word_1_929' title='bbox 1669 2347 1773 2374; x_wconf 76' lang='lat' dir='ltr'>Mariae</span> <span class='ocrx_word' id='word_1_930' title='bbox 1788 2348 1817 2373; x_wconf 76' lang='lat' dir='ltr'>in</span> <span class='ocrx_word' id='word_1_931' title='bbox 1832 2347 1860 2373; x_wconf 86' lang='lat' dir='ltr'><em>V</em></span> <span class='ocrx_word' id='word_1_932' title='bbox 1861 2343 1890 2373; x_wconf 67' lang='lat' dir='ltr'>id</span> <span class='ocrx_word' id='word_1_933' title='bbox 1907 2343 2006 2383; x_wconf 62' lang='lat' dir='ltr'>Lata,</span> <span class='ocrx_word' id='word_1_934' title='bbox 2249 2383 2254 2388; x_wconf 41' lang='lat'><em>·</em></span> 
     </span>
     <span class='ocr_line' id='line_1_125' title="bbox 2094 2359 2359 2496; baseline -0.008 -82"><span class='ocrx_word' id='word_1_935' title='bbox 2094 2359 2268 2496; x_wconf 77' lang='lat' dir='ltr'>}Diaconis</span> <span class='ocrx_word' id='word_1_936' title='bbox 2287 2381 2359 2412; x_wconf 89' lang='lat' dir='ltr'>Car-</span> 
     </span>
    </p>
   </div>
   <div class='ocr_carea' id='block_1_19' title="bbox 1362 2385 2277 2453">
    <p class='ocr_par' dir='ltr' id='par_1_39' title="bbox 1362 2385 2277 2453">
     <span class='ocr_line' id='line_1_126' title="bbox 1362 2385 2236 2453; baseline 0.007 -42"><span class='ocrx_word' id='word_1_937' title='bbox 1362 2386 1480 2414; x_wconf 72' lang='lat' dir='ltr'>Domino</span> <span class='ocrx_word' id='word_1_938' title='bbox 1496 2388 1539 2414; x_wconf 85' lang='lat' dir='ltr'>A.</span> <span class='ocrx_word' id='word_1_939' title='bbox 1554 2386 1662 2414; x_wconf 60' lang='lat' dir='ltr'>Sandiae</span> <span class='ocrx_word' id='word_1_940' title='bbox 1678 2386 1782 2413; x_wconf 61' lang='lat' dir='ltr'>stlariae</span> <span class='ocrx_word' id='word_1_941' title='bbox 1797 2387 1826 2413; x_wconf 78' lang='lat' dir='ltr'>in</span> <span class='ocrx_word' id='word_1_942' title='bbox 1845 2385 1971 2422; x_wconf 78' lang='lat' dir='ltr'>Portica,</span> <span class='ocrx_word' id='word_1_943' title='bbox 2130 2421 2158 2451; x_wconf 43' lang='lat' dir='ltr'>d·</span> <span class='ocrx_word' id='word_1_944' title='bbox 2180 2421 2236 2453; x_wconf 67' lang='lat' dir='ltr'>alb</span> 
     </span>
     <span class='ocr_line' id='line_1_127' title="bbox 2150 2431 2277 2452; baseline 0.016 -2"><span class='ocrx_word' id='word_1_945' title='bbox 2150 2431 2178 2451; x_wconf 85' lang='lat' dir='ltr'>in</span> <span class='ocrx_word' id='word_1_946' title='bbox 2207 2433 2213 2450; x_wconf 83' lang='lat' dir='ltr'>i</span> <span class='ocrx_word' id='word_1_947' title='bbox 2237 2432 2277 2452; x_wconf 84' lang='lat' dir='ltr'>us.</span> 
     </span>
    </p>
   </div>
   <div class='ocr_carea' id='block_1_20' title="bbox 1359 2424 1957 2499">
    <p class='ocr_par' dir='ltr' id='par_1_40' title="bbox 1359 2424 1957 2499">
     <span class='ocr_line' id='line_1_128' title="bbox 1362 2424 1957 2462; baseline 0 -11"><span class='ocrx_word' id='word_1_948' title='bbox 1362 2425 1478 2452; x_wconf 87' lang='lat' dir='ltr'>Domino</span> <span class='ocrx_word' id='word_1_949' title='bbox 1491 2426 1526 2452; x_wconf 87' lang='lat' dir='ltr'>B.</span> <span class='ocrx_word' id='word_1_950' title='bbox 1541 2424 1650 2453; x_wconf 69' lang='lat' dir='ltr'>Sandlae</span> <span class='ocrx_word' id='word_1_951' title='bbox 1666 2426 1771 2452; x_wconf 57' lang='lat' dir='ltr'>lislariae</span> <span class='ocrx_word' id='word_1_952' title='bbox 1785 2427 1814 2451; x_wconf 77' lang='lat' dir='ltr'>in</span> <span class='ocrx_word' id='word_1_953' title='bbox 1829 2425 1957 2462; x_wconf 74' lang='lat' dir='ltr'>Aqniro,</span> 
     </span>
     <span class='ocr_line' id='line_1_129' title="bbox 1359 2463 1895 2499; baseline 0 -9"><span class='ocrx_word' id='word_1_954' title='bbox 1359 2463 1474 2492; x_wconf 77' lang='lat' dir='ltr'>Domino</span> <span class='ocrx_word' id='word_1_955' title='bbox 1487 2464 1520 2491; x_wconf 89' lang='lat' dir='ltr'>R.</span> <span class='ocrx_word' id='word_1_956' title='bbox 1536 2463 1645 2492; x_wconf 60' lang='lat' dir='ltr'>Sanilae</span> <span class='ocrx_word' id='word_1_957' title='bbox 1661 2465 1765 2492; x_wconf 62' lang='lat' dir='ltr'>Maria:</span> <span class='ocrx_word' id='word_1_958' title='bbox 1781 2463 1875 2491; x_wconf 81' lang='lat' dir='ltr'>Novae</span> <span class='ocrx_word' id='word_1_959' title='bbox 1883 2483 1895 2499; x_wconf 84' lang='lat'>,</span> 
     </span>
    </p>
   </div>
   <div class='ocr_carea' id='block_1_21' title="bbox 1344 2547 2369 2553">
    <p class='ocr_par' dir='ltr' id='par_1_41' title="bbox 1344 2547 2369 2553">
     <span class='ocr_line' id='line_1_130' title="bbox 1344 2547 2369 2553; baseline 0 0"><span class='ocrx_word' id='word_1_960' title='bbox 1344 2547 2369 2553; x_wconf 95' lang='lat' dir='ltr'> </span> 
     </span>
    </p>
   </div>
   <div class='ocr_carea' id='block_1_22' title="bbox 1501 2591 2213 2640">
    <p class='ocr_par' dir='ltr' id='par_1_42' title="bbox 1501 2591 2213 2640">
     <span class='ocr_line' id='line_1_131' title="bbox 1501 2591 2213 2640; baseline -0.007 -11"><span class='ocrx_word' id='word_1_961' title='bbox 1501 2597 1552 2629; x_wconf 91' lang='lat' dir='ltr'>De</span> <span class='ocrx_word' id='word_1_962' title='bbox 1577 2599 1735 2629; x_wconf 81' lang='lat' dir='ltr'>Sententiis</span> <span class='ocrx_word' id='word_1_963' title='bbox 1753 2604 1856 2627; x_wconf 70' lang='lat' dir='ltr'>contra</span> <span class='ocrx_word' id='word_1_964' title='bbox 1874 2595 1972 2626; x_wconf 86' lang='lat' dir='ltr'>Scotos</span> <span class='ocrx_word' id='word_1_965' title='bbox 1989 2591 2213 2640; x_wconf 79' lang='lat' dir='ltr'>aggravandis.</span> 
     </span>
    </p>
   </div>
   <div class='ocr_carea' id='block_1_23' title="bbox 2416 540 2535 574">
    <p class='ocr_par' dir='ltr' id='par_1_43' title="bbox 2416 540 2535 574">
     <span class='ocr_line' id='line_1_132' title="bbox 2416 540 2535 574; baseline 0.008 -17"><span class='ocrx_word' id='word_1_966' title='bbox 2416 540 2493 569; x_wconf 69' lang='lat' dir='ltr'>m.9.</span> <span class='ocrx_word' id='word_1_967' title='bbox 2522 562 2535 574; x_wconf 40' lang='lat' dir='ltr'><strong><em>r</em></strong></span> 
     </span>
    </p>
   </div>
   <div class='ocr_carea' id='block_1_24' title="bbox 2417 1136 2509 1211">
    <p class='ocr_par' dir='ltr' id='par_1_44' title="bbox 2417 1136 2509 1211">
     <span class='ocr_line' id='line_1_133' title="bbox 2420 1136 2509 1168; baseline 0.034 -3"><span class='ocrx_word' id='word_1_968' title='bbox 2420 1136 2435 1151; x_wconf 62' lang='lat'><strong>⁸</strong></span> <span class='ocrx_word' id='word_1_969' title='bbox 2458 1138 2509 1168; x_wconf 90' lang='lat'>111.</span> 
     </span>
     <span class='ocr_line' id='line_1_134' title="bbox 2417 1177 2481 1211; baseline -0.031 -3"><span class='ocrx_word' id='word_1_970' title='bbox 2417 1177 2481 1211; x_wconf 85' lang='lat'><strong>967.</strong></span> 
     </span>
    </p>
   </div>
   <div class='ocr_carea' id='block_1_25' title="bbox 1320 2678 2562 3260">
    <p class='ocr_par' dir='ltr' id='par_1_45' title="bbox 1320 2678 2562 3260">
     <span class='ocr_line' id='line_1_135' title="bbox 1321 2678 2557 2741; baseline -0.005 -29"><span class='ocrx_word' id='word_1_971' title='bbox 1321 2681 1370 2741; x_wconf 86' lang='lat' dir='ltr'>P</span> <span class='ocrx_word' id='word_1_972' title='bbox 1379 2681 1404 2712; x_wconf 85' lang='lat' dir='ltr'>A</span> <span class='ocrx_word' id='word_1_973' title='bbox 1414 2680 1482 2711; x_wconf 82' lang='lat' dir='ltr'>PAE</span> <span class='ocrx_word' id='word_1_974' title='bbox 1503 2681 1570 2712; x_wconf 79' lang='lat' dir='ltr'>Rex</span> <span class='ocrx_word' id='word_1_975' title='bbox 1581 2681 1685 2712; x_wconf 86' lang='lat' dir='ltr'>devota</span> <span class='ocrx_word' id='word_1_976' title='bbox 1702 2680 1808 2721; x_wconf 88' lang='lat' dir='ltr'>pedum</span> <span class='ocrx_word' id='word_1_977' title='bbox 1823 2678 1915 2710; x_wconf 73' lang='lat' dir='ltr'>oscula</span> <span class='ocrx_word' id='word_1_978' title='bbox 1929 2679 2090 2709; x_wconf 80' lang='lat' dir='ltr'>beatorum.</span> <span class='ocrx_word' id='word_1_979' title='bbox 2411 2684 2557 2721; x_wconf 43' lang='lat' dir='ltr'>Arm-1235</span> 
     </span>
     <span class='ocr_line' id='line_1_136' title="bbox 1424 2715 2562 2767; baseline -0.003 -17"><span class='ocrx_word' id='word_1_980' title='bbox 1424 2721 1546 2760; x_wconf 70' lang='lat' dir='ltr'>Quinto</span> <span class='ocrx_word' id='word_1_981' title='bbox 1570 2719 1746 2758; x_wconf 87' lang='lat' dir='ltr'>Scotorum,</span> <span class='ocrx_word' id='word_1_982' title='bbox 1761 2717 1952 2749; x_wconf 64' lang='lat' dir='ltr'>SacrosanCtae</span> <span class='ocrx_word' id='word_1_983' title='bbox 1974 2717 2120 2761; x_wconf 81' lang='lat' dir='ltr'>Romanae</span> <span class='ocrx_word' id='word_1_984' title='bbox 2134 2715 2271 2748; x_wconf 84' lang='lat' dir='ltr'>Ecclefiae</span> <span class='ocrx_word' id='word_1_985' title='bbox 2285 2716 2395 2748; x_wconf 90' lang='lat' dir='ltr'>Rebel-</span> <span class='ocrx_word' id='word_1_986' title='bbox 2440 2735 2519 2767; x_wconf 83' lang='lat'>1322.</span> <span class='ocrx_word' id='word_1_987' title='bbox 2545 2730 2562 2756; x_wconf 52' lang='lat'>„-</span> 
     </span>
     <span class='ocr_line' id='line_1_137' title="bbox 1320 2755 2562 2801; baseline -0.003 -12"><span class='ocrx_word' id='word_1_988' title='bbox 1320 2759 1408 2797; x_wconf 90' lang='lat' dir='ltr'>lium,</span> <span class='ocrx_word' id='word_1_989' title='bbox 1425 2769 1456 2790; x_wconf 85' lang='lat' dir='ltr'>ac</span> <span class='ocrx_word' id='word_1_990' title='bbox 1479 2758 1658 2789; x_wconf 89' lang='lat' dir='ltr'>Nostrorum</span> <span class='ocrx_word' id='word_1_991' title='bbox 1679 2759 1866 2788; x_wconf 89' lang='lat' dir='ltr'>inimicorum</span> <span class='ocrx_word' id='word_1_992' title='bbox 1885 2757 1918 2787; x_wconf 92' lang='lat'>&amp;</span> <span class='ocrx_word' id='word_1_993' title='bbox 1942 2755 2145 2801; x_wconf 82' lang='lat' dir='ltr'>Proditorum,</span> <span class='ocrx_word' id='word_1_994' title='bbox 2164 2755 2309 2801; x_wconf 80' lang='lat' dir='ltr'>effraenata</span> <span class='ocrx_word' id='word_1_995' title='bbox 2332 2756 2394 2801; x_wconf 83' lang='lat' dir='ltr'>Ra-</span> <span class='ocrx_word' id='word_1_996' title='bbox 2409 2770 2462 2795; x_wconf 53' lang='lat' dir='ltr'>An„</span> <span class='ocrx_word' id='word_1_997' title='bbox 2477 2767 2515 2796; x_wconf 55' lang='lat'>1⁶,&gt;</span> <span class='ocrx_word' id='word_1_998' title='bbox 2544 2766 2562 2792; x_wconf 63' lang='lat'>..5</span> 
     </span>
     <span class='ocr_line' id='line_1_138' title="bbox 1320 2794 2562 2834; baseline -0.002 -6"><span class='ocrx_word' id='word_1_999' title='bbox 1320 2799 1378 2828; x_wconf 86' lang='lat' dir='ltr'>bies</span> <span class='ocrx_word' id='word_1_1000' title='bbox 1391 2800 1424 2828; x_wconf 87' lang='lat'>&amp;</span> <span class='ocrx_word' id='word_1_1001' title='bbox 1438 2798 1578 2828; x_wconf 87' lang='lat' dir='ltr'>obstinata</span> <span class='ocrx_word' id='word_1_1002' title='bbox 1592 2797 1704 2828; x_wconf 83' lang='lat' dir='ltr'>Malitia</span> <span class='ocrx_word' id='word_1_1003' title='bbox 1718 2798 1747 2827; x_wconf 90' lang='lat' dir='ltr'>in</span> <span class='ocrx_word' id='word_1_1004' title='bbox 1764 2806 1816 2826; x_wconf 77' lang='lat' dir='ltr'>nos</span> <span class='ocrx_word' id='word_1_1005' title='bbox 1831 2797 1863 2826; x_wconf 75' lang='grc' dir='ltr'>δε</span> <span class='ocrx_word' id='word_1_1006' title='bbox 1879 2794 1993 2826; x_wconf 90' lang='lat' dir='ltr'>nostros</span> <span class='ocrx_word' id='word_1_1007' title='bbox 2007 2794 2101 2825; x_wconf 83' lang='lat' dir='ltr'>fideles</span> <span class='ocrx_word' id='word_1_1008' title='bbox 2115 2794 2204 2825; x_wconf 85' lang='lat' dir='ltr'>indies</span> <span class='ocrx_word' id='word_1_1009' title='bbox 2218 2805 2279 2826; x_wconf 88' lang='lat' dir='ltr'>non</span> <span class='ocrx_word' id='word_1_1010' title='bbox 2295 2795 2393 2826; x_wconf 83' lang='lat' dir='ltr'>desinit</span> <span class='ocrx_word' id='word_1_1011' title='bbox 2410 2809 2439 2833; x_wconf 79' lang='lat' dir='ltr'>E.</span> <span class='ocrx_word' id='word_1_1012' title='bbox 2460 2815 2486 2833; x_wconf 62' lang='lat'>2,</span> <span class='ocrx_word' id='word_1_1013' title='bbox 2561 2831 2562 2834; x_wconf 13' lang='grc' dir='ltr'><strong>Ἰ</strong></span> 
     </span>
     <span class='ocr_line' id='line_1_139' title="bbox 1320 2833 2562 2878; baseline -0.002 -11"><span class='ocrx_word' id='word_1_1014' title='bbox 1320 2837 1453 2867; x_wconf 66' lang='lat' dir='ltr'>desaevire</span> <span class='ocrx_word' id='word_1_1015' title='bbox 1468 2860 1477 2875; x_wconf 95' lang='lat'>,</span> <span class='ocrx_word' id='word_1_1016' title='bbox 1502 2838 1582 2867; x_wconf 81' lang='lat' dir='ltr'>tanto</span> <span class='ocrx_word' id='word_1_1017' title='bbox 1610 2837 1734 2874; x_wconf 89' lang='lat' dir='ltr'>ipsorum</span> <span class='ocrx_word' id='word_1_1018' title='bbox 1761 2835 1938 2865; x_wconf 86' lang='lat' dir='ltr'>insolentiam</span> <span class='ocrx_word' id='word_1_1019' title='bbox 1955 2857 1964 2873; x_wconf 89' lang='lat'>,</span> <span class='ocrx_word' id='word_1_1020' title='bbox 1991 2833 2024 2864; x_wconf 91' lang='lat' dir='ltr'>ad</span> <span class='ocrx_word' id='word_1_1021' title='bbox 2046 2834 2190 2878; x_wconf 68' lang='lat' dir='ltr'>honorem</span> <span class='ocrx_word' id='word_1_1022' title='bbox 2210 2834 2336 2866; x_wconf 84' lang='lat' dir='ltr'>vestrum</span> <span class='ocrx_word' id='word_1_1023' title='bbox 2355 2835 2390 2865; x_wconf 91' lang='lat'>&amp;</span> <span class='ocrx_word' id='word_1_1024' title='bbox 2407 2847 2478 2870; x_wconf 80' lang='lat' dir='ltr'>Rom.</span> <span class='ocrx_word' id='word_1_1025' title='bbox 2492 2844 2530 2874; x_wconf 69' lang='lat'>15.</span> <span class='ocrx_word' id='word_1_1026' title='bbox 2544 2848 2562 2871; x_wconf 49' lang='grc' dir='ltr'>,γ</span> 
     </span>
     <span class='ocr_line' id='line_1_140' title="bbox 1321 2871 2484 2917; baseline -0.004 -11"><span class='ocrx_word' id='word_1_1027' title='bbox 1321 2875 1457 2906; x_wconf 84' lang='lat' dir='ltr'>Eccleliae</span> <span class='ocrx_word' id='word_1_1028' title='bbox 1474 2875 1584 2914; x_wconf 83' lang='lat' dir='ltr'>Sacrae,</span> <span class='ocrx_word' id='word_1_1029' title='bbox 1601 2875 1786 2911; x_wconf 86' lang='lat' dir='ltr'>nostrumque</span> <span class='ocrx_word' id='word_1_1030' title='bbox 1802 2875 1835 2905; x_wconf 63' lang='grc' dir='ltr'>ὃς</span> <span class='ocrx_word' id='word_1_1031' title='bbox 1851 2872 1947 2913; x_wconf 86' lang='lat' dir='ltr'>Regni</span> <span class='ocrx_word' id='word_1_1032' title='bbox 1961 2871 2053 2917; x_wconf 83' lang='lat' dir='ltr'>nostri</span> <span class='ocrx_word' id='word_1_1033' title='bbox 2068 2873 2242 2917; x_wconf 37' lang='lat' dir='ltr'>quie-tem&amp;</span> <span class='ocrx_word' id='word_1_1034' title='bbox 2255 2881 2389 2903; x_wconf 91' lang='lat' dir='ltr'>commo-</span> <span class='ocrx_word' id='word_1_1035' title='bbox 2405 2886 2437 2908; x_wconf 79' lang='lat' dir='ltr'>E.</span> <span class='ocrx_word' id='word_1_1036' title='bbox 2459 2892 2484 2909; x_wconf 71' lang='lat'>2,</span> 
     </span>
     <span class='ocr_line' id='line_1_141' title="bbox 1320 2912 2502 2956; baseline -0.003 -12"><span class='ocrx_word' id='word_1_1037' title='bbox 1320 2914 1409 2953; x_wconf 85' lang='lat' dir='ltr'>dum,</span> <span class='ocrx_word' id='word_1_1038' title='bbox 1428 2925 1477 2952; x_wconf 89' lang='lat' dir='ltr'>per</span> <span class='ocrx_word' id='word_1_1039' title='bbox 1491 2913 1574 2944; x_wconf 80' lang='lat' dir='ltr'>vestri</span> <span class='ocrx_word' id='word_1_1040' title='bbox 1590 2912 1772 2952; x_wconf 66' lang='lat' dir='ltr'>Apostolatsis</span> <span class='ocrx_word' id='word_1_1041' title='bbox 1787 2912 1913 2951; x_wconf 87' lang='lat' dir='ltr'>Apicern</span> <span class='ocrx_word' id='word_1_1042' title='bbox 1928 2921 2059 2951; x_wconf 88' lang='lat' dir='ltr'>cupimus</span> <span class='ocrx_word' id='word_1_1043' title='bbox 2071 2912 2208 2956; x_wconf 69' lang='lat' dir='ltr'>cohiberi.</span> <span class='ocrx_word' id='word_1_1044' title='bbox 2321 2949 2326 2955; x_wconf 40' lang='grc' dir='ltr'>ι</span> <span class='ocrx_word' id='word_1_1045' title='bbox 2340 2949 2345 2955; x_wconf 88' lang='lat'><strong>.</strong></span> <span class='ocrx_word' id='word_1_1046' title='bbox 2403 2930 2440 2948; x_wconf 59' lang='lat' dir='ltr'>m,</span> <span class='ocrx_word' id='word_1_1047' title='bbox 2459 2923 2502 2948; x_wconf 61' lang='lat' dir='ltr'>mg</span> 
     </span>
     <span class='ocr_line' id='line_1_142' title="bbox 1359 2948 2390 2992; baseline -0.003 -9"><span class='ocrx_word' id='word_1_1048' title='bbox 1359 2953 1468 2984; x_wconf 80' lang='lat' dir='ltr'>Vestrae</span> <span class='ocrx_word' id='word_1_1049' title='bbox 1489 2954 1571 2992; x_wconf 84' lang='lat' dir='ltr'>igitur</span> <span class='ocrx_word' id='word_1_1050' title='bbox 1594 2952 1760 2990; x_wconf 60' lang='lat' dir='ltr'>Sanctitati,</span> <span class='ocrx_word' id='word_1_1051' title='bbox 1776 2959 1883 2991; x_wconf 87' lang='lat' dir='ltr'>quanto</span> <span class='ocrx_word' id='word_1_1052' title='bbox 1902 2950 2033 2982; x_wconf 74' lang='lat' dir='ltr'>devotius</span> <span class='ocrx_word' id='word_1_1053' title='bbox 2052 2958 2220 2988; x_wconf 89' lang='lat' dir='ltr'>poterimus,</span> <span class='ocrx_word' id='word_1_1054' title='bbox 2244 2948 2390 2980; x_wconf 87' lang='lat' dir='ltr'>hurmliter</span> 
     </span>
     <span class='ocr_line' id='line_1_143' title="bbox 1321 2986 2559 3036; baseline -0.005 -13"><span class='ocrx_word' id='word_1_1055' title='bbox 1321 2993 1508 3033; x_wconf 87' lang='lat' dir='ltr'>supplicamus</span> <span class='ocrx_word' id='word_1_1056' title='bbox 1523 3015 1532 3028; x_wconf 87' lang='lat'>,</span> <span class='ocrx_word' id='word_1_1057' title='bbox 1559 2992 1690 3029; x_wconf 78' lang='lat' dir='ltr'>quatinus</span> <span class='ocrx_word' id='word_1_1058' title='bbox 1709 2991 1866 3022; x_wconf 84' lang='lat' dir='ltr'>Sententias</span> <span class='ocrx_word' id='word_1_1059' title='bbox 1887 2991 1921 3021; x_wconf 68' lang='grc' dir='ltr'>ὃς</span> <span class='ocrx_word' id='word_1_1060' title='bbox 1942 2988 2085 3033; x_wconf 71' lang='lat' dir='ltr'>processus</span> <span class='ocrx_word' id='word_1_1061' title='bbox 2130 2987 2167 3018; x_wconf 88' lang='lat' dir='ltr'>de</span> <span class='ocrx_word' id='word_1_1062' title='bbox 2188 2986 2285 3032; x_wconf 82' lang='lat' dir='ltr'>vestro</span> <span class='ocrx_word' id='word_1_1063' title='bbox 2306 2997 2391 3033; x_wconf 80' lang='lat' dir='ltr'>motu</span> <span class='ocrx_word' id='word_1_1064' title='bbox 2554 3005 2559 3036; x_wconf 36' lang='grc' dir='ltr'>ι»</span> 
     </span>
     <span class='ocr_line' id='line_1_144' title="bbox 1321 3010 2562 3072; baseline -0.003 -11"><span class='ocrx_word' id='word_1_1065' title='bbox 1321 3032 1438 3070; x_wconf 88' lang='lat' dir='ltr'>proprio</span> <span class='ocrx_word' id='word_1_1066' title='bbox 1451 3032 1484 3061; x_wconf 86' lang='lat'>&amp;</span> <span class='ocrx_word' id='word_1_1067' title='bbox 1499 3029 1625 3068; x_wconf 82' lang='lat' dir='ltr'>Officio,</span> <span class='ocrx_word' id='word_1_1068' title='bbox 1641 3038 1737 3060; x_wconf 88' lang='lat' dir='ltr'>contra</span> <span class='ocrx_word' id='word_1_1069' title='bbox 1749 3029 1842 3060; x_wconf 69' lang='lat' dir='ltr'>dictos</span> <span class='ocrx_word' id='word_1_1070' title='bbox 1857 3028 1961 3071; x_wconf 81' lang='lat' dir='ltr'>Scotos</span> <span class='ocrx_word' id='word_1_1071' title='bbox 1975 3027 2038 3057; x_wconf 77' lang='lat' dir='ltr'>alias</span> <span class='ocrx_word' id='word_1_1072' title='bbox 2048 3010 2216 3065; x_wconf 64' lang='lat' dir='ltr'>mcboams,</span> <span class='ocrx_word' id='word_1_1073' title='bbox 2230 3026 2389 3067; x_wconf 75' lang='lat' dir='ltr'>dignemini</span> <span class='ocrx_word' id='word_1_1074' title='bbox 2552 3048 2562 3072; x_wconf 28' lang='lat'>,-</span> 
     </span>
     <span class='ocr_line' id='line_1_145' title="bbox 1322 3065 2555 3111; baseline -0.007 -11"><span class='ocrx_word' id='word_1_1075' title='bbox 1322 3071 1416 3100; x_wconf 91' lang='lat' dir='ltr'>modis</span> <span class='ocrx_word' id='word_1_1076' title='bbox 1429 3069 1462 3100; x_wconf 89' lang='lat'>&amp;</span> <span class='ocrx_word' id='word_1_1077' title='bbox 1476 3071 1543 3107; x_wconf 88' lang='lat' dir='ltr'>viis,</span> <span class='ocrx_word' id='word_1_1078' title='bbox 1561 3071 1661 3109; x_wconf 84' lang='lat' dir='ltr'>quibus</span> <span class='ocrx_word' id='word_1_1079' title='bbox 1674 3069 1773 3099; x_wconf 84' lang='lat' dir='ltr'>melius</span> <span class='ocrx_word' id='word_1_1080' title='bbox 1789 3067 1977 3105; x_wconf 84' lang='lat' dir='ltr'>fieripoter1t‚</span> <span class='ocrx_word' id='word_1_1081' title='bbox 1997 3065 2166 3108; x_wconf 74' lang='lat' dir='ltr'>Aggravare.</span> <span class='ocrx_word' id='word_1_1082' title='bbox 2207 3105 2212 3110; x_wconf 40' lang='grc'><strong><em>.</em></strong></span> <span class='ocrx_word' id='word_1_1083' title='bbox 2227 3105 2233 3110; x_wconf 92' lang='lat'><em>.</em></span> <span class='ocrx_word' id='word_1_1084' title='bbox 2323 3106 2328 3111; x_wconf 53' lang='lat'>,</span> <span class='ocrx_word' id='word_1_1085' title='bbox 2548 3090 2555 3109; x_wconf 51' lang='grc' dir='ltr'>Ι</span> 
     </span>
     <span class='ocr_line' id='line_1_146' title="bbox 1357 3102 2390 3148; baseline -0.002 -10"><span class='ocrx_word' id='word_1_1086' title='bbox 1357 3107 1394 3139; x_wconf 87' lang='lat' dir='ltr'>Et</span> <span class='ocrx_word' id='word_1_1087' title='bbox 1406 3108 1491 3148; x_wconf 67' lang='lat' dir='ltr'>isuper</span> <span class='ocrx_word' id='word_1_1088' title='bbox 1511 3109 1579 3145; x_wconf 87' lang='lat' dir='ltr'>hiis,</span> <span class='ocrx_word' id='word_1_1089' title='bbox 1605 3107 1716 3138; x_wconf 70' lang='lat' dir='ltr'>dileffis</span> <span class='ocrx_word' id='word_1_1090' title='bbox 1735 3108 1768 3138; x_wconf 88' lang='lat'>&amp;</span> <span class='ocrx_word' id='word_1_1091' title='bbox 1790 3106 1915 3135; x_wconf 81' lang='lat' dir='ltr'>fidelibus</span> <span class='ocrx_word' id='word_1_1092' title='bbox 1934 3102 2053 3141; x_wconf 83' lang='lat' dir='ltr'>nostris,</span> <span class='ocrx_word' id='word_1_1093' title='bbox 2081 3104 2234 3147; x_wconf 79' lang='lat' dir='ltr'>venerabili</span> <span class='ocrx_word' id='word_1_1094' title='bbox 2256 3103 2331 3136; x_wconf 87' lang='lat' dir='ltr'>Patri</span> <span class='ocrx_word' id='word_1_1095' title='bbox 2350 3103 2390 3136; x_wconf 83' lang='lat' dir='ltr'>R.</span> 
     </span>
     <span class='ocr_line' id='line_1_147' title="bbox 1327 3141 2391 3187; baseline -0.004 -11"><span class='ocrx_word' id='word_1_1096' title='bbox 1327 3145 1384 3177; x_wconf 78' lang='lat' dir='ltr'>Dei</span> <span class='ocrx_word' id='word_1_1097' title='bbox 1407 3146 1493 3184; x_wconf 66' lang='lat' dir='ltr'>grani</span> <span class='ocrx_word' id='word_1_1098' title='bbox 1517 3169 1526 3184; x_wconf 80' lang='lat'>‚</span> <span class='ocrx_word' id='word_1_1099' title='bbox 1559 3145 1764 3185; x_wconf 62' lang='lat' dir='ltr'>XVyntoniensi</span> <span class='ocrx_word' id='word_1_1100' title='bbox 1785 3143 1930 3182; x_wconf 82' lang='lat' dir='ltr'>Episcopo</span> <span class='ocrx_word' id='word_1_1101' title='bbox 1945 3165 1955 3180; x_wconf 93' lang='lat'>,</span> <span class='ocrx_word' id='word_1_1102' title='bbox 1989 3142 2022 3172; x_wconf 67' lang='grc' dir='ltr'>δί</span> <span class='ocrx_word' id='word_1_1103' title='bbox 2044 3141 2189 3187; x_wconf 79' lang='lat' dir='ltr'>Magistro</span> <span class='ocrx_word' id='word_1_1104' title='bbox 2207 3142 2335 3181; x_wconf 79' lang='lat' dir='ltr'>johanni</span> <span class='ocrx_word' id='word_1_1105' title='bbox 2354 3143 2391 3172; x_wconf 85' lang='lat' dir='ltr'>de</span> 
     </span>
     <span class='ocr_line' id='line_1_148' title="bbox 1322 3181 2562 3222; baseline -0.004 -7"><span class='ocrx_word' id='word_1_1106' title='bbox 1322 3185 1476 3222; x_wconf 73' lang='lat' dir='ltr'>stratford,</span> <span class='ocrx_word' id='word_1_1107' title='bbox 1496 3185 1710 3215; x_wconf 76' lang='lat' dir='ltr'>Archidiacono</span> <span class='ocrx_word' id='word_1_1108' title='bbox 1726 3182 1904 3220; x_wconf 85' lang='lat' dir='ltr'>Lincolniae,</span> <span class='ocrx_word' id='word_1_1109' title='bbox 1919 3190 1953 3213; x_wconf 91' lang='lat' dir='ltr'>ac</span> <span class='ocrx_word' id='word_1_1110' title='bbox 1968 3190 2072 3212; x_wconf 84' lang='lat' dir='ltr'>eorum</span> <span class='ocrx_word' id='word_1_1111' title='bbox 2086 3181 2182 3220; x_wconf 83' lang='lat' dir='ltr'>alteri,</span> <span class='ocrx_word' id='word_1_1112' title='bbox 2199 3190 2233 3212; x_wconf 82' lang='lat' dir='ltr'>ex</span> <span class='ocrx_word' id='word_1_1113' title='bbox 2246 3189 2325 3220; x_wconf 88' lang='lat' dir='ltr'>parte</span> <span class='ocrx_word' id='word_1_1114' title='bbox 2337 3190 2391 3212; x_wconf 89' lang='lat' dir='ltr'>no-</span> <span class='ocrx_word' id='word_1_1115' title='bbox 2559 3182 2562 3220; x_wconf 78' lang='lat' dir='ltr'>l</span> 
     </span>
     <span class='ocr_line' id='line_1_149' title="bbox 1322 3221 2562 3260; baseline -0.006 -7"><span class='ocrx_word' id='word_1_1116' title='bbox 1322 3224 1374 3253; x_wconf 68' lang='lat' dir='ltr'>iti-si</span> <span class='ocrx_word' id='word_1_1117' title='bbox 1384 3247 1392 3260; x_wconf 84' lang='lat'>,</span> <span class='ocrx_word' id='word_1_1118' title='bbox 1408 3224 1494 3253; x_wconf 84' lang='lat' dir='ltr'>fidem</span> <span class='ocrx_word' id='word_1_1119' title='bbox 1510 3223 1657 3252; x_wconf 87' lang='lat' dir='ltr'>indubiam</span> <span class='ocrx_word' id='word_1_1120' title='bbox 1670 3221 1810 3252; x_wconf 84' lang='lat' dir='ltr'>adhibere.</span> <span class='ocrx_word' id='word_1_1121' title='bbox 2552 3221 2562 3259; x_wconf 73' lang='lat'>‚⁴</span> 
     </span>
    </p>
   </div>
   <div class='ocr_carea' id='block_1_26' title="bbox 1359 3262 2562 3299">
    <p class='ocr_par' dir='ltr' id='par_1_46' title="bbox 1359 3262 2562 3314">
     <span class='ocr_line' id='line_1_150' title="bbox 1359 3262 2562 3299; baseline -0.002 -7"><span class='ocrx_word' id='word_1_1122' title='bbox 1359 3262 1531 3299; x_wconf 82' lang='lat' dir='ltr'>Conservet,</span> <span class='ocrx_word' id='word_1_1123' title='bbox 1548 3262 1610 3292; x_wconf 89' lang='lat' dir='ltr'>&amp;c.</span> <span class='ocrx_word' id='word_1_1124' title='bbox 2550 3262 2562 3289; x_wconf 63' lang='grc' dir='ltr'>ιθ·</span> 
     </span>
    </p>
   </div>
   <div class='ocr_carea' id='block_1_27' title="bbox 206 2697 1286 3938">
    <p class='ocr_par' dir='ltr' id='par_1_47' title="bbox 206 2697 1279 3086">
     <span class='ocr_line' id='line_1_151' title="bbox 211 2697 1276 2740; baseline 0.008 -14"><span class='ocrx_word' id='word_1_1125' title='bbox 211 2697 413 2736; x_wconf 63' lang='lat' dir='ltr'>supplicamtib&#39;,</span> <span class='ocrx_word' id='word_1_1126' title='bbox 430 2700 573 2737; x_wconf 84' lang='lat' dir='ltr'>quatinus,</span> <span class='ocrx_word' id='word_1_1127' title='bbox 589 2699 623 2730; x_wconf 84' lang='lat' dir='ltr'>ad</span> <span class='ocrx_word' id='word_1_1128' title='bbox 642 2699 752 2731; x_wconf 77' lang='lat' dir='ltr'>Statum</span> <span class='ocrx_word' id='word_1_1129' title='bbox 774 2701 806 2731; x_wconf 66' lang='grc' dir='ltr'>ἃ</span> <span class='ocrx_word' id='word_1_1130' title='bbox 829 2700 986 2732; x_wconf 88' lang='lat' dir='ltr'>Honorem</span> <span class='ocrx_word' id='word_1_1131' title='bbox 1007 2703 1119 2739; x_wconf 73' lang='lat' dir='ltr'>regium</span> <span class='ocrx_word' id='word_1_1132' title='bbox 1134 2706 1276 2740; x_wconf 82' lang='lat' dir='ltr'>(quorum</span> 
     </span>
     <span class='ocr_line' id='line_1_152' title="bbox 210 2735 1276 2780; baseline 0.007 -14"><span class='ocrx_word' id='word_1_1133' title='bbox 210 2735 400 2766; x_wconf 82' lang='lat' dir='ltr'>Defensorem</span> <span class='ocrx_word' id='word_1_1134' title='bbox 426 2739 602 2775; x_wconf 71' lang='lat' dir='ltr'>praecipuum</span> <span class='ocrx_word' id='word_1_1135' title='bbox 626 2749 678 2768; x_wconf 82' lang='lat' dir='ltr'>vos</span> <span class='ocrx_word' id='word_1_1136' title='bbox 704 2739 838 2769; x_wconf 59' lang='lat' dir='ltr'>haitenus</span> <span class='ocrx_word' id='word_1_1137' title='bbox 865 2739 1019 2780; x_wconf 82' lang='lat' dir='ltr'>senlimus,</span> <span class='ocrx_word' id='word_1_1138' title='bbox 1042 2743 1075 2772; x_wconf 86' lang='lat'>&amp;</span> <span class='ocrx_word' id='word_1_1139' title='bbox 1099 2742 1276 2774; x_wconf 77' lang='lat' dir='ltr'>confidenter</span> 
     </span>
     <span class='ocr_line' id='line_1_153' title="bbox 210 2773 1276 2812; baseline 0.008 -9"><span class='ocrx_word' id='word_1_1140' title='bbox 210 2773 303 2804; x_wconf 85' lang='lat' dir='ltr'>adhuc</span> <span class='ocrx_word' id='word_1_1141' title='bbox 329 2778 474 2811; x_wconf 86' lang='lat' dir='ltr'>tenemus)</span> <span class='ocrx_word' id='word_1_1142' title='bbox 503 2775 653 2806; x_wconf 84' lang='lat' dir='ltr'>Paternalis</span> <span class='ocrx_word' id='word_1_1143' title='bbox 675 2777 836 2808; x_wconf 66' lang='lat' dir='ltr'>affetftionis</span> <span class='ocrx_word' id='word_1_1144' title='bbox 868 2779 1034 2810; x_wconf 86' lang='lat' dir='ltr'>consuetam</span> <span class='ocrx_word' id='word_1_1145' title='bbox 1055 2780 1276 2812; x_wconf 83' lang='lat' dir='ltr'>benivolentiam</span> 
     </span>
     <span class='ocr_line' id='line_1_154' title="bbox 210 2813 1275 2853; baseline 0.008 -10"><span class='ocrx_word' id='word_1_1146' title='bbox 210 2822 423 2850; x_wconf 78' lang='lat' dir='ltr'>convertentes,</span> <span class='ocrx_word' id='word_1_1147' title='bbox 440 2813 483 2852; x_wconf 88' lang='lat' dir='ltr'>id,</span> <span class='ocrx_word' id='word_1_1148' title='bbox 502 2815 579 2853; x_wconf 86' lang='lat' dir='ltr'>quod</span> <span class='ocrx_word' id='word_1_1149' title='bbox 601 2824 700 2846; x_wconf 82' lang='lat' dir='ltr'>contra</span> <span class='ocrx_word' id='word_1_1150' title='bbox 724 2815 791 2846; x_wconf 85' lang='lat' dir='ltr'>Nos</span> <span class='ocrx_word' id='word_1_1151' title='bbox 812 2817 844 2847; x_wconf 71' lang='grc' dir='ltr'>δε</span> <span class='ocrx_word' id='word_1_1152' title='bbox 860 2816 952 2848; x_wconf 69' lang='lat' dir='ltr'>dic&#39;tos</span> <span class='ocrx_word' id='word_1_1153' title='bbox 968 2817 1098 2849; x_wconf 84' lang='lat' dir='ltr'>Clericos</span> <span class='ocrx_word' id='word_1_1154' title='bbox 1111 2819 1220 2850; x_wconf 84' lang='lat' dir='ltr'>nostros</span> <span class='ocrx_word' id='word_1_1155' title='bbox 1233 2820 1275 2851; x_wconf 90' lang='lat' dir='ltr'>est</span> 
     </span>
     <span class='ocr_line' id='line_1_155' title="bbox 210 2851 1279 2897; baseline 0.008 -16"><span class='ocrx_word' id='word_1_1156' title='bbox 210 2851 248 2882; x_wconf 88' lang='lat' dir='ltr'>sic</span> <span class='ocrx_word' id='word_1_1157' title='bbox 263 2874 273 2890; x_wconf 91' lang='lat'>,</span> <span class='ocrx_word' id='word_1_1158' title='bbox 298 2853 391 2882; x_wconf 88' lang='lat' dir='ltr'>minus</span> <span class='ocrx_word' id='word_1_1159' title='bbox 414 2852 481 2885; x_wconf 71' lang='lat' dir='ltr'>rite,</span> <span class='ocrx_word' id='word_1_1160' title='bbox 503 2863 603 2892; x_wconf 74' lang='lat' dir='ltr'>praetcr</span> <span class='ocrx_word' id='word_1_1161' title='bbox 625 2855 823 2885; x_wconf 61' lang='lat' dir='ltr'>coniciet-itiam</span> <span class='ocrx_word' id='word_1_1162' title='bbox 847 2854 986 2896; x_wconf 88' lang='lat' dir='ltr'>vestram,</span> <span class='ocrx_word' id='word_1_1163' title='bbox 1011 2866 1041 2888; x_wconf 91' lang='lat' dir='ltr'>ut</span> <span class='ocrx_word' id='word_1_1164' title='bbox 1061 2857 1218 2897; x_wconf 84' lang='lat' dir='ltr'>credimus,</span> <span class='ocrx_word' id='word_1_1165' title='bbox 1237 2868 1279 2890; x_wconf 90' lang='lat' dir='ltr'>at—</span> 
     </span>
     <span class='ocr_line' id='line_1_156' title="bbox 208 2890 1276 2934; baseline 0.007 -13"><span class='ocrx_word' id='word_1_1166' title='bbox 208 2899 400 2929; x_wconf 80' lang='lat' dir='ltr'>temptatum,</span> <span class='ocrx_word' id='word_1_1167' title='bbox 427 2890 528 2921; x_wconf 68' lang='lat' dir='ltr'>vestrae</span> <span class='ocrx_word' id='word_1_1168' title='bbox 547 2891 635 2929; x_wconf 66' lang='lat' dir='ltr'>justae</span> <span class='ocrx_word' id='word_1_1169' title='bbox 658 2893 689 2923; x_wconf 69' lang='grc' dir='ltr'>ὃς</span> <span class='ocrx_word' id='word_1_1170' title='bbox 711 2894 923 2931; x_wconf 71' lang='lat' dir='ltr'>circumsperstae</span> <span class='ocrx_word' id='word_1_1171' title='bbox 948 2896 1140 2934; x_wconf 85' lang='lat' dir='ltr'>providentiae</span> <span class='ocrx_word' id='word_1_1172' title='bbox 1155 2899 1276 2928; x_wconf 83' lang='lat' dir='ltr'>examini</span> 
     </span>
     <span class='ocr_line' id='line_1_157' title="bbox 207 2929 1277 2974; baseline 0.008 -16"><span class='ocrx_word' id='word_1_1173' title='bbox 207 2930 305 2967; x_wconf 82' lang='lat' dir='ltr'>jubere</span> <span class='ocrx_word' id='word_1_1174' title='bbox 323 2929 419 2959; x_wconf 87' lang='lat' dir='ltr'>offerri</span> <span class='ocrx_word' id='word_1_1175' title='bbox 430 2952 438 2967; x_wconf 96' lang='lat'>,</span> <span class='ocrx_word' id='word_1_1176' title='bbox 457 2931 490 2959; x_wconf 84' lang='lat'>&amp;</span> <span class='ocrx_word' id='word_1_1177' title='bbox 511 2940 577 2960; x_wconf 88' lang='lat' dir='ltr'>cum</span> <span class='ocrx_word' id='word_1_1178' title='bbox 601 2929 778 2962; x_wconf 77' lang='lat' dir='ltr'>festinatione</span> <span class='ocrx_word' id='word_1_1179' title='bbox 791 2932 958 2972; x_wconf 66' lang='lat' dir='ltr'>deiideratfi,</span> <span class='ocrx_word' id='word_1_1180' title='bbox 977 2945 1061 2974; x_wconf 90' lang='lat' dir='ltr'>prout</span> <span class='ocrx_word' id='word_1_1181' title='bbox 1077 2935 1134 2966; x_wconf 83' lang='lat' dir='ltr'>hoc</span> <span class='ocrx_word' id='word_1_1182' title='bbox 1148 2935 1216 2974; x_wconf 85' lang='lat' dir='ltr'>Jura</span> <span class='ocrx_word' id='word_1_1183' title='bbox 1232 2947 1277 2967; x_wconf 91' lang='lat' dir='ltr'>re-</span> 
     </span>
     <span class='ocr_line' id='line_1_158' title="bbox 207 2968 1277 3014; baseline 0.007 -17"><span class='ocrx_word' id='word_1_1184' title='bbox 207 2969 336 3008; x_wconf 68' lang='lat' dir='ltr'>quirunt,</span> <span class='ocrx_word' id='word_1_1185' title='bbox 354 2977 386 2998; x_wconf 89' lang='lat' dir='ltr'>ut</span> <span class='ocrx_word' id='word_1_1186' title='bbox 406 2969 562 3007; x_wconf 83' lang='lat' dir='ltr'>speramus,</span> <span class='ocrx_word' id='word_1_1187' title='bbox 583 2968 673 2999; x_wconf 83' lang='lat' dir='ltr'>facere</span> <span class='ocrx_word' id='word_1_1188' title='bbox 693 2973 836 3007; x_wconf 66' lang='lat' dir='ltr'>revocari,</span> <span class='ocrx_word' id='word_1_1189' title='bbox 855 2972 888 3002; x_wconf 83' lang='lat'>&amp;</span> <span class='ocrx_word' id='word_1_1190' title='bbox 909 2972 989 3009; x_wconf 88' lang='lat' dir='ltr'>super</span> <span class='ocrx_word' id='word_1_1191' title='bbox 1009 2973 1186 3014; x_wconf 79' lang='lat' dir='ltr'>hujusmodi,</span> <span class='ocrx_word' id='word_1_1192' title='bbox 1205 2985 1277 3013; x_wconf 83' lang='lat' dir='ltr'>prae-</span> 
     </span>
     <span class='ocr_line' id='line_1_159' title="bbox 206 3006 1277 3051; baseline 0.007 -14"><span class='ocrx_word' id='word_1_1193' title='bbox 206 3007 382 3046; x_wconf 81' lang='lat' dir='ltr'>judicialibus</span> <span class='ocrx_word' id='word_1_1194' title='bbox 405 3006 502 3037; x_wconf 86' lang='lat' dir='ltr'>Nobis</span> <span class='ocrx_word' id='word_1_1195' title='bbox 525 3008 558 3038; x_wconf 91' lang='lat'>&amp;</span> <span class='ocrx_word' id='word_1_1196' title='bbox 570 3007 633 3046; x_wconf 86' lang='lat' dir='ltr'>Juri</span> <span class='ocrx_word' id='word_1_1197' title='bbox 649 3007 777 3041; x_wconf 73' lang='lat' dir='ltr'>Coronae</span> <span class='ocrx_word' id='word_1_1198' title='bbox 792 3009 914 3049; x_wconf 77' lang='lat' dir='ltr'>nostrae,</span> <span class='ocrx_word' id='word_1_1199' title='bbox 932 3011 1023 3042; x_wconf 83' lang='lat' dir='ltr'>desisti</span> <span class='ocrx_word' id='word_1_1200' title='bbox 1037 3013 1127 3043; x_wconf 85' lang='lat' dir='ltr'>facere</span> <span class='ocrx_word' id='word_1_1201' title='bbox 1143 3013 1277 3051; x_wconf 87' lang='lat' dir='ltr'>dignetur</span> 
     </span>
     <span class='ocr_line' id='line_1_160' title="bbox 210 3045 710 3086; baseline -0.002 -10"><span class='ocrx_word' id='word_1_1202' title='bbox 210 3045 300 3076; x_wconf 81' lang='lat' dir='ltr'>vestra</span> <span class='ocrx_word' id='word_1_1203' title='bbox 313 3045 466 3076; x_wconf 73' lang='lat' dir='ltr'>paternitas</span> <span class='ocrx_word' id='word_1_1204' title='bbox 480 3047 565 3084; x_wconf 67' lang='lat' dir='ltr'>quarn</span> <span class='ocrx_word' id='word_1_1205' title='bbox 582 3047 710 3086; x_wconf 82' lang='lat' dir='ltr'>benigna.</span> 
     </span>
    </p>

    <p class='ocr_par' dir='ltr' id='par_1_48' title="bbox 209 3084 1279 3319">
     <span class='ocr_line' id='line_1_161' title="bbox 250 3084 1279 3131; baseline 0.008 -17"><span class='ocrx_word' id='word_1_1206' title='bbox 250 3084 450 3123; x_wconf 73' lang='lat' dir='ltr'>Advcrrentes,</span> <span class='ocrx_word' id='word_1_1207' title='bbox 476 3085 495 3115; x_wconf 86' lang='lat' dir='ltr'>si</span> <span class='ocrx_word' id='word_1_1208' title='bbox 519 3086 626 3123; x_wconf 86' lang='lat' dir='ltr'>placet,</span> <span class='ocrx_word' id='word_1_1209' title='bbox 649 3086 742 3123; x_wconf 80' lang='lat' dir='ltr'>quod,</span> <span class='ocrx_word' id='word_1_1210' title='bbox 760 3086 807 3116; x_wconf 82' lang='lat' dir='ltr'>etsi</span> <span class='ocrx_word' id='word_1_1211' title='bbox 828 3087 898 3117; x_wconf 67' lang='lat' dir='ltr'>diffi</span> <span class='ocrx_word' id='word_1_1212' title='bbox 921 3086 1028 3119; x_wconf 89' lang='lat' dir='ltr'>Clerici</span> <span class='ocrx_word' id='word_1_1213' title='bbox 1050 3090 1139 3120; x_wconf 88' lang='lat' dir='ltr'>nostri</span> <span class='ocrx_word' id='word_1_1214' title='bbox 1162 3101 1176 3121; x_wconf 82' lang='lat' dir='ltr'>a</span> <span class='ocrx_word' id='word_1_1215' title='bbox 1192 3091 1279 3131; x_wconf 88' lang='lat' dir='ltr'>Jure,</span> 
     </span>
     <span class='ocr_line' id='line_1_162' title="bbox 210 3122 1277 3165; baseline 0.007 -13"><span class='ocrx_word' id='word_1_1216' title='bbox 210 3122 262 3152; x_wconf 79' lang='lat' dir='ltr'>sibi</span> <span class='ocrx_word' id='word_1_1217' title='bbox 285 3124 314 3153; x_wconf 86' lang='lat' dir='ltr'>in</span> <span class='ocrx_word' id='word_1_1218' title='bbox 336 3124 388 3153; x_wconf 81' lang='lat' dir='ltr'>liae</span> <span class='ocrx_word' id='word_1_1219' title='bbox 409 3133 486 3161; x_wconf 77' lang='lat' dir='ltr'>parte</span> <span class='ocrx_word' id='word_1_1220' title='bbox 505 3125 638 3164; x_wconf 74' lang='lat' dir='ltr'>quaesito,</span> <span class='ocrx_word' id='word_1_1221' title='bbox 653 3124 698 3155; x_wconf 85' lang='lat' dir='ltr'>seu</span> <span class='ocrx_word' id='word_1_1222' title='bbox 719 3124 922 3156; x_wconf 87' lang='lat' dir='ltr'>Prosecutione</span> <span class='ocrx_word' id='word_1_1223' title='bbox 941 3128 1062 3165; x_wconf 85' lang='lat' dir='ltr'>ejusdem</span> <span class='ocrx_word' id='word_1_1224' title='bbox 1075 3128 1204 3159; x_wconf 88' lang='lat' dir='ltr'>desistere</span> <span class='ocrx_word' id='word_1_1225' title='bbox 1219 3131 1277 3160; x_wconf 92' lang='lat' dir='ltr'>vel-</span> 
     </span>
     <span class='ocr_line' id='line_1_163' title="bbox 210 3161 1277 3202; baseline 0.008 -12"><span class='ocrx_word' id='word_1_1226' title='bbox 210 3161 291 3200; x_wconf 83' lang='lat' dir='ltr'>lent,</span> <span class='ocrx_word' id='word_1_1227' title='bbox 317 3162 500 3193; x_wconf 81' lang='lat' dir='ltr'>nibilominus</span> <span class='ocrx_word' id='word_1_1228' title='bbox 523 3162 574 3202; x_wconf 83' lang='lat' dir='ltr'>Jus</span> <span class='ocrx_word' id='word_1_1229' title='bbox 594 3162 723 3193; x_wconf 89' lang='lat' dir='ltr'>nostrum</span> <span class='ocrx_word' id='word_1_1230' title='bbox 746 3164 939 3202; x_wconf 66' lang='lat' dir='ltr'>praedisstum,</span> <span class='ocrx_word' id='word_1_1231' title='bbox 965 3167 993 3195; x_wconf 90' lang='lat' dir='ltr'>in</span> <span class='ocrx_word' id='word_1_1232' title='bbox 1016 3167 1136 3202; x_wconf 88' lang='lat' dir='ltr'>personis</span> <span class='ocrx_word' id='word_1_1233' title='bbox 1157 3169 1277 3199; x_wconf 84' lang='lat' dir='ltr'>aliorum</span> 
     </span>
     <span class='ocr_line' id='line_1_164' title="bbox 209 3200 1277 3245; baseline 0.007 -16"><span class='ocrx_word' id='word_1_1234' title='bbox 209 3200 350 3235; x_wconf 75' lang='lat' dir='ltr'>(vinculo</span> <span class='ocrx_word' id='word_1_1235' title='bbox 366 3200 522 3238; x_wconf 67' lang='lat' dir='ltr'>Jurimenti</span> <span class='ocrx_word' id='word_1_1236' title='bbox 543 3202 670 3240; x_wconf 69' lang='lat' dir='ltr'>praediffl</span> <span class='ocrx_word' id='word_1_1237' title='bbox 693 3201 760 3232; x_wconf 85' lang='lat' dir='ltr'>Nos</span> <span class='ocrx_word' id='word_1_1238' title='bbox 778 3210 882 3232; x_wconf 50' lang='lat' dir='ltr'>astante</span> <span class='ocrx_word' id='word_1_1239' title='bbox 897 3225 906 3239; x_wconf 93' lang='lat'>,</span> <span class='ocrx_word' id='word_1_1240' title='bbox 933 3204 966 3233; x_wconf 70' lang='lat' dir='ltr'>&lt;Sc</span> <span class='ocrx_word' id='word_1_1241' title='bbox 990 3204 1157 3243; x_wconf 78' lang='lat' dir='ltr'>Magnatum</span> <span class='ocrx_word' id='word_1_1242' title='bbox 1182 3206 1277 3245; x_wconf 76' lang='lat' dir='ltr'>Regni</span> 
     </span>
     <span class='ocr_line' id='line_1_165' title="bbox 210 3237 1277 3283; baseline 0.008 -16"><span class='ocrx_word' id='word_1_1243' title='bbox 210 3238 300 3269; x_wconf 88' lang='lat' dir='ltr'>nostri</span> <span class='ocrx_word' id='word_1_1244' title='bbox 315 3237 445 3268; x_wconf 77' lang='lat' dir='ltr'>Consilio</span> <span class='ocrx_word' id='word_1_1245' title='bbox 461 3249 626 3280; x_wconf 82' lang='lat' dir='ltr'>perurgente</span> <span class='ocrx_word' id='word_1_1246' title='bbox 657 3242 718 3279; x_wconf 88' lang='lat' dir='ltr'>qui,</span> <span class='ocrx_word' id='word_1_1247' title='bbox 737 3242 820 3270; x_wconf 84' lang='lat' dir='ltr'>etiam</span> <span class='ocrx_word' id='word_1_1248' title='bbox 836 3241 928 3270; x_wconf 70' lang='lat' dir='ltr'>Nobis</span> <span class='ocrx_word' id='word_1_1249' title='bbox 947 3242 1195 3283; x_wconf 81' lang='lat' dir='ltr'>dissiinulantibus,</span> <span class='ocrx_word' id='word_1_1250' title='bbox 1213 3254 1277 3276; x_wconf 91' lang='lat' dir='ltr'>toto</span> 
     </span>
     <span class='ocr_line' id='line_1_166' title="bbox 210 3276 884 3319; baseline 0.003 -12"><span class='ocrx_word' id='word_1_1251' title='bbox 210 3276 288 3308; x_wconf 90' lang='lat' dir='ltr'>Nisu</span> <span class='ocrx_word' id='word_1_1252' title='bbox 302 3278 546 3314; x_wconf 82' lang='lat' dir='ltr'>contradicerent)</span> <span class='ocrx_word' id='word_1_1253' title='bbox 566 3289 618 3316; x_wconf 89' lang='lat' dir='ltr'>pro</span> <span class='ocrx_word' id='word_1_1254' title='bbox 630 3281 695 3316; x_wconf 86' lang='lat' dir='ltr'>equi</span> <span class='ocrx_word' id='word_1_1255' title='bbox 709 3289 884 3319; x_wconf 89' lang='lat' dir='ltr'>cogeremur.</span> 
     </span>
    </p>

    <p class='ocr_par' dir='ltr' id='par_1_49' title="bbox 211 3316 1281 3781">
     <span class='ocr_line' id='line_1_167' title="bbox 249 3316 1279 3358; baseline 0.006 -12"><span class='ocrx_word' id='word_1_1256' title='bbox 249 3316 378 3353; x_wconf 78' lang='lat' dir='ltr'>Veriim,</span> <span class='ocrx_word' id='word_1_1257' title='bbox 405 3316 640 3347; x_wconf 81' lang='lat' dir='ltr'>Reverentiffime</span> <span class='ocrx_word' id='word_1_1258' title='bbox 659 3317 757 3356; x_wconf 83' lang='lat' dir='ltr'>Pater,</span> <span class='ocrx_word' id='word_1_1259' title='bbox 784 3317 923 3357; x_wconf 84' lang='lat' dir='ltr'>vestram,</span> <span class='ocrx_word' id='word_1_1260' title='bbox 947 3319 980 3349; x_wconf 89' lang='lat'>&amp;</span> <span class='ocrx_word' id='word_1_1261' title='bbox 1002 3319 1080 3349; x_wconf 87' lang='lat' dir='ltr'>Sedis</span> <span class='ocrx_word' id='word_1_1262' title='bbox 1102 3319 1279 3358; x_wconf 77' lang='lat' dir='ltr'>Apostolicae</span> 
     </span>
     <span class='ocr_line' id='line_1_168' title="bbox 211 3356 1278 3397; baseline 0.006 -12"><span class='ocrx_word' id='word_1_1263' title='bbox 211 3356 415 3393; x_wconf 86' lang='lat' dir='ltr'>reverentiam,</span> <span class='ocrx_word' id='word_1_1264' title='bbox 434 3366 467 3386; x_wconf 86' lang='lat' dir='ltr'>ac</span> <span class='ocrx_word' id='word_1_1265' title='bbox 487 3356 681 3386; x_wconf 74' lang='lat' dir='ltr'>Cardinalatus</span> <span class='ocrx_word' id='word_1_1266' title='bbox 703 3357 860 3395; x_wconf 75' lang='lat' dir='ltr'>honorem,</span> <span class='ocrx_word' id='word_1_1267' title='bbox 879 3357 948 3387; x_wconf 73' lang='lat' dir='ltr'>dic&#39;ti</span> <span class='ocrx_word' id='word_1_1268' title='bbox 963 3357 1071 3387; x_wconf 89' lang='lat' dir='ltr'>Clerici</span> <span class='ocrx_word' id='word_1_1269' title='bbox 1086 3359 1190 3397; x_wconf 86' lang='lat' dir='ltr'>nostri,</span> <span class='ocrx_word' id='word_1_1270' title='bbox 1210 3360 1278 3391; x_wconf 86' lang='lat' dir='ltr'>Ma-</span> 
     </span>
     <span class='ocr_line' id='line_1_169' title="bbox 212 3393 1278 3437; baseline 0.006 -14"><span class='ocrx_word' id='word_1_1271' title='bbox 212 3394 290 3434; x_wconf 81' lang='lat' dir='ltr'>gistri</span> <span class='ocrx_word' id='word_1_1272' title='bbox 310 3393 450 3432; x_wconf 86' lang='lat' dir='ltr'>Roberti,</span> <span class='ocrx_word' id='word_1_1273' title='bbox 468 3393 519 3424; x_wconf 89' lang='lat' dir='ltr'>suis</span> <span class='ocrx_word' id='word_1_1274' title='bbox 541 3395 646 3424; x_wconf 88' lang='lat' dir='ltr'>meritis</span> <span class='ocrx_word' id='word_1_1275' title='bbox 660 3396 849 3434; x_wconf 84' lang='lat' dir='ltr'>exigentibus,</span> <span class='ocrx_word' id='word_1_1276' title='bbox 865 3395 1011 3433; x_wconf 88' lang='lat' dir='ltr'>specialem</span> <span class='ocrx_word' id='word_1_1277' title='bbox 1025 3396 1226 3437; x_wconf 58' lang='lat' dir='ltr'>affeitionem,</span> <span class='ocrx_word' id='word_1_1278' title='bbox 1245 3409 1278 3429; x_wconf 86' lang='lat' dir='ltr'>ac</span> 
     </span>
     <span class='ocr_line' id='line_1_170' title="bbox 213 3432 1278 3473; baseline 0.006 -11"><span class='ocrx_word' id='word_1_1279' title='bbox 213 3434 327 3463; x_wconf 89' lang='lat' dir='ltr'>bonum</span> <span class='ocrx_word' id='word_1_1280' title='bbox 340 3434 439 3470; x_wconf 90' lang='lat' dir='ltr'>quietis</span> <span class='ocrx_word' id='word_1_1281' title='bbox 454 3433 487 3463; x_wconf 91' lang='lat'>&amp;</span> <span class='ocrx_word' id='word_1_1282' title='bbox 500 3434 573 3471; x_wconf 86' lang='lat' dir='ltr'>pacis</span> <span class='ocrx_word' id='word_1_1283' title='bbox 587 3432 679 3464; x_wconf 87' lang='lat' dir='ltr'>modis</span> <span class='ocrx_word' id='word_1_1284' title='bbox 691 3435 823 3464; x_wconf 86' lang='lat' dir='ltr'>omnibus</span> <span class='ocrx_word' id='word_1_1285' title='bbox 836 3436 1022 3473; x_wconf 81' lang='lat' dir='ltr'>exquirentes,</span> <span class='ocrx_word' id='word_1_1286' title='bbox 1043 3434 1229 3467; x_wconf 71' lang='lat' dir='ltr'>Praebenn&#39;am</span> <span class='ocrx_word' id='word_1_1287' title='bbox 1242 3438 1278 3468; x_wconf 90' lang='lat' dir='ltr'>de</span> 
     </span>
     <span class='ocr_line' id='line_1_171' title="bbox 213 3471 1278 3510; baseline 0.004 -9"><span class='ocrx_word' id='word_1_1288' title='bbox 213 3472 320 3506; x_wconf 85' lang='lat' dir='ltr'>Stoke,</span> <span class='ocrx_word' id='word_1_1289' title='bbox 338 3472 366 3501; x_wconf 85' lang='lat' dir='ltr'>in</span> <span class='ocrx_word' id='word_1_1290' title='bbox 387 3471 488 3502; x_wconf 72' lang='lat' dir='ltr'>eadem</span> <span class='ocrx_word' id='word_1_1291' title='bbox 508 3471 650 3510; x_wconf 72' lang='lat' dir='ltr'>Ecclesia,</span> <span class='ocrx_word' id='word_1_1292' title='bbox 675 3482 724 3510; x_wconf 88' lang='lat' dir='ltr'>per</span> <span class='ocrx_word' id='word_1_1293' title='bbox 743 3471 1016 3510; x_wconf 85' lang='lat' dir='ltr'>Consecrationem,</span> <span class='ocrx_word' id='word_1_1294' title='bbox 1037 3476 1200 3504; x_wconf 87' lang='lat' dir='ltr'>venerabilis</span> <span class='ocrx_word' id='word_1_1295' title='bbox 1224 3475 1278 3505; x_wconf 82' lang='lat' dir='ltr'>Pa-</span> 
     </span>
     <span class='ocr_line' id='line_1_172' title="bbox 213 3509 1279 3553; baseline 0.003 -12"><span class='ocrx_word' id='word_1_1296' title='bbox 213 3512 281 3548; x_wconf 88' lang='lat' dir='ltr'>tris,</span> <span class='ocrx_word' id='word_1_1297' title='bbox 304 3509 344 3540; x_wconf 86' lang='lat' dir='ltr'>R.</span> <span class='ocrx_word' id='word_1_1298' title='bbox 367 3510 402 3539; x_wconf 87' lang='lat' dir='ltr'>de</span> <span class='ocrx_word' id='word_1_1299' title='bbox 422 3510 613 3550; x_wconf 87' lang='lat' dir='ltr'>Northburgh</span> <span class='ocrx_word' id='word_1_1300' title='bbox 654 3511 682 3540; x_wconf 90' lang='lat' dir='ltr'>in</span> <span class='ocrx_word' id='word_1_1301' title='bbox 707 3511 874 3541; x_wconf 82' lang='lat' dir='ltr'>Coventriae</span> <span class='ocrx_word' id='word_1_1302' title='bbox 894 3512 927 3542; x_wconf 85' lang='lat'>&amp;</span> <span class='ocrx_word' id='word_1_1303' title='bbox 948 3512 1141 3551; x_wconf 79' lang='lat' dir='ltr'>Lychefeldiae</span> <span class='ocrx_word' id='word_1_1304' title='bbox 1162 3513 1279 3553; x_wconf 66' lang='lat' dir='ltr'>Episco—</span> 
     </span>
     <span class='ocr_line' id='line_1_173' title="bbox 215 3533 1280 3592; baseline 0.004 -14"><span class='ocrx_word' id='word_1_1305' title='bbox 215 3559 305 3587; x_wconf 90' lang='lat' dir='ltr'>pum,</span> <span class='ocrx_word' id='word_1_1306' title='bbox 323 3557 469 3578; x_wconf 82' lang='lat' dir='ltr'>vacantem</span> <span class='ocrx_word' id='word_1_1307' title='bbox 479 3573 487 3586; x_wconf 84' lang='lat'>,</span> <span class='ocrx_word' id='word_1_1308' title='bbox 506 3549 539 3579; x_wconf 83' lang='lat'>&amp;</span> <span class='ocrx_word' id='word_1_1309' title='bbox 553 3551 586 3579; x_wconf 89' lang='lat' dir='ltr'>ad</span> <span class='ocrx_word' id='word_1_1310' title='bbox 606 3533 803 3580; x_wconf 59' lang='lat' dir='ltr'>ssonationem</span> <span class='ocrx_word' id='word_1_1311' title='bbox 819 3549 944 3592; x_wconf 81' lang='lat' dir='ltr'>nostram</span> <span class='ocrx_word' id='word_1_1312' title='bbox 962 3560 1039 3580; x_wconf 80' lang='lat' dir='ltr'>nunc</span> <span class='ocrx_word' id='word_1_1313' title='bbox 1054 3551 1224 3590; x_wconf 61' lang='lat' dir='ltr'>spectantem</span> <span class='ocrx_word' id='word_1_1314' title='bbox 1238 3563 1280 3582; x_wconf 87' lang='lat' dir='ltr'>ra—</span> 
     </span>
     <span class='ocr_line' id='line_1_174' title="bbox 215 3587 1280 3629; baseline 0.003 -12"><span class='ocrx_word' id='word_1_1315' title='bbox 215 3589 294 3617; x_wconf 87' lang='lat' dir='ltr'>tione</span> <span class='ocrx_word' id='word_1_1316' title='bbox 313 3587 531 3624; x_wconf 86' lang='lat' dir='ltr'>Temporalium</span> <span class='ocrx_word' id='word_1_1317' title='bbox 550 3587 732 3626; x_wconf 68' lang='lat' dir='ltr'>Episcopatus</span> <span class='ocrx_word' id='word_1_1318' title='bbox 754 3589 958 3619; x_wconf 82' lang='lat' dir='ltr'>Lincolnienlis</span> <span class='ocrx_word' id='word_1_1319' title='bbox 970 3611 979 3627; x_wconf 89' lang='lat'>,</span> <span class='ocrx_word' id='word_1_1320' title='bbox 1013 3590 1042 3618; x_wconf 91' lang='lat' dir='ltr'>in</span> <span class='ocrx_word' id='word_1_1321' title='bbox 1065 3599 1152 3619; x_wconf 84' lang='lat' dir='ltr'>manu</span> <span class='ocrx_word' id='word_1_1322' title='bbox 1169 3590 1280 3629; x_wconf 73' lang='lat' dir='ltr'>nostra,</span> 
     </span>
     <span class='ocr_line' id='line_1_175' title="bbox 216 3624 1279 3666; baseline 0.003 -12"><span class='ocrx_word' id='word_1_1323' title='bbox 216 3634 330 3662; x_wconf 84' lang='lat' dir='ltr'>propter</span> <span class='ocrx_word' id='word_1_1324' title='bbox 353 3624 483 3656; x_wconf 83' lang='lat' dir='ltr'>Crimina</span> <span class='ocrx_word' id='word_1_1325' title='bbox 508 3628 618 3657; x_wconf 89' lang='lat' dir='ltr'>notoria</span> <span class='ocrx_word' id='word_1_1326' title='bbox 638 3627 678 3656; x_wconf 82' lang='lat' dir='ltr'>H.</span> <span class='ocrx_word' id='word_1_1327' title='bbox 695 3626 828 3666; x_wconf 88' lang='lat' dir='ltr'>Episcopi</span> <span class='ocrx_word' id='word_1_1328' title='bbox 844 3627 919 3657; x_wconf 91' lang='lat' dir='ltr'>Loci</span> <span class='ocrx_word' id='word_1_1329' title='bbox 933 3627 1073 3665; x_wconf 83' lang='lat' dir='ltr'>ejusdem,</span> <span class='ocrx_word' id='word_1_1330' title='bbox 1091 3629 1119 3657; x_wconf 92' lang='lat' dir='ltr'>in</span> <span class='ocrx_word' id='word_1_1331' title='bbox 1135 3627 1202 3657; x_wconf 87' lang='lat' dir='ltr'>Nos</span> <span class='ocrx_word' id='word_1_1332' title='bbox 1237 3639 1279 3658; x_wconf 87' lang='lat' dir='ltr'>er-</span> 
     </span>
     <span class='ocr_line' id='line_1_176' title="bbox 218 3664 1280 3711; baseline 0.005 -20"><span class='ocrx_word' id='word_1_1333' title='bbox 218 3671 340 3701; x_wconf 79' lang='lat' dir='ltr'>petrata,</span> <span class='ocrx_word' id='word_1_1334' title='bbox 357 3664 551 3703; x_wconf 73' lang='lat' dir='ltr'>existentium,</span> <span class='ocrx_word' id='word_1_1335' title='bbox 564 3665 623 3703; x_wconf 84' lang='lat' dir='ltr'>jam</span> <span class='ocrx_word' id='word_1_1336' title='bbox 642 3665 677 3695; x_wconf 91' lang='lat' dir='ltr'>de</span> <span class='ocrx_word' id='word_1_1337' title='bbox 691 3676 771 3696; x_wconf 92' lang='lat' dir='ltr'>novo</span> <span class='ocrx_word' id='word_1_1338' title='bbox 785 3666 959 3696; x_wconf 88' lang='lat' dir='ltr'>contulimus</span> <span class='ocrx_word' id='word_1_1339' title='bbox 973 3665 1069 3704; x_wconf 87' lang='lat' dir='ltr'>Regio</span> <span class='ocrx_word' id='word_1_1340' title='bbox 1078 3665 1147 3704; x_wconf 91' lang='lat' dir='ltr'>Jure</span> <span class='ocrx_word' id='word_1_1341' title='bbox 1162 3677 1202 3697; x_wconf 89' lang='lat' dir='ltr'>no</span> <span class='ocrx_word' id='word_1_1342' title='bbox 1229 3677 1280 3711; x_wconf 74' lang='lat' dir='ltr'>ro,</span> 
     </span>
     <span class='ocr_line' id='line_1_177' title="bbox 219 3701 1281 3745; baseline 0.007 -16"><span class='ocrx_word' id='word_1_1343' title='bbox 219 3710 273 3738; x_wconf 86' lang='lat' dir='ltr'>pro</span> <span class='ocrx_word' id='word_1_1344' title='bbox 296 3701 349 3737; x_wconf 62' lang='lat' dir='ltr'>quii</span> <span class='ocrx_word' id='word_1_1345' title='bbox 370 3704 472 3739; x_wconf 85' lang='lat' dir='ltr'>etiarn,</span> <span class='ocrx_word' id='word_1_1346' title='bbox 491 3704 582 3733; x_wconf 90' lang='lat' dir='ltr'>eidem</span> <span class='ocrx_word' id='word_1_1347' title='bbox 602 3703 747 3734; x_wconf 72' lang='lat' dir='ltr'>Cirdinali</span> <span class='ocrx_word' id='word_1_1348' title='bbox 760 3703 952 3743; x_wconf 66' lang='lat' dir='ltr'>conferenda,</span> <span class='ocrx_word' id='word_1_1349' title='bbox 972 3714 1077 3743; x_wconf 87' lang='lat' dir='ltr'>nuper,</span> <span class='ocrx_word' id='word_1_1350' title='bbox 1096 3713 1159 3734; x_wconf 87' lang='lat' dir='ltr'>ante</span> <span class='ocrx_word' id='word_1_1351' title='bbox 1174 3714 1281 3745; x_wconf 80' lang='lat' dir='ltr'>captio-</span> 
     </span>
     <span class='ocr_line' id='line_1_178' title="bbox 219 3739 1176 3781; baseline 0.007 -15"><span class='ocrx_word' id='word_1_1352' title='bbox 219 3747 287 3768; x_wconf 87' lang='lat' dir='ltr'>nem</span> <span class='ocrx_word' id='word_1_1353' title='bbox 304 3739 520 3777; x_wconf 86' lang='lat' dir='ltr'>Temporalium</span> <span class='ocrx_word' id='word_1_1354' title='bbox 534 3742 720 3781; x_wconf 62' lang='lat' dir='ltr'>praedictum,</span> <span class='ocrx_word' id='word_1_1355' title='bbox 739 3742 838 3773; x_wconf 78' lang='lat' dir='ltr'>vestrae</span> <span class='ocrx_word' id='word_1_1356' title='bbox 851 3743 1004 3781; x_wconf 85' lang='lat' dir='ltr'>scripfimus</span> <span class='ocrx_word' id='word_1_1357' title='bbox 1020 3743 1176 3774; x_wconf 59' lang='lat' dir='ltr'>Sanctitati.</span> 
     </span>
    </p>

    <p class='ocr_par' dir='ltr' id='par_1_50' title="bbox 220 3776 1286 3938">
     <span class='ocr_line' id='line_1_179' title="bbox 257 3776 1282 3821; baseline 0.007 -17"><span class='ocrx_word' id='word_1_1358' title='bbox 257 3776 346 3813; x_wconf 83' lang='lat' dir='ltr'>Super</span> <span class='ocrx_word' id='word_1_1359' title='bbox 364 3779 507 3815; x_wconf 66' lang='lat' dir='ltr'>praemiffis</span> <span class='ocrx_word' id='word_1_1360' title='bbox 532 3789 645 3818; x_wconf 83' lang='lat' dir='ltr'>autem,</span> <span class='ocrx_word' id='word_1_1361' title='bbox 665 3782 699 3811; x_wconf 85' lang='lat'>&amp;</span> <span class='ocrx_word' id='word_1_1362' title='bbox 715 3781 786 3820; x_wconf 78' lang='lat' dir='ltr'>aliis,</span> <span class='ocrx_word' id='word_1_1363' title='bbox 808 3781 875 3811; x_wconf 87' lang='lat' dir='ltr'>Nos</span> <span class='ocrx_word' id='word_1_1364' title='bbox 897 3784 930 3813; x_wconf 89' lang='lat'>&amp;</span> <span class='ocrx_word' id='word_1_1365' title='bbox 952 3781 1056 3812; x_wconf 80' lang='lat' dir='ltr'>statum</span> <span class='ocrx_word' id='word_1_1366' title='bbox 1079 3781 1174 3821; x_wconf 81' lang='lat' dir='ltr'>Regni</span> <span class='ocrx_word' id='word_1_1367' title='bbox 1193 3782 1282 3812; x_wconf 84' lang='lat' dir='ltr'>nostri</span> 
     </span>
     <span class='ocr_line' id='line_1_180' title="bbox 220 3815 1283 3858; baseline 0.007 -14"><span class='ocrx_word' id='word_1_1368' title='bbox 220 3815 416 3852; x_wconf 79' lang='lat' dir='ltr'>tangentibus,</span> <span class='ocrx_word' id='word_1_1369' title='bbox 430 3817 537 3847; x_wconf 55' lang='lat' dir='ltr'>dilectis</span> <span class='ocrx_word' id='word_1_1370' title='bbox 556 3820 588 3848; x_wconf 68' lang='grc' dir='ltr'>δε</span> <span class='ocrx_word' id='word_1_1371' title='bbox 609 3819 736 3850; x_wconf 86' lang='lat' dir='ltr'>fidelibus</span> <span class='ocrx_word' id='word_1_1372' title='bbox 753 3819 868 3858; x_wconf 89' lang='lat' dir='ltr'>nostris,</span> <span class='ocrx_word' id='word_1_1373' title='bbox 885 3821 1039 3851; x_wconf 86' lang='lat' dir='ltr'>venerabili</span> <span class='ocrx_word' id='word_1_1374' title='bbox 1056 3820 1130 3851; x_wconf 86' lang='lat' dir='ltr'>Patri</span> <span class='ocrx_word' id='word_1_1375' title='bbox 1169 3820 1207 3850; x_wconf 92' lang='lat' dir='ltr'>R.</span> <span class='ocrx_word' id='word_1_1376' title='bbox 1223 3820 1283 3851; x_wconf 86' lang='lat' dir='ltr'>Dei</span> 
     </span>
     <span class='ocr_line' id='line_1_181' title="bbox 221 3843 1285 3898; baseline 0.008 -17"><span class='ocrx_word' id='word_1_1377' title='bbox 221 3851 326 3892; x_wconf 66' lang='lat' dir='ltr'>gratia,</span> <span class='ocrx_word' id='word_1_1378' title='bbox 345 3852 543 3891; x_wconf 63' lang='lat' dir='ltr'>&#39;Nyntoiiienli</span> <span class='ocrx_word' id='word_1_1379' title='bbox 562 3856 719 3897; x_wconf 77' lang='lat' dir='ltr'>Episcopo,</span> <span class='ocrx_word' id='word_1_1380' title='bbox 733 3859 765 3890; x_wconf 72' lang='grc' dir='ltr'>ὃ(</span> <span class='ocrx_word' id='word_1_1381' title='bbox 788 3858 927 3898; x_wconf 86' lang='lat' dir='ltr'>Magistro</span> <span class='ocrx_word' id='word_1_1382' title='bbox 937 3859 1063 3898; x_wconf 89' lang='lat' dir='ltr'>Johanni</span> <span class='ocrx_word' id='word_1_1383' title='bbox 1078 3859 1114 3889; x_wconf 90' lang='lat' dir='ltr'>de</span> <span class='ocrx_word' id='word_1_1384' title='bbox 1126 3843 1285 3897; x_wconf 62' lang='lat' dir='ltr'>§tratford,</span> 
     </span>
     <span class='ocr_line' id='line_1_182' title="bbox 224 3890 1286 3938; baseline 0.009 -19"><span class='ocrx_word' id='word_1_1385' title='bbox 224 3890 437 3922; x_wconf 75' lang='lat' dir='ltr'>Archidiacono</span> <span class='ocrx_word' id='word_1_1386' title='bbox 460 3893 636 3933; x_wconf 70' lang='lat' dir='ltr'>Lincolniae,</span> <span class='ocrx_word' id='word_1_1387' title='bbox 662 3899 694 3927; x_wconf 61' lang='grc' dir='ltr'>ὃς</span> <span class='ocrx_word' id='word_1_1388' title='bbox 717 3906 815 3926; x_wconf 89' lang='lat' dir='ltr'>eorum</span> <span class='ocrx_word' id='word_1_1389' title='bbox 836 3898 928 3934; x_wconf 87' lang='lat' dir='ltr'>alteri,</span> <span class='ocrx_word' id='word_1_1390' title='bbox 954 3898 1084 3938; x_wconf 83' lang='lat' dir='ltr'>dignetur</span> <span class='ocrx_word' id='word_1_1391' title='bbox 1106 3897 1196 3929; x_wconf 73' lang='lat' dir='ltr'>vestra</span> <span class='ocrx_word' id='word_1_1392' title='bbox 1215 3895 1286 3928; x_wconf 82' lang='lat' dir='ltr'>Cle-</span> 
     </span>
    </p>
   </div>
   <div class='ocr_carea' id='block_1_28' title="bbox 207 3928 946 4006">
    <p class='ocr_par' dir='ltr' id='par_1_51' title="bbox 207 3928 946 4006">
     <span class='ocr_line' id='line_1_183' title="bbox 222 3928 946 3966; baseline 0.006 -6"><span class='ocrx_word' id='word_1_1393' title='bbox 222 3930 327 3960; x_wconf 78' lang='lat' dir='ltr'>mentia</span> <span class='ocrx_word' id='word_1_1394' title='bbox 343 3928 426 3958; x_wconf 74' lang='lat' dir='ltr'>fidem</span> <span class='ocrx_word' id='word_1_1395' title='bbox 440 3931 581 3962; x_wconf 83' lang='lat' dir='ltr'>credulam</span> <span class='ocrx_word' id='word_1_1396' title='bbox 597 3935 629 3964; x_wconf 59' lang='grc' dir='ltr'>ἃ</span> <span class='ocrx_word' id='word_1_1397' title='bbox 645 3935 790 3966; x_wconf 86' lang='lat' dir='ltr'>indubiam</span> <span class='ocrx_word' id='word_1_1398' title='bbox 805 3935 946 3966; x_wconf 82' lang='lat' dir='ltr'>adhibere.</span> 
     </span>
     <span class='ocr_line' id='line_1_184' title="bbox 207 3967 510 4006; baseline 0.003 -8"><span class='ocrx_word' id='word_1_1399' title='bbox 207 3979 213 3983; x_wconf 91' lang='lat'><strong>·</strong></span> <span class='ocrx_word' id='word_1_1400' title='bbox 262 3967 435 4006; x_wconf 87' lang='lat' dir='ltr'>Conservet‚</span> <span class='ocrx_word' id='word_1_1401' title='bbox 450 3968 510 3999; x_wconf 71' lang='lat' dir='ltr'>&amp;o</span> 
     </span>
    </p>
   </div>
   <div class='ocr_carea' id='block_1_29' title="bbox 1396 3331 2389 3415">
    <p class='ocr_par' dir='ltr' id='par_1_52' title="bbox 1396 3331 2389 3415">
     <span class='ocr_line' id='line_1_185' title="bbox 1396 3331 2389 3406; baseline -0.004 -38"><span class='ocrx_word' id='word_1_1402' title='bbox 1396 3337 1463 3368; x_wconf 85' lang='lat' dir='ltr'>Dat.</span> <span class='ocrx_word' id='word_1_1403' title='bbox 1486 3337 1559 3406; x_wconf 41' lang='lat' dir='ltr'>sspud</span> <span class='ocrx_word' id='word_1_1404' title='bbox 1579 3337 1708 3368; x_wconf 88' lang='lat' dir='ltr'>Novum</span> <span class='ocrx_word' id='word_1_1405' title='bbox 1730 3336 1865 3368; x_wconf 82' lang='lat' dir='ltr'>Castrum</span> <span class='ocrx_word' id='word_1_1406' title='bbox 1882 3335 1963 3374; x_wconf 89' lang='lat' dir='ltr'>super</span> <span class='ocrx_word' id='word_1_1407' title='bbox 1983 3334 2120 3376; x_wconf 85' lang='lat' dir='ltr'>Tyriam,</span> <span class='ocrx_word' id='word_1_1408' title='bbox 2142 3342 2243 3376; x_wconf 85' lang='lat' dir='ltr'>quarto</span> <span class='ocrx_word' id='word_1_1409' title='bbox 2262 3334 2309 3366; x_wconf 83' lang='lat' dir='ltr'>die</span> <span class='ocrx_word' id='word_1_1410' title='bbox 2327 3331 2389 3364; x_wconf 91' lang='lat' dir='ltr'>Au-</span> 
     </span>
     <span class='ocr_line' id='line_1_186' title="bbox 1450 3386 1532 3415; baseline 0 -9"><span class='ocrx_word' id='word_1_1411' title='bbox 1450 3386 1487 3415; x_wconf 89' lang='lat' dir='ltr'>gu</span> <span class='ocrx_word' id='word_1_1412' title='bbox 1514 3387 1532 3406; x_wconf 85' lang='lat'>1.</span> 
     </span>
    </p>
   </div>
   <div class='ocr_carea' id='block_1_30' title="bbox 1326 3453 1994 3459">
    <p class='ocr_par' dir='ltr' id='par_1_53' title="bbox 1326 3453 1994 3459">
     <span class='ocr_line' id='line_1_187' title="bbox 1326 3453 1994 3459; baseline 0 0"><span class='ocrx_word' id='word_1_1413' title='bbox 1326 3453 1994 3459; x_wconf 95' lang='lat' dir='ltr'> </span> 
     </span>
    </p>
   </div>
   <div class='ocr_carea' id='block_1_31' title="bbox 1379 3499 2333 3545">
    <p class='ocr_par' dir='ltr' id='par_1_54' title="bbox 1379 3499 2333 3545">
     <span class='ocr_line' id='line_1_188' title="bbox 1379 3499 2333 3545; baseline -0.004 -11"><span class='ocrx_word' id='word_1_1414' title='bbox 1379 3504 1437 3534; x_wconf 79' lang='lat' dir='ltr'>Pro</span> <span class='ocrx_word' id='word_1_1415' title='bbox 1467 3503 1529 3534; x_wconf 49' lang='lat' dir='ltr'>Ga«.</span> <span class='ocrx_word' id='word_1_1416' title='bbox 1537 3502 1627 3534; x_wconf 84' lang='lat' dir='ltr'>celino</span> <span class='ocrx_word' id='word_1_1417' title='bbox 1650 3501 1809 3535; x_wconf 58' lang='lat' dir='ltr'>Cizrdinali</span> <span class='ocrx_word' id='word_1_1418' title='bbox 1822 3528 1832 3545; x_wconf 89' lang='lat'>‚</span> <span class='ocrx_word' id='word_1_1419' title='bbox 1857 3499 1893 3534; x_wconf 83' lang='lat' dir='ltr'>de</span> <span class='ocrx_word' id='word_1_1420' title='bbox 1915 3502 2000 3534; x_wconf 86' lang='lat' dir='ltr'><em>Dono</em></span> <span class='ocrx_word' id='word_1_1421' title='bbox 2017 3499 2109 3534; x_wconf 81' lang='lat' dir='ltr'>Mille</span> <span class='ocrx_word' id='word_1_1422' title='bbox 2128 3499 2333 3532; x_wconf 77' lang='lat' dir='ltr'>Marcarum.</span> 
     </span>
    </p>
   </div>
   <div class='ocr_carea' id='block_1_32' title="bbox 1324 3581 2562 3973">
    <p class='ocr_par' dir='ltr' id='par_1_55' title="bbox 1324 3581 2562 3973">
     <span class='ocr_line' id='line_1_189' title="bbox 1324 3581 2562 3643; baseline 0.002 -29"><span class='ocrx_word' id='word_1_1423' title='bbox 1324 3589 1360 3643; x_wconf 72' lang='grc' dir='ltr'><strong><em>Ρ</em></strong></span> <span class='ocrx_word' id='word_1_1424' title='bbox 1385 3584 1410 3615; x_wconf 86' lang='grc' dir='ltr'><strong>Ε</strong></span> <span class='ocrx_word' id='word_1_1425' title='bbox 1420 3583 1450 3614; x_wconf 87' lang='lat' dir='ltr'>X</span> <span class='ocrx_word' id='word_1_1426' title='bbox 1461 3609 1469 3624; x_wconf 74' lang='grc'>,</span> <span class='ocrx_word' id='word_1_1427' title='bbox 1488 3585 1645 3617; x_wconf 80' lang='lat' dir='ltr'>Senescallo</span> <span class='ocrx_word' id='word_1_1428' title='bbox 1664 3586 1713 3616; x_wconf 92' lang='lat' dir='ltr'>suo</span> <span class='ocrx_word' id='word_1_1429' title='bbox 1725 3587 1891 3625; x_wconf 78' lang='lat' dir='ltr'>Vaseoniae,</span> <span class='ocrx_word' id='word_1_1430' title='bbox 1908 3587 1942 3617; x_wconf 71' lang='grc' dir='ltr'>ὃς</span> <span class='ocrx_word' id='word_1_1431' title='bbox 1954 3582 2172 3616; x_wconf 81' lang='lat' dir='ltr'>constabulario</span> <span class='ocrx_word' id='word_1_1432' title='bbox 2186 3581 2236 3612; x_wconf 90' lang='lat' dir='ltr'>suo</span> <span class='ocrx_word' id='word_1_1433' title='bbox 2247 3581 2388 3621; x_wconf 86' lang='lat' dir='ltr'>Burdega-</span> <span class='ocrx_word' id='word_1_1434' title='bbox 2405 3594 2479 3627; x_wconf 45' lang='lat' dir='ltr'>Am,-</span> <span class='ocrx_word' id='word_1_1435' title='bbox 2489 3592 2527 3624; x_wconf 74' lang='grc' dir='ltr'>Β,</span> <span class='ocrx_word' id='word_1_1436' title='bbox 2543 3591 2547 3626; x_wconf 63' lang='grc' dir='ltr'><em>ξ</em></span> <span class='ocrx_word' id='word_1_1437' title='bbox 2560 3610 2562 3617; x_wconf 95' lang='grc'>.</span> 
     </span>
     <span class='ocr_line' id='line_1_190' title="bbox 1346 3617 2507 3673; baseline 0.007 -21"><span class='ocrx_word' id='word_1_1438' title='bbox 1346 3617 1376 3643; x_wconf 45' lang='lat' dir='ltr'>x</span> <span class='ocrx_word' id='word_1_1439' title='bbox 1396 3625 1458 3661; x_wconf 77' lang='lat' dir='ltr'>lie,</span> <span class='ocrx_word' id='word_1_1440' title='bbox 1475 3627 1524 3664; x_wconf 89' lang='lat' dir='ltr'>qui</span> <span class='ocrx_word' id='word_1_1441' title='bbox 1547 3636 1626 3656; x_wconf 92' lang='lat' dir='ltr'>nunc</span> <span class='ocrx_word' id='word_1_1442' title='bbox 1647 3625 1727 3663; x_wconf 89' lang='lat' dir='ltr'>sunt,</span> <span class='ocrx_word' id='word_1_1443' title='bbox 1745 3626 1792 3657; x_wconf 90' lang='lat' dir='ltr'>vel</span> <span class='ocrx_word' id='word_1_1444' title='bbox 1810 3627 1859 3665; x_wconf 90' lang='lat' dir='ltr'>qui</span> <span class='ocrx_word' id='word_1_1445' title='bbox 1879 3635 1934 3664; x_wconf 84' lang='lat' dir='ltr'>pro</span> <span class='ocrx_word' id='word_1_1446' title='bbox 1956 3630 2087 3662; x_wconf 79' lang='lat' dir='ltr'>tempore</span> <span class='ocrx_word' id='word_1_1447' title='bbox 2108 3628 2206 3658; x_wconf 71' lang='lat' dir='ltr'>erunt:</span> <span class='ocrx_word' id='word_1_1448' title='bbox 2223 3619 2270 3650; x_wconf 69' lang='lat' dir='ltr'>seu</span> <span class='ocrx_word' id='word_1_1449' title='bbox 2284 3630 2387 3652; x_wconf 63' lang='lat' dir='ltr'>eorum</span> <span class='ocrx_word' id='word_1_1450' title='bbox 2428 3642 2507 3673; x_wconf 85' lang='lat'>1322.</span> 
     </span>
     <span class='ocr_line' id='line_1_191' title="bbox 1325 3662 2547 3703; baseline 0.006 -11"><span class='ocrx_word' id='word_1_1451' title='bbox 1325 3662 1403 3692; x_wconf 79' lang='lat' dir='ltr'>Loca</span> <span class='ocrx_word' id='word_1_1452' title='bbox 1416 3664 1592 3703; x_wconf 87' lang='lat' dir='ltr'>tenentibus,</span> <span class='ocrx_word' id='word_1_1453' title='bbox 1610 3664 1733 3694; x_wconf 87' lang='lat' dir='ltr'>salutem.</span> <span class='ocrx_word' id='word_1_1454' title='bbox 2402 3676 2454 3703; x_wconf 81' lang='lat' dir='ltr'>An.</span> <span class='ocrx_word' id='word_1_1455' title='bbox 2475 3671 2514 3700; x_wconf 84' lang='lat'>16.</span> <span class='ocrx_word' id='word_1_1456' title='bbox 2538 3670 2547 3697; x_wconf 66' lang='lat' dir='ltr'><em>A</em></span> 
     </span>
     <span class='ocr_line' id='line_1_192' title="bbox 1361 3700 2474 3742; baseline 0.008 -12"><span class='ocrx_word' id='word_1_1457' title='bbox 1361 3700 1444 3730; x_wconf 80' lang='lat' dir='ltr'>Cum</span> <span class='ocrx_word' id='word_1_1458' title='bbox 1461 3712 1565 3742; x_wconf 89' lang='lat' dir='ltr'>nuper,</span> <span class='ocrx_word' id='word_1_1459' title='bbox 2117 3736 2123 3742; x_wconf 88' lang='lat'>.</span> <span class='ocrx_word' id='word_1_1460' title='bbox 2184 3736 2190 3742; x_wconf 90' lang='lat'><em>.</em></span> <span class='ocrx_word' id='word_1_1461' title='bbox 2236 3736 2242 3741; x_wconf 90' lang='lat'><strong>.</strong></span> <span class='ocrx_word' id='word_1_1462' title='bbox 2405 3717 2435 3740; x_wconf 79' lang='lat' dir='ltr'>E.</span> <span class='ocrx_word' id='word_1_1463' title='bbox 2449 3721 2474 3739; x_wconf 84' lang='lat'>2.</span> 
     </span>
     <span class='ocr_line' id='line_1_193' title="bbox 1361 3735 2562 3787; baseline 0.003 -19"><span class='ocrx_word' id='word_1_1464' title='bbox 1361 3739 1512 3779; x_wconf 78' lang='lat' dir='ltr'>VolenteS,</span> <span class='ocrx_word' id='word_1_1465' title='bbox 1532 3741 1685 3772; x_wconf 89' lang='lat' dir='ltr'>venerabili</span> <span class='ocrx_word' id='word_1_1466' title='bbox 1704 3741 1799 3780; x_wconf 80' lang='lat' dir='ltr'>Patri,</span> <span class='ocrx_word' id='word_1_1467' title='bbox 1822 3739 1985 3771; x_wconf 85' lang='lat' dir='ltr'>Gaucelino</span> <span class='ocrx_word' id='word_1_1468' title='bbox 1997 3735 2152 3782; x_wconf 62' lang='lat' dir='ltr'>J.⁰h;².¹¹¹¹¹?³</span> <span class='ocrx_word' id='word_1_1469' title='bbox 2169 3735 2243 3766; x_wconf 85' lang='lat' dir='ltr'>tituli</span> <span class='ocrx_word' id='word_1_1470' title='bbox 2265 3735 2387 3767; x_wconf 65' lang='lat' dir='ltr'>SanCtoe</span> <span class='ocrx_word' id='word_1_1471' title='bbox 2407 3749 2471 3787; x_wconf 50' lang='grc' dir='ltr'>γαρ,</span> <span class='ocrx_word' id='word_1_1472' title='bbox 2487 3744 2525 3774; x_wconf 79' lang='lat'>16.</span> <span class='ocrx_word' id='word_1_1473' title='bbox 2541 3756 2562 3763; x_wconf 42' lang='grc'>’-</span> 
     </span>
     <span class='ocr_line' id='line_1_194' title="bbox 1325 3773 2562 3821; baseline 0.006 -14"><span class='ocrx_word' id='word_1_1474' title='bbox 1325 3787 1390 3807; x_wconf 86' lang='lat' dir='ltr'>rum</span> <span class='ocrx_word' id='word_1_1475' title='bbox 1414 3777 1574 3809; x_wconf 89' lang='lat' dir='ltr'>Marcellini</span> <span class='ocrx_word' id='word_1_1476' title='bbox 1601 3781 1635 3810; x_wconf 92' lang='lat'>&amp;</span> <span class='ocrx_word' id='word_1_1477' title='bbox 1657 3779 1734 3810; x_wconf 91' lang='lat' dir='ltr'>Petri</span> <span class='ocrx_word' id='word_1_1478' title='bbox 1755 3778 1911 3810; x_wconf 88' lang='lat' dir='ltr'>Presbitero</span> <span class='ocrx_word' id='word_1_1479' title='bbox 1925 3775 2099 3821; x_wconf 38' lang='lat' dir='ltr'>&#39;Card1n311‚</span> <span class='ocrx_word' id='word_1_1480' title='bbox 2123 3784 2153 3804; x_wconf 81' lang='lat' dir='ltr'>m</span> <span class='ocrx_word' id='word_1_1481' title='bbox 2175 3773 2318 3820; x_wconf 62' lang='lat' dir='ltr'>Regmlm,</span> <span class='ocrx_word' id='word_1_1482' title='bbox 2332 3785 2385 3806; x_wconf 83' lang='lat'>1¹0·</span> <span class='ocrx_word' id='word_1_1483' title='bbox 2402 3793 2432 3817; x_wconf 80' lang='grc' dir='ltr'>Ε.</span> <span class='ocrx_word' id='word_1_1484' title='bbox 2449 3797 2475 3816; x_wconf 77' lang='lat'>2.</span> <span class='ocrx_word' id='word_1_1485' title='bbox 2544 3790 2562 3801; x_wconf 76' lang='grc'>’·</span> 
     </span>
     <span class='ocr_line' id='line_1_195' title="bbox 1326 3813 2501 3862; baseline 0.006 -17"><span class='ocrx_word' id='word_1_1486' title='bbox 1326 3816 1434 3853; x_wconf 75' lang='lat' dir='ltr'>strum,</span> <span class='ocrx_word' id='word_1_1487' title='bbox 1449 3828 1502 3856; x_wconf 89' lang='lat' dir='ltr'>pro</span> <span class='ocrx_word' id='word_1_1488' title='bbox 1523 3817 1623 3849; x_wconf 88' lang='lat' dir='ltr'>nostris</span> <span class='ocrx_word' id='word_1_1489' title='bbox 1643 3818 1676 3849; x_wconf 91' lang='lat'>&amp;</span> <span class='ocrx_word' id='word_1_1490' title='bbox 1695 3819 1817 3855; x_wconf 84' lang='lat' dir='ltr'>ejusdem</span> <span class='ocrx_word' id='word_1_1491' title='bbox 1837 3818 1932 3856; x_wconf 79' lang='lat' dir='ltr'>Regnl</span> <span class='ocrx_word' id='word_1_1492' title='bbox 1953 3823 2087 3853; x_wconf 86' lang='lat' dir='ltr'>negotiis,</span> <span class='ocrx_word' id='word_1_1493' title='bbox 2104 3821 2174 3843; x_wconf 89' lang='lat' dir='ltr'>tunc</span> <span class='ocrx_word' id='word_1_1494' title='bbox 2195 3822 2335 3852; x_wconf 73' lang='lat' dir='ltr'>vementl,</span> <span class='ocrx_word' id='word_1_1495' title='bbox 2350 3813 2386 3844; x_wconf 75' lang='lat' dir='ltr'>de</span> <span class='ocrx_word' id='word_1_1496' title='bbox 2403 3837 2438 3857; x_wconf 76' lang='lat' dir='ltr'>m.</span> <span class='ocrx_word' id='word_1_1497' title='bbox 2459 3826 2501 3862; x_wconf 80' lang='lat'>13.&#39;</span> 
     </span>
     <span class='ocr_line' id='line_1_196' title="bbox 1327 3851 2387 3924; baseline 0 -41"><span class='ocrx_word' id='word_1_1498' title='bbox 1327 3855 1412 3924; x_wconf 54' lang='lat' dir='ltr'>IsXIillg</span> <span class='ocrx_word' id='word_1_1499' title='bbox 1428 3856 1534 3888; x_wconf 85' lang='lat' dir='ltr'>Marcis</span> <span class='ocrx_word' id='word_1_1500' title='bbox 1546 3856 1753 3896; x_wconf 76' lang='lat' dir='ltr'>sterlingorum</span> <span class='ocrx_word' id='word_1_1501' title='bbox 1769 3858 1852 3898; x_wconf 89' lang='lat' dir='ltr'>(quas</span> <span class='ocrx_word' id='word_1_1502' title='bbox 1862 3856 1888 3886; x_wconf 87' lang='lat' dir='ltr'>ei</span> <span class='ocrx_word' id='word_1_1503' title='bbox 1902 3851 2093 3888; x_wconf 81' lang='lat' dir='ltr'>coneeffimus</span> <span class='ocrx_word' id='word_1_1504' title='bbox 2107 3851 2144 3882; x_wconf 89' lang='lat' dir='ltr'>de</span> <span class='ocrx_word' id='word_1_1505' title='bbox 2158 3851 2252 3882; x_wconf 92' lang='lat' dir='ltr'>Dono</span> <span class='ocrx_word' id='word_1_1506' title='bbox 2266 3851 2387 3890; x_wconf 88' lang='lat' dir='ltr'>nostro)</span> 
     </span>
     <span class='ocr_line' id='line_1_197' title="bbox 1356 3903 1451 3925; baseline 0.011 -1"><span class='ocrx_word' id='word_1_1507' title='bbox 1356 3903 1389 3924; x_wconf 85' lang='lat' dir='ltr'>tis</span> <span class='ocrx_word' id='word_1_1508' title='bbox 1411 3905 1451 3925; x_wconf 88' lang='lat' dir='ltr'>eri</span> 
     </span>
     <span class='ocr_line' id='line_1_198' title="bbox 1366 3918 2393 3973; baseline 0.002 -10"><span class='ocrx_word' id='word_1_1509' title='bbox 1366 3918 1521 3964; x_wconf 70' lang='lat' dir='ltr'>Senesc’ailo</span> <span class='ocrx_word' id='word_1_1510' title='bbox 1535 3933 1634 3964; x_wconf 88' lang='lat' dir='ltr'>nostro</span> <span class='ocrx_word' id='word_1_1511' title='bbox 1647 3934 1717 3964; x_wconf 67' lang='lat' dir='ltr'>dieti</span> <span class='ocrx_word' id='word_1_1512' title='bbox 1732 3931 1862 3964; x_wconf 79' lang='lat' dir='ltr'>Ducatfis</span> <span class='ocrx_word' id='word_1_1513' title='bbox 1871 3954 1879 3969; x_wconf 89' lang='lat'>,</span> <span class='ocrx_word' id='word_1_1514' title='bbox 1893 3931 1926 3961; x_wconf 87' lang='lat'>&amp;</span> <span class='ocrx_word' id='word_1_1515' title='bbox 1941 3928 2162 3973; x_wconf 69' lang='lat' dir='ltr'>Constabulario</span> <span class='ocrx_word' id='word_1_1516' title='bbox 2174 3928 2274 3960; x_wconf 79' lang='lat' dir='ltr'>nostro</span> <span class='ocrx_word' id='word_1_1517' title='bbox 2287 3928 2393 3960; x_wconf 72' lang='lat' dir='ltr'>Burde‘</span> 
     </span>
    </p>
   </div>
   <div class='ocr_carea' id='block_1_33' title="bbox 1330 3966 2395 4037">
    <p class='ocr_par' dir='ltr' id='par_1_56' title="bbox 1330 3966 2395 4037">
     <span class='ocr_line' id='line_1_199' title="bbox 1330 3966 2395 4037; baseline -0.005 -34"><span class='ocrx_word' id='word_1_1518' title='bbox 1330 3972 1426 4011; x_wconf 82' lang='lat' dir='ltr'>galiae,</span> <span class='ocrx_word' id='word_1_1519' title='bbox 1450 3982 1500 4012; x_wconf 82' lang='lat' dir='ltr'>per</span> <span class='ocrx_word' id='word_1_1520' title='bbox 1519 3972 1628 4003; x_wconf 86' lang='lat' dir='ltr'>nostras</span> <span class='ocrx_word' id='word_1_1521' title='bbox 1647 3971 1808 4004; x_wconf 79' lang='lat' dir='ltr'>dederimus</span> <span class='ocrx_word' id='word_1_1522' title='bbox 1829 3970 1951 4003; x_wconf 78' lang='lat' dir='ltr'>Litteras</span> <span class='ocrx_word' id='word_1_1523' title='bbox 1971 3977 2001 3998; x_wconf 85' lang='lat' dir='ltr'>m</span> <span class='ocrx_word' id='word_1_1524' title='bbox 2022 3968 2174 4006; x_wconf 79' lang='lat' dir='ltr'>mandatis,</span> <span class='ocrx_word' id='word_1_1525' title='bbox 2198 3967 2280 4007; x_wconf 79' lang='lat' dir='ltr'>quod</span> <span class='ocrx_word' id='word_1_1526' title='bbox 2300 3966 2395 4037; x_wconf 55' lang='lat' dir='ltr'>eigearg</span> 
     </span>
    </p>
   </div>
  </div>
 </body>
</html>
