2562 4279
18 229 125 307 Aingnffi.
142 251 148 257 ι
163 272 209 296 aut
225 273 276 293 nos
288 264 416 294 nondum
433 264 522 293 extitit
533 259 719 297 satis-fastum,

18 306 86 332 ἰόν.
103 313 128 331 2.

36 2219 54 2236 ’¹
71 2220 127 2247 III.

34 2257 103 2293 708.

689 135 799 177 ET
884 137 1151 177 ACTA

164 224 324 256 Executrici
338 223 514 256 Testamenti
529 222 674 263 praedicti,
688 231 737 259 per
757 220 928 259 praediCtum
947 219 1058 251 Patrem
1080 220 1223 259 nostrum,

201 301 326 333 Velimus
336 303 361 332 ei
376 302 443 332 inde
456 299 675 333 satisfaciionem
691 298 817 328 debitam
832 297 923 328 facere
937 297 1077 335 exhiberi,
1097 306 1151 335 pro
1167 307 1230 328 exe-

164 340 280 370 cutione
293 338 467 370 Testamenti
482 337 609 376 praedicti
623 336 688 366 inde
701 335 838 366 facienda.

202 378 286 418 Nos,
302 377 501 416 Supplicationi
520 374 642 414 ejusdem
659 374 822 404 Comitissae
844 373 969 404 volentes
988 380 1107 404 annuere
1128 375 1159 403 in
1176 373 1229 403 hac

187 425 261 456 arte,
281 417 362 448 vobis
376 415 538 450 mandamus
553 412 649 452 quod,
667 412 729 442 vifis
748 412 783 443 &
797 411 943 451 diligenter
965 413 1124 443 examinatis
1143 411 1231 442 dietis

184 450 186 455 ⁵
194 456 268 490 iteris
281 453 472 492 obligatoriis,
488 451 632 490 habitaque
643 450 846 484 informatione
860 449 896 479 de
907 447 1105 488 solutionibus,
1122 460 1172 487 per
1187 450 1232 480 di-

163 494 246 524 ‹stum
260 488 528 528 Patrem'nostrum,
545 499 591 520 aut
605 499 673 527 nos,
690 488 807 526 praefato
817 487 1053 528 Guillielmo,seu
1067 488 1160 519 eidem
1167 487 1230 519 Co-

163 528 426 567 mitifft'e‘hadffienus
444 528 541 566 fatris,
559 528 595 558 de
616 527 728 558 summis
747 525 918 564 supraedietis
939 527 1030 558 eidem
1054 526 1232 565 Comitiffie,

164 570 202 601 de
215 580 251 600 eo
268 566 446 608 quud'adhuc
459 566 495 597 de
509 566 593 597 dietis
607 565 720 596 Debitis
733 564 768 595 de
790 565 864 595 clato
882 564 980 596 deberi
1001 564 1174 603 constiterit,
1192 565 1229 595 de

164 608 215 639 issa
226 607 351 646 pectini&
364 604 492 644 summa,
509 614 613 643 quam,
632 614 684 641 pro
698 602 836 633 Ministris
856 603 969 641 nostris,
988 604 1022 634 &
1042 602 1231 641 supportandis

165 646 295 678 oneribus
308 643 439 675 Ducaffs
449 642 600 682 praedicti,
616 642 779 672 retinuimus
800 642 828 671 in
848 641 1050 680 affignatione,
1065 642 1158 680 faeta,
1175 641 1231 671 bo-

164 692 212 720 nas
223 682 392 720 memoriae,
402 655 534 713 &omino
547 679 711 721 Clementi,
724 689 813 717 nuper
828 677 911 718 Papae
920 679 1047 719 Qinto,
1065 680 1143 718 super
1157 680 1230 710 dieti

164 717 293 758 Ducatsss
305 717 449 759 Exitib'us,
465 719 681 749 satisfaetionem
700 716 822 748 debitam
838 728 904 748 cum
927 719 1083 757 celeritate,
1103 718 1158 756 qui
1178 728 1231 756 po-

163 759 265 797 teritis,
281 757 340 790 fieri
353 758 473 796 fidae,
488 758 526 788 ita
540 765 633 788 tamen
649 756 724 794 quod
742 756 871 793 Negotia
884 757 993 795 nostra,
1012 759 1040 787 iii
1063 757 1183 795 partibus
1198 756 1232 786 il-

163 799 211 836 lis,
226 797 326 827 exinde
338 795 594 833 n'o'n‘retardentur,
612 795 817 833 setsdepei‘eant
834 797 933 833 quovis
948 795 1053 833 modo,
1071 796 1164 826 &nos
1179 804 1232 825 vo-

165 837 207 866 bis
225 835 310 874 inde,
327 834 441 872 praefate
453 833 680 871 Conitabulaiie,
698 833 824 863 debitam
847 834 1047 865 allocatiouem
1070 834 1170 864 habere
1189 833 1231 864 fa-

163 883 281 905 ciemus.

200 911 266 944 Dat.
282 910 355 950 apud
372 909 681 949 westmonasterium,
699 909 836 942 vicesimo
850 910 955 942 ostavo
969 910 1017 941 die
1033 910 1115 941 Maii.

831 989 885 1018 Per
898 987 979 1027 ipfirm
995 991 1100 1026 Regem.

162 1111 272 1155 Bulla,
296 1110 336 1145 de·
355 1116 508 1149 Berewico
526 1140 536 1156 ‚
562 1110 626 1159 post-
643 1110 872 1158 publicationem
897 1115 1089 1158 Trengarum
1110 1122 1234 1157 occupa-

206 1171 238 1193 to
256 1174 267 1192 :
303 1161 344 1194 de:
364 1163 475 1194 Litoris
501 1166 581 1210 Papia
604 1162 745 1194 laceratis
762 1175 773 1199 ,-
807 1165 844 1200 &¹
870 1160 912 1194 de>
928 1158 1053 1193 Roberto
1077 1162 1154 1193 Brus
1179 1171 1234 1193 ex-

208 1209 465 1244 communicando.

19 1311 94 1344 Ann-
109 1308 150 1340 D.
193 1294 327 1326 ohannes
341 1293 511 1334 Episcopus,
529 1295 618 1326 servus
630 1294 773 1326 servorum
788 1293 865 1334 Dei,
879 1293 990 1325 dileffis
1010 1295 1101 1334 Filiis,
1119 1294 1236 1325 Gauce-

40 1348 124 1389 1318.

17 1392 68 1416 An.
89 1397 131 1415 ιι.

15 1431 47 1455 Ε.
71 1435 98 1454 2.

18 1469 57 1494 Ex
73 1469 127 1493 Rot-

17 1505 42 1531 in
57 1513 86 1530 ra

21 1543 135 1570 Turrim.

210 1335 286 1372 lino,
304 1335 375 1365 tituli
389 1334 740 1365 Sanstorum-Marcellini
761 1334 793 1365 &
815 1333 907 1371 Petri,
931 1333 1105 1373 presbitero,
1123 1334 1157 1364 ὃ(
1174 1333 1234 1363 Lu-

165 1382 228 1412 cae,
246 1373 357 1403 SanCtae
373 1371 476 1404 Mariae
491 1374 520 1403 in
533 1372 589 1404 Via
604 1372 690 1412 Latii,
707 1372 859 1410 Diacono,
876 1372 1088 1411 Cardinalibus,
1108 1371 1233 1410 Aposto-

163 1410 228 1443 licae
242 1411 318 1442 Sedis
334 1410 458 1442 Nunciis
467 1435 477 1450 ,
491 1411 624 1450 salutem,
643 1412 676 1442 &
693 1410 891 1451 Apostolicam
905 1410 1147 1441 Benedietionem.

203 1449 309 1481 Crescit
324 1449 408 1480 facile
421 1451 450 1480 in
464 1450 622 1481 inmensum
636 1451 772 1488 impunita
787 1451 937 1487 temeritas,
956 1459 1025 1480 cum
1042 1450 1121 1480 unius
1140 1450 1235 1486 impu-

163 1489 231 1558 ditas
244 1489 338 1519 ausum
356 1488 387 1518 in
406 1489 462 1519 aliis
475 1499 570 1527 parere
581 1489 684 1527 soleat,
701 1489 735 1520 &
757 1487 834 1520 ausus
854 1486 1008 1520 excessivos
1029 1487 1150 1528 persaepe
1171 1496 1236 1525 pro-

187 1536 277 1558 ucant.

204 1566 327 1604 Qiantoe
341 1573 435 1596 autem
450 1565 611 1596 temeritatis
632 1564 728 1603 fuerit,
745 1565 797 1596 hiis
817 1565 932 1603 diebus,
950 1563 1073 1595 Roberti
1092 1564 1127 1594 de
1148 1563 1234 1602 Brus,

163 1602 299 1643 Regnum
315 1603 420 1635 Scotiae
441 1614 517 1634 nunc
532 1604 685 1643 Regentis,
701 1603 868 1642 suorumque
889 1605 918 1633 in'
939 1604 993 1633 hac
1009 1612 1086 1641 parte
1100 1601 1234 1643 Compli-

165 1652 252 1682 curn,
269 1642 411 1674 effi-senata
425 1643 619 1682 praefiimptio,
639 1652 698 1672 non
711 1641 822 1680 expedit
837 1642 919 1671 nobis
933 1642 1024 1679 longo
1033 1641 1175 1671 Sermone
1190 1651 1235 1672 re-

164 1690 258 1713 texere
292 1691 328 1711 ne
339 1681 443 1713 doctos
455 1681 589 1715 instruere
601 1681 749 1711 videamur
757 1703 766 1718 ,
783 1690 829 1711 aut
844 1681 991 1711 certiorare
1003 1679 1128 1710 scientes.

200 1705 309 1750 Nostis«
316 1721 420 1759 etenim
437 1742 447 1757 ,
468 1717 537 1750 ficut
551 1719 591 1749 illi
610 1729 679 1757 quos
700 1719 839 1763 evidentia
860 1718 980 1759 palpatae
994 1720 1117 1750 veritatis
1133 1717 1235 1750 instru-

167 1760 206 1789 xit
240 1759 351 1797 qualiter
364 1766 379 1788 a
393 1758 497 1793 nostrae
510 1759 698 1795 promotionis
711 1757 855 1796 auspicns,

205 1782 263 1827 I3iis
275 1795 442 1828 attmdentes
461 1795 609 1830 affeffibus
624 1796 793 1826 Animarum
813 1796 847 1826 &
864 1806 1021 1837 corporum
1037 1795 1157 1833 pericula
1173 1805 1237 1833 gra-

166 1836 229 1873 via,
250 1836 285 1866 &
306 1834 432 1865 inmensa
445 1833 589 1872 dispendia
601 1833 764 1865 facultatum
802 1844 865 1872 quae
881 1833 999 1865 molesta
1013 1835 1100 1869 nimis
1112 1835 1145 1865 δε
1154 1834 1237 1864 dam-

163 1874 248 1912 pnosa
259 1873 390 1904 dissensio
404 1875 495 1911 inter,
513 1871 684 1904 carissimum
707 1874 737 1903 in
751 1857 870 1903 &bristo
889 1872 993 1903 Filium
1007 1872 1158 1912 nostrum,
1176 1872 1236 1904 Ed-

162 1912 290 1943 wardum
307 1910 422 1949 Regem
440 1911 575 1951 Angliae,
600 1911 751 1951 illustrem,
769 1921 803 1942 ex
825 1910 882 1942 una
900 1918 994 1950 parte,
1012 1912 1046 1942 δε
1067 1911 1237 1949 praedietum

163 1950 326 1982 Robeitum
338 1955 374 1981 ex'
387 1950 488 1988 alterii,
503 1959 636 1988 praetextu
651 1951 845 1991 occupationis
858 1949 966 1991 injustiis
974 1950 1044 1991 dieti
1060 1950 1155 1990 Regni
1164 1950 1235 1981 Sco-

163 1990 229 2028 tiae,
248 1990 278 2019 in
293 1989 349 2028 qua
363 1989 426 2020 Rex
439 1989 500 2030 ipse·
512 1988 675 2021 Robertum
689 1990 812 2020 eundem
825 1989 954 2028 injuriare
966 1989 1017 2019 sibi
1038 1990 1239 2028 conqueritur,

163 2036 334 2065 procurante
346 2028 517 2064 cundrorum
529 2029 675 2059 incentore
691 2027 854 2069 Malorum,
871 2027 978 2058 abolim
992 2037 1103 2066 exorta,
1120 2027 1238 2065 Mundo

164 2065 331 2104 produxerat
344 2089 354 2104 ,
378 2067 418 2097 ὅς’
429 2071 510 2105 quiz,
527 2066 577 2097 nisi
592 2066 792 2105 prospiceretur
810 2075 844 2096 ex
859 2066 930 2104 alto,
950 2065 1104 2103 producere
1127 2067 1239 2104 gravio-

165 2113 195 2134 ra
209 2104 394 2135 verisimiliter
413 2105 587 2135 timebatur:
613 2103 826 2135 Confiderantes
844 2105 927 2134 etiam
950 2103 1154 2142 impedimenta
1175 2107 1236 2135 non

164 2142 255 2180 levia,
271 2150 333 2180 quae
349 2144 394 2180 p'ia
416 2142 476 2173 Dei
495 2142 626 2180 Negotia
647 2143 695 2181 (&
713 2143 855 2183 praecipue
870 2141 941 2172 illius
954 2141 1058 2173 Terrae
1077 2141 1239 2182 necessitas,

166 2181 197 2211 in
210 2180 266 2221 qua
281 2180 457 2219 Redemptor
470 2180 558 2214 nostri
574 2181 665 2220 nasci,
683 2182 716 2212 &
736 2182 808 2220 pati,
825 2191 877 2219 pro
891 2180 974 2211 salute
993 2180 1088 2211 nostra
1108 2181 1238 2218 dignatus

170 2219 223 2257 est)
241 2226 386 2257 propterea
407 2221 426 2239 ³³
445 2219 603 2259 subierunt,
620 2220 654 2250 &
675 2230 739 2259 quae
764 2227 892 2258 poterant
913 2228 947 2249 ex
969 2219 1050 2257 ipsius
1067 2218 1240 2251 diffenfionis

167 2258 376 2289 continuatione
385 2257 475 2288 subire
483 2267 490 2286 ·.

205 2296 252 2328 Ut
264 2297 346 2326 tantis
356 2295 593 2334 Discriminibus,
611 2295 679 2326 Deo
691 2297 813 2334 propitio
822 2318 832 2334 ,
848 2295 983 2333 possimus
996 2302 1161 2335 occurrere,
1179 2304 1237 2327 tot-

164 2345 220 2374 que
239 2335 353 2366 obviate
366 2334 515 2373 Praepediis
530 2343 612 2373 atque
628 2334 788 2373 Dampnis,
806 2334 841 2364 ad
861 2333 1026 2372 ponendum
1047 2336 1077 2365 iri
1094 2335 1238 2374 tranquili-

164 2382 219 2404 tate
234 2372 392 2404 diffidentes
412 2373 545 2411 eosdem,
561 2383 595 2404 ac
615 2372 701 2404 solitae
721 2373 840 2404 caritatis
857 2373 1037 2403 unanimitate
1058 2375 1238 2412 conjungen-

162 2412 325 2450 dum,vota
335 2411 446 2450 nostra,
459 2411 592 2442 Domino
607 2411 772 2450 inspirante,
789 2411 954 2450 direximus,
969 2412 1089 2450 vosque,
1109 2422 1179 2450 quos
1199 2412 1236 2444 ad

162 2450 193 2481 id
214 2449 353 2488 elegimus
375 2449 525 2481 Ministros
544 2450 680 2490 idoneos,
702 2451 738 2480 de
757 2450 884 2481 Fratrum
906 2449 1066 2481 nostrorum
1086 2449 1235 2491 Consilio,

162 2490 192 2558 {in
200 2497 307 2557 stprirtesi
318 2488 375 2519 illas
389 2512 400 2529 ,
425 2498 560 2528 tanquam
576 2488 658 2520 Pacis
678 2488 823 2529 Angelos,
846 2497 960 2527 propter
975 2489 1041 2520 haec
1059 2490 1235 2527 providimus

183 2538 199 2559 e
225 2538 288 2558 inan
308 2537 355 2558 os:

202 2566 255 2605 Et,
272 2574 303 2596 ut
322 2576 358 2596 eo
376 2565 495 2596 habilius
510 2567 555 2596 via
576 2571 697 2606 pateret,
714 2565 749 2596 ad
769 2564 975 2604 pacificandum
997 2564 1156 2598 diffidentes
1176 2568 1235 2598 ebs-

166 2605 246 2643 dem,
267 2614 325 2643 quo
340 2605 496 2635 minoribus
516 2604 692 2635 Guerrarum
714 2604 822 2635 flatibus
836 2613 1027 2643 quaterentur,
1045 2607 1119 2635 inter
1134 2615 1183 2636 eos
1202 2608 1236 2637 δε

166 2644 336 2675 adhaerentes
357 2643 459 2673 eisdem
479 2644 547 2674 certi
564 2644 700 2681 temporis
720 2642 848 2680 Treugas
870 2642 1022 2673 indiximus
1039 2654 1045 2673 ι
1072 2652 1137 2682 quas
1158 2653 1176 2675 a
1190 2645 1236 2676 die

167 2682 364 2720 publicationis
379 2692 474 2712 earum
489 2692 504 2712 a
524 2683 624 2721 nobis,
642 2692 691 2719 per
711 2691 781 2721 nOS,
798 2682 844 2711 vel
857 2681 960 2720 alium,
978 2680 1024 2712 seu
1043 2682 1111 2713 alios
1131 2683 1238 2715 facien-

165 2721 226 2758 dae,
244 2721 324 2751 suum
339 2720 468 2751 volumus
481 2721 608 2750 obtinere
619 2722 770 2759 vigorem,
785 2724 887 2751 extunc
909 2721 940 2750 iri
955 2720 1080 2758 personas
1102 2731 1162 2752 non
1184 2722 1238 2753 ser-

166 2761 292 2791 vantium
307 2782 316 2797 ‚
340 2759 384 2789 seu
404 2758 622 2796 infringendum
642 2759 771 2796 Treugas
803 2759 980 2797 hujusmodi,
998 2757 1240 2793 Excommuniea-

169 2799 254 2829 tionis
267 2797 398 2827 sententia
413 2797 601 2835 promulgata

208 2835 270 2865 Vos
282 2840 374 2865 autem
391 2836 553 2873 injunGtum
567 2837 649 2868 vobis
665 2835 807 2866 Officium
825 2836 885 2866 tam
899 2835 1062 2874 humiliter,
1085 2837 1170 2875 quam
1185 2840 1241 2870 uti-

170 2873 248 2911 liter,
274 2874 372 2912 exequi
394 2875 553 2913 cupientes,
572 2874 688 2905 direffis
706 2873 795 2905 versus
817 2874 1005 2905 Dunelmiam
1027 2875 1179 2914 gressibus,
1204 2877 1239 2908 ad

170 2911 333 2942 Robertum
346 2911 452 2950 ipsum,
469 2913 656 2943 venerabilem
679 2912 804 2943 Fratrem
824 2912 952 2943 nostrum
975 2912 1149 2955 Episcopum
1170 2914 1241 2946 Car-

172 2950 338 2987 banensem,
357 2950 389 2980 &
410 2949 547 2981 dilectum
568 2951 688 2989 Filium,
709 2950 880 2990 Magistrum
902 2951 1088 2991 Aymericuni
1109 2953 1241 2993 Girardi,

170 2989 417 3019 Archidiaconum
431 2987 597 3026 Eliiensem,
615 2988 772 3020 Familiares
792 2989 912 3028 vestrOS,
931 2991 964 3021 ὃς
984 2989 1118 3021 Nuncios
1131 2992 1241 3023 mittere

171 3026 328 3065 curavistis,
347 3028 442 3064 qui&
459 3027 510 3057 sibi
522 3027 673 3064 pacificum
689 3027 815 3058 vestrum
834 3029 1049 3067 pronunciarent
1068 3030 1240 3069 adventurn,

172 3066 207 3095 ὃς
222 3065 324 3096 Literas
337 3065 441 3095 nostras
453 3065 570 3096 diresias
587 3065 683 3096 eidem
702 3065 832 3104 (salutaria
845 3067 922 3105 super
936 3067 1075 3105 praedicitis
1090 3069 1243 3100 continen-

174 3112 214 3134 tes
228 3104 345 3141 monita)
364 3103 564 3144 praesentarent.
633 3138 636 3139 ⁷

213 3140 274 3178 Ipse
288 3145 358 3173 vero
373 3143 528 3180 intelligere
543 3142 642 3179 nolens
657 3149 688 3173 ut
701 3143 774 3173 bene
787 3151 896 3181 ageret,
913 3142 958 3173 sed
979 3154 1055 3175 aures
1074 3144 1147 3184 suas),
1162 3155 1242 3178 more

174 3179 273 3218 aspidis
285 3179 390 3218 surdae,
406 3191 442 3211 ne
455 3181 562 3212 audiret
576 3190 683 3217 vocem
700 3180 786 3211 Patris
804 3181 936 3219 sapienter
959 3183 1142 3222 exhortantis,
1157 3185 1242 3215 obtu-

177 3228 255 3257 rans,
278 3218 351 3256 quasi
371 3219 407 3249 de
429 3220 556 3257 impensa
575 3231 591 3250 a
612 3220 695 3250 nobis
714 3219 792 3257 super
812 3220 865 3249 hiis
884 3221 1059 3257 benignitate
1074 3245 1085 3260 ‚
1107 3222 1243 3260 superbiae

177 3255 340 3296 concepisse
352 3257 475 3288 videatur
489 3257 652 3296 audaciam,
666 3259 860 3296 iniquitatem,
877 3259 911 3289 de
926 3260 1048 3290 exhibita
1067 3261 1118 3291 sibi
1138 3272 1188 3299 per
1201 3263 1243 3293 Α-

176 3294 347 3333 postolicam
368 3295 473 3325 Sedem
495 3296 718 3335 mansuetudine,
740 3306 800 3326 non
810 3297 911 3335 absque
927 3299 1134 3335 ingratitudinis
1155 3301 1245 3340 vitio,

177 3333 340 3372 parturivit,
358 3342 563 3372 contempnens
576 3334 644 3372 ipsas
662 3335 766 3366 nostras
782 3337 908 3374 recipere
916 3336 1036 3376 Literas,
1053 3347 1102 3376 per
1115 3338 1248 3370 Nuncios

178 3371 251 3411 ipsos
263 3371 358 3402 eidem
370 3371 483 3402 oblatas.

214 3409 270 3449 Et,
288 3419 318 3441 ut
333 3418 511 3450 contemptus
523 3412 704 3450 contemptui
722 3411 884 3451 adderetur,
902 3412 1009 3445 Literae
1032 3414 1152 3454 nostrae,
1169 3415 1250 3454 super

177 3447 358 3489 Treugarum
373 3447 492 3486 ipsarum
507 3450 729 3487 publicationem
744 3450 904 3489 confecitae,
922 3462 987 3490 quas
1000 3463 1048 3491 per
1061 3454 1132 3484 duos
1147 3454 1250 3486 Fratres

180 3487 312 3519 Minores
328 3488 358 3517 iri
374 3487 502 3518 Scotiam
517 3489 685 3527 mittebatis,
703 3489 864 3528 iningress'u
878 3489 1000 3529 Scotiae,
1017 3502 1076 3522 non
1091 3493 1144 3523 abs
1158 3503 1191 3524 ue
1206 3495 1251 3534 ip-

181 3525 233 3557 sius
245 3524 447 3564 conniventia,
466 3526 602 3561 violenter
616 3527 678 3564 ipsis
690 3526 787 3558 ablatae
800 3527 939 3566 fratribus,
957 3529 990 3560 &
1004 3530 1091 3562 diecae
1109 3531 1135 3561 se
1156 3533 1178 3562 is
1194 3532 1252 3563 cal-

181 3564 245 3596 cata
258 3563 411 3596 reverentia
424 3563 542 3599 totaliter
554 3563 682 3596 laceratae
705 3564 829 3605 fuerunt,
847 3566 985 3598 Fratribus
1004 3569 1066 3606 ipsis
1088 3570 1254 3601 nichilomi-

182 3613 234 3635 nus
247 3603 434 3641 inhumaniter
446 3602 578 3641 spoliatis:

222 3640 273 3673 Ne
293 3651 353 3672 nori
375 3640 437 3685 fore
455 3640 546 3685 posset
565 3642 734 3679 ambiguum
749 3666 760 3682 ,
785 3643 919 3684 quicquid
941 3645 1123 3684 malignitatis
1144 3648 1174 3677 in
1197 3647 1254 3680 hric'

183 3688 261 3718 parte
276 3688 459 3720 conceperit,
476 3679 544 3715 licet
557 3679 684 3717 Treugae
698 3681 842 3718 praedieiae
865 3694 915 3721 per
937 3694 1006 3723 vos,
1025 3684 1070 3715 vel
1091 3685 1193 3724 alium,
1210 3687 1255 3718 seu

184 3717 251 3750 alios
264 3718 301 3749 de
316 3718 451 3754 mandato
463 3718 559 3749 nostro
574 3729 622 3757 per
632 3719 765 3756 Angliam
772 3720 952 3759 solempniter
966 3723 1115 3763 publicatae
1130 3724 1255 3765 fuissent,

183 3758 222 3788 ita
237 3757 314 3795 quod
329 3757 520 3795 veresimiliter
534 3765 660 3795 potuerat
672 3757 708 3787 ad
723 3758 779 3796 ejus
797 3761 926 3791 notitiam
946 3761 1106 3798 hujusmodi
1130 3764 1256 3800 publica-

186 3795 229 3826 tio
245 3795 412 3833 pervenisse:
433 3806 469 3826 ne
483 3796 576 3827 lateret
588 3806 655 3826 eum
669 3797 801 3828 cominus
815 3799 954 3838 positum,
972 3799 1048 3839 quod
1073 3800 1130 3830 aliis
1145 3803 1257 3833 eminus

187 3833 359 3874 constitutis,
384 3844 444 3865 non
465 3834 628 3879 credebatur
649 3833 816 3878 occultum-3
833 3837 889 3874 ipse
906 3846 1002 3868 tamen
1022 3838 1152 3876 Treugas
1173 3841 1259 3880 ipsas,

187 3881 249 3910 ripn
263 3869 364 3911 absque
378 3873 474 3909 multae
487 3873 640 3903 insolentiae
652 3880 808 3904 temeritate
824 3876 858 3906 &
871 3875 1010 3913 plectibili
1021 3876 1110 3907 nostri
1131 3879 1164 3909 &
1180 3879 1260 3910 Sedis

188 3909 334 3949 praedictae
348 3920 532 3951 contemptu,
548 3911 689 3950 spretaque
701 3910 834 3944 sententia
846 3915 1006 3953 antediffli,
1020 3914 1164 3948 observare
1186 3928 1260 3949 cona

191 3952 251 3978 tem
273 3948 311 3980 sit.

232 4021 242 4031 Α
257 3986 486 4024 illam-Berewici
505 3990 603 4028 (quam
617 3989 744 4029 praefatus
765 3989 832 4025 Rex
853 3989 969 4028 Angliae
992 3991 1162 4032 possidebat,
1181 3995 1214 4025 ὃς
1234 3996 1262 4025 in

187 4031 266 4063 gua,
281 4024 316 4056 ad
324 4026 411 4065 ‘insius
425 4028 550 4061 Roberti
569 4028 750 4069 imiantiam,
764 4024 801 4061 ae
822 4038 912 4069 pace,
927 4031 997 4062 inter
1015 4029 1137 4070 Regem
1157 4033 1263 4072 ipsum,

1237 138 1713 191 PUBLICA.

1261 223 1293 253 &
1307 223 1466 258 Robertum
1481 231 1603 262 eundem
1613 256 1622 270 ‚
1640 245 1688 272 per
1699 238 1856 270 trattatores
1870 247 2055 277 communes,
2073 236 2337 279 tra&arideliebat)3
2353 228 2483 302 liturg&

2372 282 2382 302 1
2411 283 2422 302 i
2449 284 2454 304 ;

1266 299 1355 330 Chius
1368 303 1463 342 ipsius,
1482 309 1608 344 nequiter
1619 311 1768 352 invadens,
1787 315 1821 345 &
1833 325 1870 345 eo
1884 315 1994 345 liberius
2014 326 2173 353 occupans,
2192 325 2250 352 quo
2273 317 2328 346 mi-
2351 283 2417 341 ΕᾸΞ-
2437 322 2477 339 2-‘

2256 166 2325 199 151

1266 262 1337 308 POst„
1348 266 1568 300 publicationem
1590 272 1771 311 Treugai-um
1791 277 1925 315 ipsarum,
1951 278 1987 307 &v
2005 277 2238 308 Conventioiiem
2254 277 2333 308 Tra-'¹

1265 348 1320 368 ΠΟΥ
1337 341 1429 371 eidem
1444 342 1521 385 Regi
1540 355 1645 382 poterat
1659 349 1738 388 super
1759 354 1816 383 hoc
1836 353 1922 383 iness'e
1940 353 2057 392 suspicio
2068 377 2077 393 ,
2102 353 2239 384 Trac'titu
2260 362 2329 391 pen·

1266 378 1349 420 dente
1364 380 1522 426 praedisto,
1533 393 1566 426 ac
1578 386 1692 427 ‘caedem
1709 391 1852 422 crudelem
1871 392 1904 422 &
1922 401 2053 431 magnam
2074 394 2103 423 in
2119 392 2246 422 Gentem
2267 391 2333 423 Rex

1267 417 1600 460 g¹affl13stentcm11¹1b12
1618 434 1652 455 ac
1674 425 1783 458 Incolis
1801 430 1888 460 dictae
1910 429 1991 461 Villae
2012 441 2157 469 perperam
2177 430 2211 461 &
2231 431 2326 469 ini‘q'ue

1267 463 1466 497 committens,
1485 461 1630 502 per-quod
1653 473 1714 493 non
1737 465 1778 496 est
1799 467 1917 498 dubium
1937 467 2098 500 R‘obertum
2119 469 2227 507 ipsum,
2244 470 2277 500 &
2296 472 2330 500 in

1266 491 1320 521 hiis
1337 493 1506 540 adh-„erentes
1518 499 1628 537 eidem,
1643 503 1808 538 praedidtam
1822 505 1984 537 sententiam
1999 508 2150 538 incurrisse.

1301 530 1380 573 l-laec
1396 533 1429 563 ὃς
1444 534 1511 583 alia,
1529 546 1590 584 quse
1602 538 1636 568 ad
1652 541 1768 582 praesens
1781 544 1810 571 in
1825 543 1929 574 iilentio
1943 547 2130 585 praeterimus,
2151 545 2328 577 feceruntdi-

1267 567 1323 611 (stin,
1341 568 1524 603 Robertus&
1538 575 1721 616 Lomplices,
1740 588 1823 616 prout
1836 583 1920 611 nobis
1933 583 2058 614 intimare
2080 584 2208 622 curastis,
2233 587 2266 616 &
2289 594 2330 615 ta-

1267 616 1378 638 cuimus
1392 609 1474 648 usque
1488 612 1591 652 modo,
1607 614 1743 659 sperantes
1761 626 1790 648 ut
1803 628 1900 648 eorum
1914 622 2013 660 corda,
2032 631 2163 659 tangente
2179 622 2330 663 Domino,

1266 644 1329 682 post
1342 655 1481 693 tantorum
1497 652 1609 694 culpam
1624 655 1784 697 excessuum
1794 678 1802 693 ,
1819 657 1932 694 alicujus
1953 660 2155 692 humiliationis
2171 662 2245 698 ligna
2260 669 2331 700 prze-

1267 684 1427 727 tenderent,
1444 687 1530 732 filialis
1542 690 1702 733 devotionis
1717 694 1878 725 exolverent
1890 696 2032 736 debitum,
2050 701 2082 730 &
2098 701 2131 730 ad
2147 710 2178 730 ea
2209 711 2271 741 que
2279 711 2329 739 pa-

1268 732 1307 752 cis
1321 722 1395 766 sunt,
1413 735 1524 757 animos
1539 729 1710 761 inclinarent.
2186 723 2195 738 ⁷

1306 760 1359 805 Ipli
1377 766 1450 806 'vero
1500 766 1574 796 velut
1592 769 1663 797 vitiis
1684 768 1844 800 malleatoris
1865 773 2015 808 pertinacia
2033 775 2144 807 solidata
2165 776 2311 807 constrieti

1268 808 1399 844 patientia
1412 788 1514 847 messiae
1528 805 1746 842 longanimitatis
1757 807 1965 846 dampnabiliter
1986 813 2140 853 abutentes,
2158 816 2187 845 in
2208 801 2333 846 elationi}

1266 839 1415 883 obstinatae
1429 851 1531 872 Vitium
1548 853 1718 875 corruerunt.

1305 877 1466 923 'Nos'igitur
1482 881 1583 911 illatam
1599 884 1699 921 nobis,
1716 885 1749 915 &
1764 884 1938 922 Apostolicae
1956 885 2039 925 Sedi,
2058 889 2091 919 &
2105 892 2183 921 vobis
2206 892 2234 921 in
2256 902 2329 930 prae-

1269 916 1356 946 milsis
1376 927 1527 963 injuriam,
1553 931 1587 951 ac
1605 922 1756 958 praedietos
1783 923 1905 962 ejusdem
1925 923 2063 963 Roberti,
2086 929 2134 965 δε,
2159 930 2188 959 in
2209 930 2261 960 hiis
2281 931 2333 961 acl-'-

1270 953 1439 986 haerentium
1460 958 1536 995 libi,
1559 959 1734 991 detestandos
1751 962 1784 991 &
1806 972 1936 992 enormes
1955 964 2096 1003 excessus,
2115 977 2168 997 nee
2192 969 2315 999 volentes

1269 1003 1323 1023 nec
1338 994 1456 1025 valentes
1475 998 1691 1040 conniventibus
1710 999 1799 1030 oculis
1821 1001 1998 1040 pertransire,
2016 1012 2083 1032 cum
2097 1005 2130 1034 ad
2146 1015 2192 1035 eos
2205 992 2335 1045 compes³

1270 1031 1394 1071 cendos,
1412 1044 1449 1078 ne
1462 1035 1613 1079 periculosa
1626 1038 1656 1066 in
1672 1037 1738 1068 alios
1752 1040 1876 1077 exempla
1895 1040 1977 1070 alveo
1992 1041 2170 1081 deriventur,
2189 1053 2336 1075 excercen-

1270 1069 1322 1100 dus
1338 1071 1371 1100 sit
1391 1072 1706 1116 potiushEcclesiasticae
1730 1076 1846 1107 Gladius
1869 1076 2013 1117 Ultionis,
2034 1079 2205 1111 Discretioni
2224 1083 2339 1123 vestrae,

1269 1108 1306 1138 de
1322 1119 1393 1153 qua,
1409 1120 1439 1140 in
1455 1111 1523 1149 lius,
1541 1113 1574 1143 &
1589 1112 1663 1152 aliis,
1681 1114 1792 1152 plenam
1806 1116 1835 1145 in
1850 1115 1983 1147 Domino
2005 1117 2137 1149 fiduciam
2158 1121 2317 1151 obtinemus
2329 1143 2341 1161 ,

1270 1152 1446 1191 praeientium
1462 1158 1576 1194 tenore,
1594 1154 1803 1184 committimus
1815 1155 1849 1184 &
1865 1156 2045 1194 mandamus,
2063 1159 2206 1198 quatinus,
2225 1169 2273 1196 per
2281 1169 2343 1199 vos,

1270 1186 1316 1216 vel
1329 1187 1432 1230 alium,
1451 1188 1496 1231 seu
1509 1189 1577 1220 alios
1612 1191 1782 1228 praedidtum
1797 1191 1958 1224 Robertum
1978 1194 2011 1224 &
2027 1195 2207 1227 Adhaerentes
2229 1198 2344 1238 eidem,

1270 1225 1436 1269 prredrffihzm
1453 1213 1598 1271 incurristis
1611 1229 1790 1269 sententiam,
1806 1232 1838 1261 in
1850 1230 1980 1262 Ecclesiis
1991 1234 2024 1263 &
2039 1234 2069 1263 in
2083 1234 2153 1265 locis
2168 1236 2340 1276 insignibus,

1271 1263 1306 1308 de
1320 1265 1419 1308 quibus
1433 1266 1562 1309 expedire
1576 1268 1721 1307 videbitis,
1740 1278 1823 1307 prout
1832 1269 1940 1308 justum
1961 1271 1994 1302 &
2017 1281 2130 1309 aequum
2151 1273 2247 1312 fuerit,
2266 1285 2340 1305 nun-

1272 1312 1351 1333 eietis
1362 1304 1520 1348 solemniter
1535 1306 1568 1336 ὃς
1583 1307 1696 1344 publice
1712 1307 1825 1345 singulis
1847 1308 1944 1339 diebus
1969 1309 2136 1340 Dominicis
2156 1313 2188 1342 &
2210 1312 2340 1352 Festivis;

1272 1350 1369 1372 contra
1382 1352 1430 1372 eos
1441 1343 1647 1386 'mchilorninus
1660 1345 1695 1376 ad
1710 1345 1814 1377 Poenas
1829 1346 1892 1377 alias
1905 1347 2082 1387 Spirituales,
2102 1350 2135 1379 ἃ
2150 1350 2343 1392 Temporales,

1273 1389 1358 1424 prout.
1379 1381 1459 1411 vobis
1484 1382 1636 1426 videbitur,
1656 1384 1735 1421 juxta
1759 1385 1963 1423 praedidtorum
1987 1387 2146 1425 qualitatem
2166 1390 2344 1429 excelsuum,

1272 1427 1413 1451 autoritate
1428 1420 1598 1459 Apostolica
1611 1423 1778 1460 processuri.

1310 1459 1328 1502 ‘fl‘
1347 1456 1383 1488 Et
1391 1458 1415 1502 .s¹
1425 1481 1434 1496 ,
1453 1459 1529 1498 quod
1543 1460 1609 1490 absit
1618 1484 1627 1499 ,
1647 1461 1677 1491 in
1691 1461 1738 1492 sua
1751 1461 1876 1500 nequitia
1890 1463 2002 1494 ulterius
2016 1464 2187 1502 perseverare
2194 1466 2347 1505 praesump-

1270 1496 1373 1540 serint,
1388 1497 1543 1541 indurantes
1557 1499 1637 1530 instat
1651 1500 1748 1538 lapidis
1763 1501 1850 1532 corda
1860 1501 1922 1540 sua,
1940 1512 2006 1540 vos,
2017 1504 2095 1540 juxta
2110 1507 2297 1536 contumacia:
2312 1516 2345 1536 ac

1272 1536 1435 1603 εκῗῖςίῖυυιη
1463 1539 1635 1575 exigentiam
1649 1561 1660 1577 ,
1691 1538 1802 1569 nostros
1823 1541 1853 1570 in
1884 1550 1931 1571 eos
1956 1542 2057 1572 curetis
2085 1551 2251 1582 exaggerare
2283 1550 2348 1583 pro-

1270 1582 1305 1604 ce
1331 1584 1369 1604 us.

1306 1612 1372 1643 Nos
1385 1613 1464 1642 enim
1480 1614 1621 1651 praemissa
1633 1616 1730 1646 omnia
1743 1616 1778 1647 &
1793 1615 1899 1654 singula
1915 1617 2037 1648 faciendi
2052 1620 2086 1650 δε
2095 1621 2346 1660 exequendi,nec-

1271 1659 1331 1681 non
1347 1651 1516 1691 praedffiios,
1535 1653 1569 1683 &
1583 1654 1765 1694 quoscunque
1775 1655 1845 1686 alios
1861 1656 2005 1693 praedictae
2019 1656 2100 1688 Pacis
2120 1660 2153 1689 &
2168 1658 2345 1692 Concordia:

1272 1690 1443 1721 Turbatores
1455 1690 1501 1721 seu
1516 1690 1699 1729 Impeditores
1708 1715 1718 1731 ,

1311 1728 1377 1759 Sive
1390 1728 1497 1773 Incolae
1512 1729 1659 1762 dierorum
1674 1730 1867 1771 Regnorum,
1886 1733 1942 1764 sive
1957 1734 2116 1773 quicunque
2129 1735 2191 1774 alii,
2209 1736 2242 1767 &
2258 1736 2348 1767 unde·

1273 1777 1387 1808 cunque
1404 1766 1520 1806 fuerint,
1538 1769 1572 1799 δί
1585 1779 1686 1800 omnes
1704 1771 1738 1800 δε
1760 1771 1883 1809 singulos
1898 1771 2082 1812 Complices,
2102 1774 2270 1813 adjutores,
2288 1775 2348 1807 Va-

1272 1806 1382 1845 litores,
1401 1805 1593 1850 ConsiliariOS,
1611 1807 1758 1848 Fautores,
1773 1810 1806 1840 &
1822 1809 1959 1848 Sequaces
1979 1821 2094 1850 eorum,
2112 1823 2145 1843 ac
2165 1814 2194 1842 in
2211 1813 2267 1843 hoc
2284 1814 2344 1844 Ad-

1273 1845 1409 1876 haerentes
1424 1845 1529 1876 eisdem
1536 1869 1546 1885 ,
1566 1847 1679 1884 publice
1696 1848 1740 1879 vel
1764 1848 1898 1886 occulte,
1913 1850 2000 1880 etiam
2022 1850 2041 1880 si
2063 1851 2133 1881 inter
2154 1861 2202 1881 eos
2222 1851 2346 1889 personae

1272 1884 1372 1923 aliquae
1386 1884 1589 1915 Ecclesiasticae
1604 1885 1723 1924 suerint,
1742 1886 1931 1925 cujuscunque
1946 1888 1996 1918 sint
2013 1888 2052 1918 liii
2069 1889 2113 1920 vel
2133 1889 2171 1919 illi
2187 1889 2345 1921 Conditio-

1274 1924 1332 1961 nis,
1360 1922 1512 1961 Digiiitatis
1525 1946 1535 1962 ,
1559 1924 1677 1954 Ordinis
1702 1926 1757 1956 sive
1780 1925 1881 1964 status,
1898 1926 2085 1957 Ecclesiastici
2111 1927 2154 1959 vel
2187 1927 2344 1968 Mundam,

1275 1962 1403 2001 quamvis
1419 1961 1676 2002 Archiepiscopali,
1695 1963 1739 1994 vel
1753 1962 1911 2004 Episcopali
1924 1964 2108 2004 praefulgeant
2128 1966 2288 2006 Dignitate,

1297 2000 1358 2031 ”Ut
1372 2001 1408 2030 ab
1422 2000 1580 2039 hujusmodi
1599 2003 1758 2032 turbatione
1781 2004 1836 2034 five
1858 2002 2080 2042 impedimento,
2096 2015 2210 2035 necnon
2230 2006 2265 2036 ab
2280 2016 2347 2037 om-

1276 2039 1307 2069 ni
1329 2039 1438 2069 Favore
1482 2038 1628 2078 Consilio,
1646 2040 1779 2078 Auxilio,
1802 2040 1938 2080 Sequela,
1964 2043 1998 2072 ὃς
2020 2043 2202 2073 Adliaerentia
2224 2045 2298 2074 circa
2317 2044 2349 2076 id

1277 2061 1490 2116 impendendis,
1514 2078 1634 2108 omnino
1654 2078 1801 2116 desistant,
1818 2079 1851 2110 &
1871 2079 2185 2112 Excommunicarionis
2202 2082 2231 2112 in
2251 2081 2349 2113 Perso-

1274 2118 1339 2154 nas',
1358 2116 1392 2146 ὃς
1407 2115 1547 2146 interdicti
1559 2115 1703 2147 sententias
1723 2118 1752 2147 in
1767 2117 1871 2148 Terras
1885 2119 1917 2149 ὃς
1934 2117 2068 2149 Ecclesias
2094 2130 2193 2150 eorum
2208 2143 2218 2159 ,
2243 2131 2276 2151 ac
2296 2131 2346 2159 pei·

1274 2155 1461 2193 privationem
1477 2154 1651 2193 Feudorum,
1671 2155 2123 2196 Locationum,Officiorum,&
2137 2169 2344 2199 quorumcum-

1274 2197 1329 2235 que
1343 2192 1551 2224 Beneficiorum
1566 2193 1771 2233 Spiritualium,
1788 2196 1856 2225 citra
1878 2194 2153 2234 Archiepiscopalem
2175 2199 2207 2228 ὃς
2230 2197 2349 2237 Episco-

1296 2230 1367 2263 alem
1381 2231 1579 2270 Dignitatem,
1596 2240 1642 2263 aut
1655 2234 1740 2264 etiam
1755 2232 1989 2272 Temporalium,
2008 2245 2072 2273 qiae
2097 2246 2112 2265 a
2135 2236 2345 2275 quibuscunque

1302 2270 1415 2302 cclesiiis
1427 2271 1613 2308 obtinebunt,
1630 2278 1660 2301 ut
1675 2271 1712 2302 fic
1729 2271 1814 2301 libere
1827 2272 1871 2301 illa
1882 2272 1916 2302 ad
1932 2272 1999 2310 ipsas
2014 2273 2151 2304 Ecclesias
2164 2284 2348 2314 revertantur,

1274 2309 1352 2347 quod
1366 2308 1479 2340 Praelati
1494 2309 1527 2339 &
1542 2308 1679 2339 Recitores
1693 2319 1792 2340 eorum
1806 2317 1852 2340 aut
1868 2310 1930 2348 alii,
1948 2311 1982 2340 ad
1997 2320 2066 2349 quos
2081 2311 2108 2341 id
2127 2314 2290 2352 pertinebit,
2307 2313 2346 2344 de

1273 2347 1325 2377 illis
1360 2357 1392 2378 ro
1407 2347 1452 2378 sua
1466 2347 1607 2378 voluntate
1621 2347 1788 2386 disponant,
1803 2357 1836 2378 ac
1852 2357 1899 2385 per
1922 2349 2173 2380 inhabilitationem
2187 2353 2273 2382 etiam
2290 2361 2350 2382 tam

1272 2385 1325 2416 Per
1337 2396 1455 2417 onarum
1468 2386 1588 2423 ipsarum
1603 2385 1862 2417 Ecclesiasticarum
1882 2386 2120 2425 (Archiepiscopis
2142 2390 2174 2420 &
2197 2389 2347 2428 Episcopis

1269 2424 1401 2455 duntaxat
1419 2423 1553 2462 exceptis)
1572 2434 1657 2464 quam
1670 2423 1792 2455 filiorum
1801 2447 1812 2462 ,
1826 2423 1861 2454 N
1863 2433 1981 2463 epotum
1997 2427 2031 2456 &
2046 2426 2165 2457 iliorum
2176 2428 2347 2459 descenden-

1270 2465 1344 2494 tium
1355 2464 1391 2494 ab
1405 2462 1465 2501 ipsis
1479 2463 1685 2493 Turbatoribus
1698 2464 1732 2494 ὃς
1741 2463 1956 2500 Impeditoribus
1974 2464 2080 2503 Laicis,
2101 2465 2183 2504 usque
2199 2467 2233 2497 ad
2249 2466 2347 2498 secun-

1270 2502 1340 2533 dum
1361 2502 1479 2540 gradum
1505 2501 1539 2532 ad
1563 2502 1669 2541 quaevis
1694 2501 1887 2533 Eccleiiastica
1907 2502 2047 2533 Beneficia
2067 2505 2257 2536 obtinendum
2274 2529 2284 2544 ,
2313 2507 2347 2537 ὃς

1272 2548 1320 2579 per
1333 2541 1384 2571 alia
1398 2542 1464 2579 juris
1477 2540 1616 2579 remedia,
1636 2540 1671 2570 de
1696 2541 1812 2578 quibus,
1830 2541 1862 2571 &
1884 2550 1982 2580 prout,
1999 2542 2129 2580 expedire
2144 2544 2280 2583 videritis,
2297 2556 2346 2583 ap-

1271 2579 1418 2618 pellatione
1433 2579 1556 2617 remoti,
1573 2579 1666 2609 debite
1681 2579 1898 2617 compescendi:

1307 2618 1420 2648 Omnes
1434 2627 1546 2655 quoque
1558 2627 1591 2648 ac
1608 2618 1747 2656 singulos,
1763 2619 1810 2656 qui
1831 2617 1936 2648 eisdem
1952 2619 2159 2649 Turbatoribus
2180 2619 2230 2650 seu
2251 2620 2348 2658 Impe-

1271 2656 1406 2687 ditoribus
1424 2656 1534 2694 Laicis,
1554 2664 1599 2687 aut
1617 2666 1717 2690 eorum
1738 2656 1819 2687 alicui
1832 2656 1996 2695 juramento
2019 2656 2152 2687 fidelitatis
2175 2667 2301 2689 tenentur
2315 2671 2345 2690 a-

1272 2695 1379 2734 striffl,
1399 2696 1435 2725 ab
1450 2695 1698 2733 ipsojuramento,
1718 2696 1853 2733 quamdiu
1875 2696 1924 2732 ipsi
1945 2696 2021 2736 pacis
2042 2696 2200 2733 hujusmodi
2218 2698 2342 2729 turbato-

1274 2744 1315 2765 res
1330 2734 1374 2765 seu
1394 2733 1574 2771 inipeditores
1588 2735 1727 2764 extiterint
1740 2733 1915 2764 absolvendi:

1293 2812 1298 2817 ι
1312 2772 1350 2803 Et
1364 2772 1413 2803 alia
1428 2771 1566 2810 faciendi,
1583 2782 1646 2810 quae
1660 2774 1736 2803 circa
1748 2772 1905 2811 praemilsa,
1922 2772 1966 2804 vel
1979 2773 2068 2811 aliqua
2081 2772 2116 2803 de
2129 2774 2272 2811 praemiffis
2285 2774 2346 2806 fue-

1277 2820 1332 2842 rint
1344 2820 1492 2849 oportuna,

1314 2849 1387 2880 Non
1401 2849 1531 2879 obstante
1544 2849 1564 2879 fi
1578 2849 1634 2887 eis,
1651 2856 1696 2880 aut
1710 2858 1808 2879 eorum
1821 2849 1974 2888 aliquibus,
1991 2849 2036 2880 vel
2050 2849 2133 2880 alicui
2146 2862 2160 2881 a
2181 2851 2253 2881 Sede
2270 2851 2349 2889 Apo-

1278 2888 1378 2919 stolica
1393 2888 1424 2918 sit
1439 2886 1578 2917 indultum
1585 2911 1594 2926 ,
1612 2888 1661 2918 sub
1684 2898 1864 2926 quacumque
1884 2888 1996 2926 forma,
2016 2888 2059 2919 vel
2079 2892 2270 2929 conceptione
2288 2901 2350 2920 ver-

1277 2929 1399 2964 borum,
1418 2925 1495 2964 quod
1512 2926 1656 2964 interdici,
1673 2926 1817 2964 suspendi,
1836 2927 1881 2957 vel
1903 2928 2162 2965 excommunicari,
2180 2938 2223 2959 aur
2248 2939 2346 2959 eorum

1276 2965 1377 2996 Terrae
1391 2966 1435 2996 vel
1447 2964 1580 2995 Ecclefiae
1594 2964 1790 2995 Ecclesiastico
1805 2965 1955 2995 interdicito
1969 2966 2086 3003 supponi
2109 2968 2203 3003 quivis
2225 2968 2347 2997 auetori-

1274 3009 1332 3035 tate
1343 3013 1402 3033 non
1415 3002 1536 3041 possint,
1555 3003 1588 3033 &
1604 3003 1725 3042 qualibet
1738 3004 1791 3034 alia
1805 3004 1891 3034 dietae
1912 3004 1989 3034 Sedis
2012 3004 2205 3043 indulgentia,
2225 3005 2346 3038 aenei-ili

1275 3043 1320 3073 vel
1340 3042 1475 3080 speciali,
1501 3041 1690 3080 cujuscunque
1714 3043 1818 3072 tenoris
1837 3042 1951 3081 existat,
1977 3053 2025 3080 per
2053 3053 2154 3080 quam,
2171 3043 2347 3080 presentibus

1276 3090 1335 3111 non
1349 3080 1521 3118 expressam,
1539 3079 1585 3110 vel
1598 3081 1715 3111 totaliter
1730 3091 1788 3111 non
1803 3082 1948 3119 insertam,
1964 3080 2081 3111 effectus
2094 3091 2192 3110 eorum
2213 3081 2344 3118 impediri

1276 3119 1363 3151 valeat
1379 3118 1595 3156 quomodolibet
1612 3118 1656 3150 vel
1672 3117 1778 3150 differri
1787 3142 1796 3157 ,

1322 3156 1414 3188 Vobis
1427 3158 1459 3188 &
1475 3155 1599 3186 vestrum
1614 3157 1728 3188 cuilibet
1742 3158 1856 3196 plenam
1869 3158 1902 3189 ὃς
1923 3157 2040 3187 liberam
2054 3155 2258 3197 concedimus,
2274 3167 2353 3188 teno-

1278 3207 1308 3228 re
1324 3195 1517 3234 praesentium,
1536 3194 1712 3226 facultatem:

1317 3235 1370 3265 Per
1383 3235 1446 3264 haec
1461 3243 1554 3265 autem
1569 3244 1628 3264 non
1643 3235 1812 3265 intendimus
1834 3236 1863 3264 in
1887 3234 1979 3271 aliquo
2000 3232 2134 3267 derogare
2157 3233 2346 3265 Commissioa

1279 3273 1377 3312 nibus,
1396 3272 1473 3311 super
1486 3273 1558 3311 hiis,
1577 3273 1621 3303 vel
1634 3273 1691 3303 aliis
1712 3273 1896 3311 quibussibet,
1922 3273 2002 3302 vobis
2023 3272 2086 3302 ali-‘is
2109 3282 2157 3309 per
2178 3283 2228 3302 iios
2247 3274 2346 3311 tactis,

1280 3311 1317 3343 set
1330 3322 1375 3343 eas
1388 3312 1589 3342 nichilominus
1605 3313 1635 3341 in
1650 3311 1699 3342 suo
1713 3312 1842 3341 volumus
1854 3321 1994 3341 remanere
2011 3313 2117 3347 vigore.

1332 3351 1399 3420 [gat.
1425 3351 1562 3382 Avinion.
1588 3359 1685 3389 quarto
1705 3349 1769 3381 Kal.
1785 3350 1878 3389 julii,
1901 3348 2082 3380 Pontificaius
2105 3348 2189 3378 nosti-i
2213 3359 2286 3379 nmio
2313 3348 2354 3379 se:

1283 3399 1340 3421 cun
1360 3399 1389 3420 0.

1289 3551 1348 3588 Ad
1368 3556 1483 3600 Papam
1508 3548 1740 3596 Gratulatori'a,
1757 3553 1848 3600 sitper
1871 3554 1980 3598 negotio
2007 3552 2251 3583 Clznonizationis
2274 3549 2358 3583 Th0-‘

1575 3613 1626 3635 mae
1648 3601 1684 3634 de
1708 3603 1860 3647 Camilupo
1884 3601 2065 3646 ressitscitato.

1291 3687 1401 3750 PAP
1411 3686 1453 3717 AE
1471 3686 1535 3718 Rex
1549 3687 1650 3717 devota
1665 3686 1771 3724 pedum
1786 3685 1881 3716 oscula
1896 3685 2057 3715 beatorum.

1380 3726 1495 3756 Rumor
1515 3725 1645 3764 jocosus,
1670 3724 1769 3754 nostris
1785 3724 1898 3754 auribus
1917 3734 2004 3761 nuper
2025 3722 2144 3761 delatus,
2170 3723 2249 3762 quod
2269 3733 2361 3761 nego-

1290 3766 1365 3796 tium
1382 3764 1614 3794 Canonizationis
1632 3763 1789 3792 defideratae
1803 3785 1812 3800 ,
1838 3761 2046 3800 praetioliffimae
2069 3761 2234 3799 Margaritae
2250 3785 2258 3800 ‚
2286 3763 2359 3792 beati

1292 3803 1421 3835 Tho‘rnae
1444 3802 1480 3832 de
1504 3800 1674 3841 Cantilupo,
1699 3811 1788 3838 nuper
1811 3800 1946 3831 Antistiiis
1969 3800 2197 3839 Herefordensis,
2216 3801 2286 3831 terra
2306 3811 2359 3838 op-
2381 3825 2400 3847 E

1294 3840 1393 3881 pressi,
1413 3841 1442 3869 in
1455 3839 1556 3870 vestrae
1571 3839 1727 3869 Sanctitate
1742 3838 1830 3870 Curii}
1848 3838 2018 3881 aliquamdiu
2039 3840 2201 3870 ventilatum
2210 3862 2226 3883 ³.
2243 3840 2362 3882 receptis
2383 3830 2453 3886 ιζ’-37721
2494 3855 2516 3866 Ι,

1295 3879 1396 3911 nostris
1419 3878 1528 3912 Litteris
1543 3877 1752 3916 deprecatoriis,
1771 3878 1874 3908 resumi
1896 3877 2015 3916 fecistis,
2032 3877 2162 3908 nostrum
2182 3887 2309 3908 animum
2334 3887 2363 3906 in
2386 3881 2519 3924 fr.·'i.1-:.·

1297 3918 1430 3957 gaudium
1445 3916 1625 3946 vehementer
1637 3916 1773 3950 exaltavit.

1336 3957 1383 3987 De
1404 3964 1478 3994 quo,
1497 3954 1595 3984 vestire
1621 3954 1799 3993 Beatitudini,
1819 3953 1853 3984 ad
1878 3955 2032 3991 gratiarum
2054 3955 2180 3986 astiones
2201 3953 2369 3989 multiplices

1298 3995 1484 4031 assurgenteS‚
1501 3992 1643 4023 humiliter
1657 3992 1859 4038 supplicamus,
1878 3994 2003 4031 quatinus
2012 3993 2170 4033 Negotium
2187 3992 2365 4031 praedictum,

1299 4034 1398 4065 nostris
1414 4032 1557 4071 precibus,
1574 4031 1735 4070 dignemini
1751 4040 1902 4069 maturare,
1919 4033 1952 4063 &
1967 4033 2026 4063 tam
2040 4033 2189 4070 pretiosam
2197 4031 2367 4096 Lucernng

2272 4077 2301 4096 m
2343 4076 2372 4095 Β)

2380 1464 2400 1487 2*
2414 1460 2469 1495 iit,-

2400 1514 2468 1544 709·

2380 3703 2501 3736 Anus:

2400 3743 2483 3781 1318‘

2384 3787 2435 3810 An.
2457 3794 2495 3808 .i.

2391 3941 2516 3962 2.77³.1L
