2562 4279
766 171 868 212 ET
961 169 1229 212 ACTA

47 252 176 288 ArmD-
231 255 270 287 Et
289 255 356 287 idco
376 257 476 295 vobis,
495 257 528 288 &
549 256 666 288 cuilibet
687 255 817 288 vestrum
839 256 1009 296 injungimus
1024 257 1059 288 δε
1075 255 1259 292 mandamus,

65 301 140 333 1341
147 314 154 321 ·
193 297 321 333 quatinus
334 295 464 333 praefatos
481 295 635 334 Magistros
659 297 692 327 ὅ(
714 295 882 325 Marinarios
904 295 1044 325 die'tarum
1065 295 1197 324 Navium
1222 294 1258 322 de

46 335 114 362 Edv.
133 341 158 368 3·
193 334 316 372 Emona,
335 343 468 372 tanquam
488 334 591 374 Ligeos
611 336 645 365 ὃς
666 333 774 364 Fideles
794 334 924 372 nostros,
943 335 976 364 &
995 333 1030 362 ad
1051 332 1258 362 Defenfionem

192 373 349 404 Terrarum
362 373 397 403 &
406 372 520 411 Jurium
532 372 698 403 nostrorum
713 372 900 410 Coadjutores
914 372 1022 402 vestros
1033 373 1113 402 (cum
1128 370 1260 414 ipsos-vel

192 421 294 442 eorum
305 411 430 449 aliquem
444 411 478 441 ad
494 409 689 441 Distric‘tuum
703 410 863 441 vestrorum
884 409 947 440 loca
966 408 1110 439 declinare
1130 417 1260 448 contige-

193 450 241 487 rit)
257 449 448 481 favorabiliter
463 451 497 481 &
509 450 637 487 benigne
652 449 843 487 pertractetis,
1192 486 1196 491 ι
1213 486 1218 491 μ

231 488 271 520 Et
290 488 326 518 de
346 486 499 526 Negotiis,
517 487 675 518 Honorem
696 487 826 518 nostrum
845 486 878 516 &
901 484 1123 529 Commodum,
1142 485 1261 516 Utilita-

195 535 257 559 tem
271 527 305 558 &
319 526 525 556 Defenfionem
546 526 696 564 praedidia,
714 524 963 562 contingentibus,
982 524 1164 555 amicabiliter
1181 534 1263 554 com-

195 565 364 603 municetis,
383 564 598 603 Alligantiasque
611 565 644 595 &
668 563 941 595 Confoederationes
963 571 1032 592 curn
1048 564 1103 601 eis,
1123 572 1156 593 ex
1175 563 1262 594 caufis

194 602 360 642 praemiffis,
378 613 450 633 cum
470 612 581 641 tempus
603 603 686 634 fuerit
706 611 902 640 oportunum,
925 602 1038 640 ineatis,
1065 601 1198 640 firmetis,
1228 602 1262 633 ὃς

194 643 311 674 teneatis
327 642 356 671 in
370 651 514 672 eventum.

234 679 439 710 Mandavimus
453 682 530 710 enim
546 679 683 717 praefatis,
705 677 826 717 Majori,
842 677 958 717 Juratis,
978 678 1105 709 Centum
1130 679 1263 717 ParibuS,

195 728 230 749 ac
244 717 404 758 Magistris‚
424 720 457 750 ὃς
472 719 648 755 Marinariis‚
666 717 750 747 dietae
767 715 895 747 Civitatis
907 717 1011 747 nostrae
1031 717 1162 755 Baionae,
1184 718 1263 759 quod

197 756 247 795 ipfi
261 757 410 787 consimile
425 756 528 787 Foedus
542 755 693 786 vobiscum
713 756 824 794 ineant,
843 757 876 787 δε
898 755 1058 795 Alligantias
1079 757 1113 788 ὃς
1135 756 1263 787 Comoe-

195 796 354 827 derationes
366 795 486 833 faciant,
506 803 537 825 ur
551 792 593 824 est
605 792 723 823 dictum.

275 833 309 863 In
323 834 418 871 qu'us,
439 834 500 864 &c.

233 871 327 904 Teste
340 871 424 912 Rege
436 870 509 911 apud
523 869 640 900 TurrIm
655 869 790 901 London.
809 870 965 902 undecimo
977 870 1024 902 die
1037 871 1190 902 Februarii.

682 949 736 977 Per
750 946 833 988 ipsum
844 951 941 986 Regem
956 945 994 983 ὠ
1008 947 1160 978 Concilium.

320 1092 370 1124 De
386 1088 550 1137 Magistris
566 1091 714 1125 Navium
733 1090 778 1124 ad
794 1091 960 1125 Concilium
976 1091 1144 1126 mittendis.

49 1191 128 1224 Ann.
137 1188 180 1222 D.

67 1240 157 1271 1341.

49 1273 104 1299 An.
122 1278 166 1304 15.

46 1312 186 1383 {uim

50 1389 81 1412 Ε.
93 1391 144 1421 3.p.
156 1394 165 1411 1
177 1407 183 1413 .

49 1433 86 1450 m.
103 1432 151 1459 43.

50 1462 103 1489 dor.

201 1180 326 1247 REX
351 1183 457 1253 Magori
475 1183 510 1215 &
533 1182 663 1223 Ballivis,
681 1193 713 1215 ac
726 1183 829 1215 Probis
841 1182 1020 1216 Hominibus
1033 1184 1119 1217 Villae
1133 1184 1170 1217 de
1181 1184 1272 1217 Sand-

285 1232 362 1254 wrco
420 1232 434 1252 a
446 1231 532 1253 utem.

238 1260 354 1300 Qanta
371 1246 530 1299 incendia,
548 1260 610 1292 Stra
631 1271 658 1292 es
679 1261 714 1292 &
733 1260 906 1299 Dispendia,
924 1261 958 1293 &
980 1262 1032 1293 alia
1045 1262 1126 1293 Mala
1139 1263 1173 1294 &
1189 1262 1272 1294 Faci-

201 1308 285 1338 nora,
302 1310 362 1330 non
376 1300 434 1330 fine
447 1299 588 1330 Scandalo
653 1299 824 1338 Opprobrio
838 1299 929 1331 nostri
944 1300 977 1331 &
992 1301 1077 1331 totius
1098 1301 1194 1341 Regni
1217 1312 1272 1332 no-

203 1337 249 1368 stri
264 1338 394 1377 Anghae,
413 1339 442 1368 in
454 1337 582 1369 Costeris
607 1338 715 1376 Maris,
732 1339 767 1370 &
788 1338 870 1377 alibi,
891 1337 1007 1378 Nobis,
1024 1340 1058 1370 ὃς
1080 1338 1196 1378 Populo
1218 1351 1273 1372 no-

204 1375 263 1407 stro
275 1377 397 1411 eiusdem
412 1376 513 1414 Regni
526 1376 635 1414 nostri,
653 1386 703 1415 per
718 1375 857 1407 Inimicos
871 1375 984 1407 nostros
1008 1378 1149 1416 Franci-x,
1167 1380 1202 1410 &
1222 1389 1273 1409 eo-

202 1425 266 1445 rum
282 1415 363 1446 Com
386 1416 452 1446 lices
464 1417 498 1447 &
514 1415 666 1453 Fautores,
683 1414 760 1445 idem
776 1415 914 1453 Regnum
927 1415 1059 1446 nostrum
1071 1417 1168 1455 smptus
1183 1418 1273 1448 hosti-

203 1454 265 1484 Iirer
279 1426 471 1493 aggredientes
480 1476 489 1491 ,
504 1453 641 1484 hazitenus
653 1462 824 1492 evenerunt,
842 1464 896 1484 vos
908 1454 1051 1485 credimus
1068 1465 1128 1485 non
1141 1455 1243 1494 latere,

242 1491 390 1523 Peniantes
410 1492 491 1530 quod
507 1515 517 1530 ,
544 1493 564 1522 si
585 1492 667 1523 Flota
687 1492 820 1523 Navium
838 1491 1001 1523 nostrarum
1017 1517 1026 1530 ,
1051 1501 1182 1532 tempore
1202 1505 1276 1525 con-

205 1540 296 1569 gruo,
311 1532 389 1569 quta
403 1530 540 1562 Mandata
553 1530 648 1561 nostra
662 1532 696 1563 &
713 1530 917 1562 Ordinationes
931 1531 998 1561 inde
1023 1531 1125 1571 saetas,
1143 1542 1276 1573 prompta

205 1571 240 1601 &
269 1570 377 1600 munita
390 1593 400 1607 ,
432 1569 548 1602 Floram
577 1569 712 1602 Navium
735 1569 883 1600 diffitorum
901 1568 1092 1600 Inimicorum
1113 1571 1275 1602 nostrorum

204 1607 400 1646 praevenisset,
425 1607 588 1645 huiusmodi
608 1607 760 1647 Incendia,
786 1608 896 1648 Strages
921 1609 955 1640 &
975 1607 1130 1648 Facinora,
1156 1609 1204 1640 seu
1225 1610 1277 1641 alia

205 1646 301 1684 Mala,
319 1647 409 1678 taliter
422 1646 495 1677 faeta
508 1648 542 1679 δε
558 1646 630 1678 illata
644 1657 704 1677 non
720 1646 844 1678 fuiffent.

247 1684 382 1717 Volentes
410 1684 492 1724 igitur
523 1684 609 1716 Malis
635 1686 670 1716 &
689 1684 824 1716 Periculis
847 1692 949 1716 contra
966 1684 1116 1715 instantem
1140 1684 1277 1716 Sesonam

209 1722 399 1762 AEstivalem,
416 1734 471 1762 pro
492 1723 618 1754 Honore
639 1723 753 1762 nostro,
772 1734 805 1754 ac
824 1722 989 1753 Communi
1012 1723 1031 1743 ’¹‘
1053 1723 1186 1755 Utilitate
1206 1723 1277 1755 dieti

207 1762 305 1801 Regni
316 1762 423 1800 nostri,
442 1761 657 1801 conservandis,
676 1772 731 1800 pro
746 1762 853 1792 viribus
866 1771 1044 1800 praecavere,

246 1801 340 1832 Vobis
356 1799 541 1839 mandamus,
556 1799 674 1830 firmiter
694 1800 886 1838 injunffentes,
905 1800 987 1838 quod
1005 1810 1108 1831 omnes
1131 1799 1279 1832 Dominos

207 1840 242 1871 &
260 1838 415 1879 Magistros
434 1839 586 1877 Navium,
603 1838 750 1877 Sexaginta
773 1824 861 1869 Dolia
883 1839 917 1870 &
941 1838 1011 1870 ultra
1027 1838 1226 1878 Portantium‚
1245 1851 1278 1871 ac

206 1876 375 1918 Bargearum
391 1878 425 1908 &
439 1878 615 1916 Fluvorum,
632 1877 702 1907 infra
716 1876 851 1908 Ballivam
866 1876 1006 1915 vestram,
1027 1887 1061 1907 ex
1083 1886 1161 1915 parte
1181 1878 1279 1910 nostra

208 1917 393 1954 praemuniri,
413 1917 447 1947 &
467 1917 505 1946 eis
526 1916 634 1955 injungi
657 1916 776 1953 faciam,
796 1914 878 1954 quod
890 1925 994 1946 omnes
1009 1915 1128 1954 Naves,
1145 1915 1280 1957 Bargeas,

208 1955 243 1986 δί
255 1955 278 1985 F
280 1954 362 1986 luvos
374 1954 552 1993 hujusmodi,
570 1955 607 1985 de
619 1954 734 1985 Guerra
748 1955 837 1994 parari
850 1955 884 1985 ὃς
900 1955 1007 1985 muniri
1021 1954 1140 1995 faciant,
1158 1956 1192 1986 &
1216 1966 1261 1987 eas
1272 1979 1282 1995 ,

209 1992 249 2024 fic
268 2002 373 2032 paratas
391 1994 425 2024 &
447 1993 620 2024 sufficienter
641 1993 778 2031 munitas,
796 1992 917 2023 habeant
936 1994 966 2023 in
986 1992 1077 2024 Portu
1091 1993 1229 2031 praediCto
1250 1997 1281 2026 in

208 2030 331 2062 Oitabss
347 2031 462 2062 Paschae
477 2032 612 2068 proxImo
626 2031 724 2062 futuris
737 2031 772 2062 ad
787 2030 920 2062 ultimum
929 2057 938 2069 ,
954 2031 1003 2062 sub
1017 2031 1194 2064 forisfad’tura
1203 2032 1282 2065 Cor-

210 2079 333 2108 porum,
351 2080 383 2100 ac
398 2069 552 2113 Navium,
571 2069 742 2107 Bargearum
755 2071 788 2102 &
812 2069 970 2102 Fluvorum
990 2070 1123 2110 suorum,
1140 2071 1175 2101 ad
1195 2072 1282 2111 profi-

211 2107 378 2139 ciscendum
398 2108 520 2145 exinde,
540 2118 568 2138 m
590 2107 758 2147 obsequium
778 2108 925 2147 nostrum,
943 2110 1022 2146 supra
1043 2108 1145 2149 Mare,
1164 2120 1218 2148 pro
1233 2111 1283 2142 de-

211 2147 339 2177 fensione
352 2146 449 2187 Regni
464 2147 571 2186 nostri,
587 2148 620 2178 ὃς
632 2147 746 2186 Jurium
761 2147 927 2178 nostrorum
948 2149 1180 2189 recuperatione,
1198 2158 1284 2189 prout

211 2187 251 2215 eis
267 2195 301 2215 ex
316 2194 393 2223 parte
406 2185 504 2216 nostra
520 2195 589 2217 tunc
604 2186 713 2224 plenius
729 2187 913 2225 injungetur,

249 2223 287 2254 Et
308 2224 512 2255 nichilominus
536 2224 622 2255 Duos
639 2224 781 2255 Homines
795 2225 831 2255 de
846 2224 923 2256 Villa
938 2224 1087 2263 praedieta,
1105 2225 1141 2256 de
1157 2225 1284 2258 Validio-

212 2263 290 2293 ribus
304 2263 337 2293 ὃς
356 2262 577 2293 Discretioribus
592 2263 771 2294 Hominibus
787 2263 910 2302 ejusdem
926 2264 1009 2294 Villae
1019 2287 1028 2301 ,
1043 2266 1156 2295 mittatis
1176 2266 1211 2297 ad
1232 2277 1285 2297 nos

212 2301 299 2340 usque
319 2300 629 2340 westmonasterium,
651 2303 686 2332 ita
707 2301 786 2340 quod
810 2302 863 2332 sint
875 2301 983 2332 ibidem
997 2302 1045 2332 die
1059 2302 1170 2342 Lunae,
1188 2307 1286 2343 proxi-

213 2350 265 2370 mo
280 2340 344 2378 post
362 2341 438 2370 diem
453 2340 641 2371 Dominicam
652 2364 661 2378 ,
679 2342 708 2370 in
723 2340 821 2371 medio
835 2340 1068 2380 Qadragefimae
1085 2344 1218 2380 proximo
1238 2344 1284 2375 fu-

211 2386 322 2416 turam,
339 2378 373 2409 ad
389 2379 602 2410 informandum
618 2379 687 2409 Nos
701 2379 735 2410 &
748 2378 916 2409 Concilium
934 2379 1065 2410 nostrum
1086 2381 1166 2418 super
1185 2382 1285 2421 aliqui—

214 2418 268 2447 bus
291 2418 497 2449 Arraiationem
520 2418 611 2448 Flotae
629 2417 776 2458 praediecae
796 2419 830 2449 ὃς
852 2417 1069 2448 Profectionem
1085 2419 1209 2458 ejusdem
1223 2430 1286 2451 tan-

215 2457 362 2495 gentibus,
381 2457 415 2488 &
437 2457 472 2488 ad
493 2457 657 2488 faciendum
678 2457 791 2487 ulterius
808 2456 887 2494 quod
902 2467 951 2494 per
965 2455 1051 2494 Nos,
1069 2459 1103 2489 &
1117 2457 1286 2491 Concilium

215 2494 364 2533 nostrum,
381 2505 436 2533 pro
449 2495 608 2534 repulsione
622 2495 767 2526 dietorum
781 2494 972 2526 Inimicorum
993 2496 1159 2527 nostrorum
1178 2498 1286 2530 ibidem

215 2532 408 2570 ordinabitur,
428 2533 498 2565 Deo
516 2533 609 2566 dante.

252 2570 316 2609 Et,
342 2572 361 2601 fi
380 2571 455 2602 forte
479 2573 604 2610 aliquem
626 2572 834 2613 Magistrorum
853 2572 989 2605 Navium
1010 2573 1170 2611 hujusmodi
1184 2598 1194 2614 ,
1219 2584 1288 2607 cum

216 2608 352 2641 Navibus
361 2610 428 2648 illis,
447 2619 481 2641 ex
494 2611 586 2648 aliqua
599 2613 710 2648 urgenti
725 2612 823 2649 causa,
839 2611 875 2642 ad
898 2612 1090 2650 quascumque
1108 2623 1199 2651 partes
1220 2625 1289 2652 pro-

215 2647 304 2679 ficisci
321 2650 490 2688 contigerit,
507 2657 577 2680 tunc
589 2648 776 2680 sufficientem
789 2650 995 2689 Securitatem,
1014 2650 1051 2681 de
1065 2651 1199 2683 Navibus
1220 2654 1289 2691 illis,

215 2686 253 2717 ad
269 2686 391 2732 i’ortum
405 2687 596 2726 praedidium,
614 2689 682 2719 citra
697 2688 785 2720 dietas
800 2688 928 2719 Oe'tabas
943 2690 1171 2730 reducendis‚de
1184 2692 1289 2722 eisdem

217 2735 252 2756 ca
273 2734 342 2756 latis.

252 2735 298 2793 1iit
311 2763 382 2794 Nos
396 2763 432 2794 de
446 2763 586 2794 Numero
599 2764 730 2795 Navium
739 2787 750 2803 ,
768 2765 820 2795 Bar
840 2775 955 2805 earum,
973 2767 1008 2798 &
1021 2767 1179 2799 Fluvorum
1195 2769 1291 2808 hujus-

220 2801 302 2832 modi
333 2802 405 2832 infra
429 2800 535 2832 Villam
556 2802 741 2840 praedictam,
759 2812 792 2833 ac
833 2814 850 2834 e
869 2804 1053 2836 Nominibus
1063 2806 1198 2845 illorum,
1218 2818 1291 2846 quo-

219 2849 284 2870 rum
298 2825 417 2877 suerint,
435 2841 519 2871 nobis
532 2850 582 2878 per
596 2840 689 2871 dietus
704 2841 852 2873 Homines
865 2843 900 2874 &
918 2842 1026 2874 Literas
1039 2844 1144 2876 vestras
1156 2845 1292 2877 distinete

218 2878 255 2909 &
270 2880 365 2915 aperte
380 2878 550 2909 certificetis.

257 2915 347 2947 Teste
362 2916 446 2956 Rege
457 2916 531 2956 apud
543 2916 854 2957 westmonasterium,
872 2918 1051 2952 duodecimo
1064 2919 1110 2952 die
1122 2921 1276 2954 Februarii.

53 1719 73 1754 ἢ
86 1723 188 1760 V.232.

700 3005 753 3032 Per
770 3001 852 3042 ipsum
869 3006 966 3042 Regem
979 3003 1018 3040 &¹
1033 3006 1187 3038 Concilium.

259 3076 429 3109 Confimilia
441 3077 540 3110 Brevia
550 3078 709 3116 diriguntur
723 3079 882 3119 Majoribus
890 3105 900 3119 ,
918 3080 1030 3113 Ballivis
1038 3105 1048 3121 ,
1062 3082 1096 3114 &
1108 3081 1210 3114 Probis
1223 3083 1292 3114 Ho-

223 3116 348 3145 minibus
363 3115 504 3147 Villarum
518 3117 747 3157 subscriptarum,
766 3120 880 3150 mutatis
905 3121 1063 3159 mutandis,
1081 3131 1150 3153 cum
1171 3132 1292 3153 numero

223 3153 398 3193 subscripto,
415 3156 465 3186 sub
480 3156 583 3187 eadem
595 3156 674 3196 data,
693 3158 843 3197 videlicet,

223 3231 340 3266 Magnae
367 3229 538 3269 Jernemuth
570 3234 602 3264 de
630 3233 741 3265 Duobus
779 3234 926 3274 Kingeston
933 3235 1015 3275 super
1030 3235 1105 3267 Hull
1115 3237 1148 3267 de
1160 3236 1292 3277 Duobus,

262 3269 444 3308 Hominibus,
779 3277 824 3304 De
845 3273 923 3303 Villa
945 3277 1026 3304 Novi
1047 3275 1224 3316 Castrificper
1238 3279 1291 3318 ᾘ-

224 3306 359 3347 Gofi’fiird
367 3308 399 3337 de
415 3308 547 3348 Duobus,
814 3323 879 3342 nam
896 3313 928 3342 de
941 3313 1051 3343 Duobus
1060 3338 1071 3354 ‚

226 3348 317 3376 Lenn.
333 3346 365 3375 de
383 3346 494 3376 Duobus
503 3370 513 3385 ,
778 3350 923 3381 Fulemuth
934 3352 966 3381 de
986 3355 1044 3383 Uno
1052 3376 1062 3392 ,

226 3387 389 3428 Gippewicqe
405 3386 437 3415 de
450 3387 509 3415 Uno
517 3408 527 3424 ,
778 3389 900 3428 Pevense
913 3391 944 3419 de
957 3393 1032 3431 Uno,

225 3424 269 3452 W
269 3422 379 3463 inchelse
394 3424 426 3453 de
437 3424 566 3462 Duobus,

225 3463 349 3490 Dovorr.
369 3461 400 3491 de
411 3464 485 3500 Uno,

225 3501 281 3538 Rye
293 3500 324 3529 de
336 3502 394 3530 Uno
403 3523 412 3538 ,

224 3537 371 3578 Hastinges
383 3539 414 3568 de
428 3540 488 3568 Uno
496 3561 506 3577 ,

223 3576 404 3615 Suthampton
416 3577 448 3607 de
463 3576 592 3617 Duobus,

225 3614 369 3654 Plymouth
383 3616 415 3645 de
429 3615 558 3654 Duobus,

224 3654 391 3684 Dertmouth
407 3655 439 3684 de
453 3654 582 3693 Duobus,

224 3692 383 3730 Wymouth
398 3693 430 3722 de
445 3695 523 3732 Uno,

225 3730 341 3771 Bristoll
350 3732 382 3761 de
400 3731 530 3770 Duobus,

225 3770 271 3798 De
282 3771 382 3800 Sam‘lo
395 3769 530 3810 Botulpho
544 3769 577 3800 de
591 3771 667 3808 Uno,

777 3427 873 3464 Seford
884 3429 916 3457 de
933 3431 993 3458 Uno
1002 3453 1012 3468 ,

776 3464 912 3494 Shorham
925 3467 956 3495 de
974 3469 1050 3506 Uno,

777 3503 856 3533 Hoke
873 3505 904 3533 de
918 3506 994 3544 Uno,

778 3540 843 3571 Pole
854 3543 886 3571 de
898 3544 958 3572 Uno
967 3565 977 3581 ,

778 3580 908 3609 Exmuth
921 3580 953 3610 de
966 3583 1042 3620 Uno,

778 3618 943 3655 :longemuth
956 3619 989 3649 de
1001 3622 1076 3660 Uno,

778 3660 862 3696 Fowy
874 3657 906 3687 de
925 3659 1001 3696 Uno,

778 3694 932 3735 Ravensere
946 3697 979 3727 de
992 3698 1068 3736 Uno,

779 3734 880 3763 Parva
891 3733 1060 3773 Jernemuth
1073 3734 1105 3765 de
1119 3737 1186 3767 Uno.

75 3843 154 3875 Ann.
167 3841 210 3874 D.

99 3891 186 3922 1341.

73 3926 128 3950 An.
146 3930 191 3956 15.

73 3963 197 4063 ξίηξαη.
228 3997 519 4072 ΚΕέζεςὲτῐῃι-ιίὸυςᾶ
531 4003 565 4034 ad
581 4014 668 4044 quos,
683 4004 744 4036 &c.
762 4004 898 4037 Salutem.

94 4044 122 4071 5·
159 4056 165 4063 ³
183 4045 209 4074 3*
261 4073 311 4107 De
326 4043 505 4111 fidileligtgugc
519 4053 772 4122 ci‘isdmspefflone
785 4082 925 4123 provida,
939 4082 1060 4117 Nobilis
1073 4083 1136 4117 Viri
1145 4108 1156 4126 ‚
1173 4084 1291 4119 Bernar-

292 3910 341 3941 De
359 3912 395 3943 Τ
389 3910 532 3945 metando
542 3910 634 3958 super
653 3912 889 3961 Alligationibns
906 3927 976 3949 cum
993 3919 1070 3963 Rege
1092 3915 1226 3961 Castellae.

74 4082 112 4102 m.
130 4083 176 4111 ²9·

1313 150 1793 216 PUBLICA.
2322 193 2375 236 93

1298 253 1516 333 ggEtgeSDomini
1539 257 1576 288 de
1596 258 1740 299 Lebreto,
1763 259 1864 292 Fidelis
1883 260 1973 300 nostri
1997 261 2123 303 Dilee'ti,
2148 263 2249 296 intime
2270 266 2360 297 confi·
2374 263 2515 351 A1¹11314P4

1337 332 1456 371 Eidem,
1474 335 1508 364 ὅ(
1521 333 1697 372 Deputandis
1710 347 1758 374 per
1773 346 1858 376 eum,
2377 351 2442 378 Edv.
2464 360 2489 387 3.

1338 371 1383 400 Ad
1404 371 1605 415 Innovandurn
1626 377 1659 405 &
1683 375 1899 406 Resume'ndum
1918 377 2087 417 Trastatus,
2104 379 2191 419 inter,
2209 379 2361 413 Excellen-

1300 415 1359 438 tem
1381 409 1561 453 Principem,
1587 411 1751 444 Dominum
1773 414 1940 453 Alfonsum,
1967 417 2083 454 Regem
2105 416 2252 459 Castellae,
2277 419 2362 451 Con-

1299 446 1631 492 sanguineumunostrum
1654 451 1824 482 carissimum
1832 476 1842 492 ,
1862 454 1895 484 &
1917 455 2003 494 Nos,
2030 456 2108 494 super
2130 459 2234 488 mutuis
2256 459 2362 498 Alliga-

1303 488 1426 516 tlonrbus
1442 487 1572 518 faeiendis
1587 489 1696 526 pridem
1713 491 1878 530 inchoatos,

1340 524 1385 554 Ac
1409 525 1489 563 super
1508 526 1544 556 Li
1565 528 1584 557 is
1604 528 1637 558 &
1661 528 1963 562 Confoederationibus
1986 531 2144 571 hujusmodi
2165 534 2363 568 Tractandum

1303 562 1337 594 &
1353 562 1530 594 Concordan
1553 575 1600 596 um
1611 590 1620 603 ,

1339 600 1379 645 Et
1394 611 1443 641 ea,
1461 612 1525 640 quae
1539 604 1577 634 fic
1591 604 1722 635 Tractata
1736 606 1770 637 &
1783 604 1969 639 Concordata
1979 609 2101 648 fuerint,
2120 610 2302 651 qudcumque
2316 612 2364 644 fir-

1304 647 1401 671 mitate
1412 641 1573 672 vallandum

1306 678 1489 756 gaffituglos,
1506 681 1541 711 ὃς
1559 664 1695 711 Haeredes
1717 682 1846 722 nostros,
1871 683 1906 714 ad
1924 694 2024 716 eorum
2046 686 2271 720 observationem
2291 688 2367 720 obli-

1437 741 1446 756 ³

1306 801 1317 825 t
1335 756 1477 824 sijltssznam,
1494 764 1594 788 tenore
1607 757 1805 798 praesentium,
1823 760 2010 793 concedimus
2023 763 2056 794 ὅ(
2079 765 2290 796 committimus
2309 765 2368 797 Po-

1318 804 1334 824 e
1360 803 1452 832 atem;

1347 832 1546 865 Promittentes
1561 844 1614 873 pro
1626 834 1739 874 NobiS,
1758 836 1792 867 &
1806 836 1977 868 Haeredibus
1999 839 2117 878 nostris,
2135 851 2187 872 nos
2205 842 2314 874 Rarum
2335 843 2369 874 &

1310 871 1451 911 Gratum,
1470 873 1489 892 ³*
1511 874 1652 912 perpetuis
1669 875 1859 913 temporibus,
1879 876 2019 907 habituros
2041 881 2176 917 quicquid
2199 890 2248 918 per
2271 882 2370 920 praedi·
2387 894 2441 923 *v
2455 904 2469 922 2
2493 898 2519 913 ‚⁷

1310 910 1390 941 ctum
1402 911 1634 950 Bernardettum,
1649 912 1693 943 vel
1708 914 1744 943 ab
1759 913 1817 951 ipso
1832 913 2035 954 Deputandos,
2048 916 2227 957 Adtum,vel
2240 919 2368 952 Gestum
2445 916 2452 923 “
2475 903 2519 932 3²⁴

1310 948 1399 1018 fueriti
1406 951 1435 980 in
1448 950 1610 1020 praemigs,
1628 952 1662 983 &
1674 951 1802 990 quolibet
1814 953 2033 990 praemifforum.

1401 999 1420 1018 n
1436 998 1530 1027 cujuS,
1585 999 1611 1020 c.

1349 1026 1419 1058 Dat.
1435 1027 1509 1065 apud
1523 1028 1642 1058 Turrim
1657 1027 1782 1059 nostram
1796 1028 1934 1061 London.
1953 1030 2127 1062 duodecimo
2141 1031 2188 1062 die
2203 1033 2352 1065 Februarii.

1345 1153 1395 1185 De
1411 1149 1585 1184 Trastando
1603 1162 1672 1183 cum
1689 1149 1817 1198 Regibus
1833 1155 1992 1201 Aragoniae
2010 1159 2046 1194 ᾤ’
2073 1134 2304 1203 Majoricarum
2318 1142 2365 1191 de.

1469 1198 1589 1232 Foedere
1597 1209 1734 1246 perpetuo
1749 1210 1852 1233 contra
1870 1202 2038 1250 Philippum
2052 1204 2088 1238 de
2103 1207 2225 1250 Valcfio.

1318 1283 1437 1342 REX
1452 1283 1613 1322 Omnibus,
1630 1284 1664 1314 ad
1679 1294 1768 1324 quos,
1786 1286 1847 1318 &c.
1865 1286 1999 1318 Salutem.
2394 1305 2463 1337 Am
2487 1306 2521 1337 D

1413 1323 1510 1353 Sciatis
1527 1323 1608 1361 quod
1624 1323 1710 1363 Nos,
2467 1329 2474 1336 '
2523 1328 2530 1336 ‘

1357 1360 1407 1391 De
1427 1360 1559 1392 fidelitate
1577 1362 1611 1393 &
1631 1362 1885 1401 circumspectione
1908 1364 2046 1403 providi,
2064 1364 2186 1396 Nobilis
2200 1366 2281 1405 Viri,
2296 1366 2380 1407 Rey-
2399 1355 2504 1413 Jn3411'

1319 1399 1421 1468 gnundi
1443 1399 1587 1439 Cornelii,
1607 1400 1707 1432 Fidelis
1729 1402 1818 1432 nostri
1838 1402 2000 1442 perdilecti,
2018 1404 2118 1435 intime
2132 1404 2324 1444 confidentes,
2343 1408 2383 1437 ei—
2402 1428 2422 1452 E
2445 1407 2465 1460 '3
2489 1393 2506 1420 5
2507 1407 2527 1429 κ

1339 1448 1403 1475 em,
2425 1446 2440 1468 '-
2473 1445 2478 1450 “

1358 1475 1404 1506 Ad
1426 1475 1627 1508 Traecandum
1650 1478 1683 1509 ὃς
1701 1477 1950 1510 Concordandum
1965 1490 2052 1518 cum,
2071 1479 2124 1512 Ma
2145 1480 2234 1512 nificis
2246 1481 2385 1521 Principi-
2404 1463 2508 1491 lbmem'

1319 1516 1390 1553 bus,
1408 1514 1546 1545 Dominis
1658 1516 1809 1556 Aragoniae
1829 1520 1862 1549 ὃς
1879 1518 2103 1558 Majoricarum,
2154 1520 2251 1559 egibus
2269 1519 2386 1552 Illustri-

1319 1555 1390 1592 bus,
1407 1562 1440 1584 ac
1455 1554 1599 1591 spectabili
1612 1554 1722 1585 Infante
1735 1555 1856 1587 Comite
1869 1557 2014 1596 Urglum,
2032 1557 2114 1595 super
2130 1558 2203 1598 Liga
2218 1559 2253 1590 δε
2273 1559 2386 1590 Amici-

1321 1591 1361 1622 tia
1376 1591 1528 1632 perpetua,
1543 1594 1615 1622 inter
1628 1592 1721 1629 digitos
1738 1594 1832 1633 Reges
1847 1605 1879 1626 ac
1895 1595 2044 1627 Comitem
2059 1598 2093 1628 &
2107 1596 2189 1635 Nos,
2208 1606 2310 1629 contra
2318 1598 2386 1629 Phi-

1321 1630 1432 1668 lippum
1446 1629 1482 1660 de
1498 1630 1609 1660 Valefio
1620 1631 1743 1662 ineunda
1752 1654 1761 1670 ‚

1361 1668 1459 1738 Ethea,
1479 1678 1544 1707 quae
1558 1668 1596 1699 fic
1611 1668 1796 1701 Concordata
1819 1670 1940 1711 fuerint,
1958 1672 2140 1711 quacumque
2161 1673 2307 1706 securitate
2328 1675 2388 1705 Fir-

1322 1717 1390 1738 man
1421 1717 1481 1745 un,

1360 1745 1400 1815 ΕΞ
1417 1745 1501 1784 Nos,
1517 1745 1551 1777 δε
1571 1745 1710 1777 Haeredes
1731 1746 1863 1786 nostros,
1879 1747 1915 1778 ad
1929 1757 2032 1779 eorum
2046 1748 2285 1782 observationem
2305 1751 2392 1784 Obli-

1323 1794 1380 1823 gcm
1403 1794 1469 1823 um,

1354 1821 1500 1892 {lemma
1519 1831 1618 1854 tenore
1632 1823 1831 1862 praesentium,
1850 1824 2038 1856 concedimus
2049 1825 2085 1857 &
2107 1827 2315 1859 committimus
2334 1828 2394 1860 Po-

1323 1869 1352 1892 te
1378 1871 1468 1893 atem:

1361 1900 1563 1931 Promittentes
1577 1910 1630 1938 pro
1645 1900 1760 1939 Nobis,
1778 1901 1811 1932 δε
1826 1900 1996 1931 Haeredibus
2017 1901 2134 1940 nostris,
2153 1911 2207 1934 nos
2228 1904 2338 1935 Ratum
2359 1905 2394 1937 δε

1325 1939 1448 1970 Gratum
1459 1961 1469 1977 ,
1487 1940 1624 1977 perpetuis
1638 1940 1830 1977 temporibus,
1846 1940 1988 1970 habituros
2002 1940 2140 1979 quicquid
2154 1952 2206 1979 per
2223 1943 2396 1981 praedirstum

1324 1977 1534 2017 Reymundum
1555 1978 1682 2016 Adium,
1700 1977 1746 2009 vel
1769 1977 1912 2017 Gestum,
1930 1979 2013 2010 fuerit
2028 1979 2057 2009 in
2070 1979 2233 2019 praemiffis,
2250 1981 2285 2013 ὃ(
2300 1981 2395 2020 quoli-

1325 2017 1375 2047 bet
1390 2015 1608 2053 praemissorum.

1361 2054 1431 2086 Dat.
1449 2053 1524 2093 apud
1540 2054 1659 2085 Turrim
1675 2054 1813 2086 London.
1832 2054 2009 2087 duodecimo
2021 2055 2068 2086 die
2081 2056 2232 2088 Februarii.

1590 2177 1834 2212 Memorandum
1851 2177 1887 2212 de
1903 2179 2008 2225 Stgillo
2027 2181 2128 2226 Regis.

1328 2263 1406 2325 M
1415 2263 1439 2294 E
1449 2271 1476 2293 M
1484 2274 1504 2294 ο
1513 2272 1537 2294 R
1547 2273 1566 2294 Α
1577 2272 1600 2294 Ν
1609 2272 1660 2294 DU
1670 2271 1698 2294 Μ
1722 2263 1810 2304 quod,
1828 2264 1871 2294 die
1885 2267 2032 2302 Mercurii,
2050 2268 2079 2295 in
2101 2263 2175 2304 Festo
2190 2266 2285 2295 sancii
2297 2263 2396 2296 Valen·
2416 2269 2492 2302 Ann,
2503 2269 2546 2301 D,

1423 2305 1477 2332 tini
1498 2306 1648 2341 Martii-is,
1667 2302 1809 2342 videlicet,
1831 2302 2040 2342 Qartodecimo
2061 2304 2104 2333 die
2125 2303 2282 2342 Februarii,
2301 2307 2397 2334 Domi-
2441 2318 2527 2350 1341,

1329 2352 1381 2371 nus
1399 2341 1531 2371 Robertus
1554 2342 1586 2370 de
1608 2340 1787 2379 Burghcher,
1817 2340 2001 2371 Cancellarius
2014 2365 2024 2380 ,
2055 2341 2153 2381 receffit
2175 2342 2207 2372 de
2228 2342 2373 2373 Londonid
2385 2367 2395 2381 ,
2413 2353 2464 2378 An,
2485 2359 2493 2376 ι
2499 2357 2528 2385 5.

1331 2379 1427 2426 ‘uersus
1440 2383 1588 2410 Dominum
1605 2382 1718 2418 Regem,
1735 2380 1774 2410 ad
1780 2387 1876 2418 partes
1891 2382 2034 2420 Norwici,
2050 2381 2084 2411 de
2094 2381 2234 2411 Mandata
2248 2380 2324 2422 ipfius
2343 2384 2399 2411 Re·
2413 2393 2440 2416 E.
2462 2397 2487 2425 3,

1327 2429 1405 2486 glsli’t
1420 2455 1519 2496 dimifit
1537 2459 1673 2494 Magnum
1685 2456 1807 2494 Sigillum
1821 2457 1887 2486 dicti
1901 2460 2013 2487 Domini
2025 2460 2103 2494 Regis
2115 2460 2145 2488 iu
2159 2457 2280 2497 Hospitio
2293 2458 2400 2498 Epcfio-
2412 2427 2547 2502 gagis,

1325 2498 1356 2534 pi
1379 2495 1587 2534 Wigorrzieufis,
1606 2502 1690 2524 extra
1711 2499 1833 2525 Barram
1858 2497 1938 2525 Novi
1958 2495 2057 2535 Templi
2078 2497 2245 2535 Londoniae,
2260 2495 2307 2526 ubi
2328 2498 2397 2527 idem
2415 2514 2452 2532 m,
2467 2514 2515 2540 44,

1330 2533 1516 2564 cancellarius
1526 2531 1716 2572 hospitabatur
1724 2558 1733 2572 ,
1752 2537 1780 2563 in
1795 2532 1922 2573 Custodia
1936 2533 2043 2564 Thomae
2056 2535 2089 2564 de
2104 2534 2294 2574 Pardilhowe,
2302 2535 2399 2567 Clerici
2411 2543 2465 2571 dor„

1331 2572 1408 2613 ipfius
1430 2572 1624 2610 Cancellariae,
1642 2576 1671 2601 in
1691 2573 1779 2602 eodem
1799 2574 1920 2612 Hospitio
1932 2571 1986 2612 ficb
2007 2572 2105 2610 sigillis
2118 2576 2309 2613 Dominorum,
2327 2574 2398 2605 1⁷20-

1332 2622 1384 2640 mae
1394 2611 1426 2640 de
1441 2609 1578 2650 Evefham
1594 2610 1712 2649 Custodis
1725 2609 1882 2640 Rotulorum
1899 2610 2074 2641 Cancellariae
2086 2611 2164 2652 ipfius
2177 2615 2288 2642 Domini
2301 2615 2399 2652 Regis,
2412 2640 2415 2645 ,

1333 2648 1371 2684 &⁴
1386 2653 1414 2678 T
1409 2649 1492 2679 homae
1504 2651 1536 2679 de
1550 2652 1674 2689 Brayton
1691 2649 1786 2678 Clerici
1799 2647 1912 2688 ejusa'em
1927 2649 2119 2688 Cancellariae,
2132 2648 2210 2690 usque
2223 2651 2263 2680 ad
2273 2652 2402 2682 Reditum

1333 2688 1410 2728 ipfius
1424 2687 1587 2717 Cancellarii
1603 2687 1815 2727 custodiendum,

1372 2728 1498 2767 Idemque
1514 2726 1629 2756 Thomas
1643 2727 1675 2755 de
1690 2725 1862 2764 Pardifhowe
1875 2726 1976 2756 dilium
1991 2724 2111 2763 Sigillum
2125 2729 2155 2756 in
2169 2725 2262 2766 Burfii
2271 2750 2280 2765 ,
2301 2730 2331 2757 in
2343 2728 2400 2768 qua*

1335 2772 1402 2794 erat
1420 2764 1565 2804 inclusum,
1583 2763 1673 2802 Sigillo
1693 2765 1758 2794 dicti
1779 2763 1942 2794 Cancellarii
1962 2764 2131 2804 consignati,
2148 2764 2228 2805 usque
2246 2764 2400 2805 Hospitium

1335 2804 1527 2870 distilDomini
1541 2803 1648 2833 Thomae
1659 2803 1690 2833 de
1702 2801 1840 2838 Evesham
1848 2826 1858 2841 ,
1870 2804 1958 2833 eodem
1971 2803 2013 2832 die
2028 2806 2161 2833 Mercurii
2167 2803 2226 2844 post
2238 2805 2401 2844 Prandium,

1335 2843 1401 2872 detu
1413 2846 1437 2871 it

1373 2882 1417 2909 Et
1436 2865 1534 2919 iidem,
1552 2878 1668 2909 Thomas
1685 2878 1717 2908 de
1739 2877 1876 2918 Evefham
1890 2877 1929 2914 ὠ·
1944 2878 2058 2909 Thomas
2071 2880 2105 2910 de
2119 2883 2262 2921 Brayton,
2279 2880 2401 2919 Sigillum

1336 2917 1409 2948 illud
1419 2922 1534 2957 aperiri,
1553 2917 1591 2952 όν
1605 2927 1688 2947 unum
1702 2920 1794 2948 Breve
1807 2917 1918 2948 tantum
1925 2925 1976 2957 pro
1988 2921 2058 2956 Rege
2070 2925 2135 2948 tunc
2149 2919 2261 2958 ibidem,
2279 2919 2318 2954 ό
2326 2919 2401 2959 pasl-

1336 2958 1441 2987 modum
1463 2958 1505 2986 die
1523 2956 1625 2995 Jovis,
1637 2956 1763 2994 proximo
1794 2960 1915 2996 equenti,
1933 2960 2021 2987 omnia
2041 2960 2150 2988 Brevia
2171 2958 2202 2988 de
2217 2957 2316 2997 Cursu,
2333 2965 2400 2990 tunc

1336 2995 1529 3036 confignanda,
1544 2994 1607 3024 inde
1622 2995 1697 3033 apud
1709 2997 1758 3024 We
1781 2994 1966 3034 monasterium
1979 2994 2257 3036 confignarifhcerunt

1375 3037 1416 3063 Et
1426 3033 1589 3074 postmodum
1603 3033 1644 3062 die
1658 3032 1775 3063 sabbati
1790 3037 1818 3062 in
1826 3033 1918 3072 primii
1933 3034 2087 3073 Septimami
2103 3034 2255 3073 Qaa'rage
2265 3045 2324 3064 zmae
2331 3041 2398 3073 pro-

1335 3076 1411 3141 Zigzo
1424 3072 1566 3141 {quen}j,
1583 3070 1895 3140 videlicZZTetZoffle
1919 3075 2038 3140 IZagtii,
2057 3076 2125 3102 circa
2148 3076 2254 3103 Horam
2266 3075 2398 3113 Nonam,

1354 3123 1363 3140 ι
1393 3122 1422 3140 us
1459 3122 1477 3140 a
1510 3123 1523 3140 e
1545 3121 1620 3139 artus
1635 3122 1653 3139 a
1671 3121 1688 3139 u
1750 3121 1782 3140 on
1816 3121 1892 3140 mam
1906 3122 1934 3140 re
1953 3123 1972 3140 n
1993 3135 2002 3147 ,

1374 3152 1416 3179 Et
1424 3123 1542 3189 statniin,
1555 3148 1612 3188 post
1626 3118 1794 3187 Pfandium,
1811 3149 1912 3178 ditft'um
1927 3148 2047 3186 Sigillum
2062 3151 2090 3178 in
2105 3151 2240 3187 Magnam
2248 3152 2399 3189 Camerasn,

1335 3190 1365 3218 in
1387 3188 1508 3227 Hospitio
1522 3188 1667 3225 praedillo,
1686 3188 1766 3227 adse
1781 3195 1831 3226 per
1848 3188 2006 3225 praediclum
2024 3186 2151 3217 Thomam
2171 3189 2203 3218 de
2226 3189 2398 3227 Pardffhowe

1336 3227 1368 3256 de
1382 3221 1454 3265 erri,
1472 3225 1510 3261 ὠ·
1524 3225 1593 3255 illud
1604 3236 1621 3254 a
1637 3225 1727 3264 Bursa
1734 3225 1869 3263 praea'ii‘la‘
1878 3250 1886 3265 ,
1905 3229 1933 3254 in
1950 3225 2004 3265 quei
2011 3224 2065 3265 stab
2079 3225 2179 3263 Sigillis
2188 3227 2396 3266 praedic‘lorum,

1333 3267 1362 3295 T
1376 3277 1440 3295 omae
1461 3267 1492 3295 de
1512 3262 1650 3303 Evtssaam
1668 3261 1707 3299 ὠ
1722 3264 1829 3294 Thomae
1845 3264 1876 3293 de
1890 3266 2028 3302 Brayton,
2046 3263 2173 3304 incluficm
2186 3271 2266 3303 erat,
2283 3265 2396 3297 extrahi

1334 3302 1374 3340 &
1390 3307 1508 3344 aperiri,
1528 3301 1566 3338 (ἔγ
1580 3305 1688 3332 Brevia
1699 3302 1762 3332 inde
1774 3302 1871 3333 ibidem
1884 3302 2030 3342 confignari
2038 3302 2118 3343 fecit.

1420 3429 1468 3460 De
1485 3425 1587 3472 Officio
1604 3423 1735 3469 Custodis
1752 3425 1930 3459 Rotulorum
1950 3425 2135 3458 Cancellariae
2151 3425 2307 3471 commisso-

1334 3511 1568 3572 MEMORAN
1574 3519 1648 3541 DUM
1662 3510 1751 3550 quod,
1771 3511 1813 3540 die
1827 3508 2073 3549 Jovis‚'Vicefimo
2083 3513 2168 3548 primo
2181 3509 2222 3539 die
2236 3510 2395 3550 Februarii,
2411 3529 2478 3562 ΑΠῃ
2503 3530 2545 3563 D,

1431 3553 1562 3580 Dominus
1585 3549 1668 3588 noster
1688 3552 1763 3586 Rex,
1780 3548 1855 3586 apud
1872 3547 2006 3587 Woa'estok
2027 3556 2091 3577 tunc
2103 3547 2234 3587 existens,
2252 3551 2281 3578 in
2293 3552 2395 3588 magud
2481 3555 2488 3561 '
2538 3554 2546 3567 ²

1334 3587 1450 3618 Camerti
1457 3588 1530 3627 sicci,
1546 3589 1630 3626 juxta
1646 3587 1782 3625 Capellam
1790 3590 1952 3626 privatam,
1970 3587 2014 3616 ubi
2029 3586 2171 3617 Concilium
2177 3589 2258 3626 suum
2269 3595 2335 3620 tunc
2347 3600 2396 3620 ex·
2410 3579 2519 3637 A¹34¹L

1335 3630 1415 3666 titit,
1434 3630 1463 3656 in
1475 3626 1624 3667 praesentiti
1638 3629 1829 3663 Dominarum,
2438 3620 2463 3637 ⁷²·
2498 3619 2525 3645 5·

2410 3652 2441 3675 Ε.
2464 3657 2489 3684 3.

1371 3701 1524 3733 Willielmi
1539 3701 1575 3746 de
1587 3701 1693 3743 Monte
1711 3701 1823 3748 Aemo,
1842 3700 1960 3744 Sarum,
2409 3685 2546 3761 ἓίῖξᾞ

1334 3740 1549 3810 σοξιςίέὶὲὺεῐῑι
1562 3740 1598 3770 de
1612 3740 1725 3771 Ustord
1739 3738 1903 3776 buflolcrae‚
2406 3772 2441 3789 m.
2460 3771 2505 3797 34·

2410 3801 2472 3836 dors.

1372 3818 1498 3853 Roberti
1510 3816 1546 3848 de
1560 3816 1739 3856 Burghcher,
1756 3814 1922 3846 Cancellarii
1936 3815 2017 3853 ipsius
2034 3814 2158 3846 Domini
2171 3815 2200 3846 R
2237 3817 2276 3856 is,

2234 3856 2253 3886 li
2272 3856 2394 3895 ejusdem
2414 3874 2433 3893 ,ε
2445 3876 2548 3911 γης·

1373 3857 1392 3876 *
1412 3856 1450 3887 Et
1470 3856 1619 3886 Willielmi
1642 3854 1678 3886 de
1701 3854 1855 3894 Kssdesby,
1880 3853 2017 3885 Custodis
2036 3853 2140 3886 Privati
2161 3855 2191 3886 Si
2215 3857 2219 3861 ’

1408 3894 1534 3925 Domini
1548 3894 1651 3933 Regis,

1339 4013 1347 4019 -
1370 3971 1422 4018 ᾈι·
1442 3970 1557 4001 aliorum
1569 3968 1793 4016 quamplurium,
1816 3968 1877 3999 tam
1896 3968 2053 4009 Nobilium,
2077 3968 2160 4011 quam
2181 3970 2311 4010 aliorum,
2334 3978 2397 4001 tunc

1335 4009 1646 4088 ‘bIZZZthSIblgffrlnueZt’o
1662 4046 1819 4087 aMagistro
1831 4045 1964 4085 Johanne
1981 4047 2013 4077 de
2027 4046 2160 4088 Thoresby
2167 4071 2178 4086 ,
2195 4048 2226 4077 de
2240 4045 2331 4085 Officio
2345 4049 2400 4076 Cu-

1328 4086 1413 4127 stodis
1429 4087 1586 4118 Rotulorum
1602 4085 1777 4118 cancellariae
1783 4084 1907 4126 fideliter
1917 4084 2045 4125 faciendo
2058 4084 2096 4122 ό·
2111 4087 2269 4123 exercendo,

1826 4122 1865 4154 M
1889 4133 1903 4162 3
2325 4126 2404 4152 Com-
