2562 4279
51 1119 129 1150 Ann.
145 1118 185 1149 D.

73 1166 159 1195 1324.

52 1201 104 1224 An.
122 1202 163 1223 16.

52 1240 83 1262 E.
107 1245 132 1261 2.

81 1273 118 1310 sc.
141 1271 184 1299 18.

50 1315 79 1339 E.
99 1321 123 1338 2.

50 1359 85 1377 m.
106 1359 149 1376 20.

57 2120 78 2138 ὓ
101 2121 153 2147 iv.

62 2167 127 2187 ιιι.

778 152 888 193 ΕΤ
972 149 1244 191 ACTA

56 241 132 272 Ann.
147 239 190 271 D.
203 239 340 282 captionis
363 240 506 280 praedict-,e
520 263 529 279 ‚
549 242 577 271 in
591 239 686 271 eundo
699 238 793 271 versus
806 245 894 278 partes
907 235 1069 275 praedictas,
1085 243 1143 265 non
1162 241 1262 263 onere-

55 288 168 348 stiffi.

205 286 250 308 tur
266 287 296 307 in
312 278 423 317 aliquo,
440 279 485 310 seu
497 287 642 318 gravetur,

245 315 362 347 Proviso
372 318 469 356 quod,
488 320 507 348 ii
518 317 621 355 iidem,
640 320 798 346 Bertramus
813 338 822 353 ,
841 316 956 350 Petrus,
974 313 1035 344 &c.
1055 308 1262 351 Bertramusn&

203 352 351 391 Johannes
365 378 375 393 ,
397 365 464 386 cum
484 356 600 394 praefato
621 353 743 384 Comite
761 353 874 383 redeant
895 352 931 381 de
947 352 1067 387 partibus
1081 348 1238 387 supradietis
1253 369 1262 384 ,

204 392 316 423 Guerra
338 395 408 423 inter
430 404 481 424 nos
500 394 534 424 &
554 393 665 423 didium
689 391 807 428 Regem
823 391 939 420 durante
954 411 964 425 ,
982 397 1051 417 tunc
1066 386 1142 433 idem
1155 385 1264 428 Comes

203 430 239 461 de
258 431 481 471 Manucaptione
494 432 622 469 illorum,
640 431 687 470 qui
700 430 795 460 secum
807 428 939 465 redeunt,
957 427 987 455 in
1001 425 1095 456 forma
1110 424 1165 463 qua
1180 432 1265 461 prius,

203 478 343 500 oneretur.

243 507 442 539 Concessimus
452 509 536 537 etiam
547 506 625 547 quod
634 506 759 544 praediffi
767 528 777 544 ‚
795 508 974 540 Bertramus,
992 503 1090 531 Petrus
1099 524 1111 544 ,Ι
1125 501 1184 544 Sec.
1193 502 1264 528 Ber-

205 552 310 575 tramus
331 546 365 578 &
385 545 541 584 Johannes,
555 545 588 575 ad
605 554 691 585 partes
712 543 874 582 praedictas,
894 542 923 571 in
939 539 1091 570 Comitiva
1104 542 1185 579 ipiius
1201 537 1263 568 Co-

204 586 293 622 mitis,
311 594 345 614 ex
359 584 437 614 canifi
451 583 586 621 praedieia
602 606 611 621 ,
629 582 766 621 proficisci
785 579 888 618 poffint
903 602 913 618 ,
939 588 999 608 non
1020 578 1150 608 obstante
1169 577 1262 614 aliquo

204 623 336 653 mandato
355 621 453 653 nostro
473 621 549 660 quod
563 621 618 660 illi,
636 622 683 660 qui
696 620 731 649 de
745 619 890 649 Dominio
903 617 937 648 &
958 616 1097 647 Potestate
1110 615 1180 645 dieti
1202 615 1263 657 Re,-

204 662 247 700 gis
261 664 401 699 Franciae,
418 660 531 690 &infra
544 660 678 697 Regnum
692 657 822 687 nostrum
830 654 966 693 existunt,
975 655 1001 685 se
1014 655 1048 685 ad
1062 663 1149 695 partes
1157 654 1262 684 Trani-

205 701 337 766 mansas,
356 699 412 742 sine
425 697 553 767 [giccentii
565 696 660 727 nostra
670 695 795 733 speciali,
813 703 873 724 non
886 694 1033 725 divertant.

294 748 312 766 n
325 746 361 766 cu
373 747 402 766 us
468 746 494 766 c.

239 774 328 806 Teste
343 746 425 814 Rlege
438 772 509 812 apud
522 773 641 803 Turrim
655 771 816 802 Londoniae
824 795 834 811 ,
847 771 984 802 vicesimo
998 769 1121 802 secundo
1138 769 1184 800 die
1191 768 1263 799 No-

207 813 342 845 vembris.

835 850 889 879 Per
903 847 985 888 ipficm
1000 850 1104 885 Regem.

246 994 338 1035 Super
355 984 560 1029 Arrestatione
576 988 747 1019 Hominum
760 985 796 1018 de
808 982 948 1032 partibus
965 983 1109 1030 Vasconiae
1121 1008 1131 1025 ‚
1156 993 1216 1027 quae

441 1034 514 1080 fitne
532 1039 563 1068 in
582 1033 745 1068 Rebellione
761 1045 864 1068 contra
880 1037 1001 1080 Regem.

273 1122 298 1154 E
309 1121 339 1153 X
359 1121 535 1152 Vicecomiti
549 1120 724 1152 Norffolciae
737 1121 771 1152 &
786 1120 950 1157 Sufffflctae,
969 1118 1102 1150 Salutem.

321 1161 398 1229 Qia
420 1159 529 1190 Gentes
550 1159 705 1191 Civitatum
728 1160 762 1191 &
784 1159 920 1190 Villarum
944 1158 1101 1188 nostrarum
1120 1155 1155 1186 de
1168 1154 1264 1185 Terris

203 1199 302 1230 nostris
317 1222 327 1238 ,
373 1207 456 1229 ⁰enn.
480 1198 702 1236 Petragoricenfi
716 1221 726 1237 ,
745 1197 908 1229 Caturcensi
923 1219 933 1233 ,
951 1195 1088 1226 Vasatenii
1103 1217 1112 1231 ‚
1132 1193 1265 1223 Xandio-

204 1237 306 1276 niensi,
327 1238 360 1268 &
372 1222 474 1267 'snsulae
489 1237 624 1267 Oleronis
638 1238 779 1274 (exceptis
791 1236 967 1268 Hominibus
980 1233 1147 1274 Castrorum
1163 1232 1195 1262 &
1206 1231 1265 1261 Vil-

202 1276 290 1306 larum
307 1277 342 1307 de
354 1276 380 1306 la
394 1276 492 1307 Penne
506 1276 539 1306 &
555 1274 726 1314 Prunerole,
745 1275 775 1305 in
788 1273 864 1305 dieta
877 1273 970 1304 Terra
984 1272 1158 1311 Agenneniiz
1180 1271 1213 1300 ὅ(
1229 1270 1264 1300 de

203 1314 321 1346 Pomers
334 1338 344 1353 ,
370 1316 399 1345 in
420 1314 495 1345 dieta
515 1313 607 1345 Terra
625 1313 761 1344 Vasatensi
777 1336 786 1349 ‚
802 1314 835 1344 &
858 1311 950 1342 Castri
973 1311 1009 1341 de
1024 1308 1212 1346 Montandre,
1231 1310 1265 1338 &

203 1352 338 1384 Dominii
357 1352 498 1391 ejusdem)
520 1361 619 1384 contra
638 1351 707 1382 Nos
723 1353 752 1382 in
772 1350 973 1381 Rebellionem
992 1356 1195 1392 proruperunt,
1214 1346 1266 1376 Ci-

203 1394 300 1422 vitates
312 1393 346 1422 &
358 1391 441 1422 Villas
456 1390 601 1429 praedictas
610 1413 619 1429 ,
638 1389 781 1421 Gentibus
794 1388 883 1429 Regis
897 1389 1024 1419 Franciae
1039 1387 1126 1425 (hos
1139 1409 1148 1422 ,
1168 1386 1266 1428 Duca-

204 1439 266 1462 tum
290 1429 418 1461 nostrum
453 1429 616 1467 raedietum,
635 1429 668 1459 &
685 1428 818 1459 Subditos
831 1427 944 1458 nostros
965 1427 1087 1463 ibidem,
1105 1426 1140 1454 de
1154 1424 1265 1454 Guerra

203 1468 403 1506 gravantibus)
435 1467 540 1498 ubdole
555 1467 719 1505 reddendo,
737 1468 770 1499 &
787 1468 824 1497 eis
835 1475 935 1497 contra
951 1475 1004 1495 nos
1015 1463 1200 1494 adhaerendo:

239 1507 312 1538 Tibi
336 1507 514 1547 praecipimus
528 1529 538 1545 ,
563 1505 678 1536 firmiter
699 1506 872 1545 in'ungentes
885 1528 894 1542 ,
913 1504 993 1543 quiid
1009 1512 1109 1532 omnes
1123 1501 1267 1531 Homines

204 1546 238 1576 ὅ(
253 1545 427 1576 Mercatores
440 1544 476 1575 de
491 1543 660 1575 Civitatibus
674 1544 707 1575 &
752 1545 802 1574 illis
816 1543 957 1584 praedietis
973 1545 981 1573 (
992 1542 1114 1580 exceptis
1127 1539 1267 1571 Homini-

201 1585 255 1614 bus
267 1584 301 1615 ὃ(
318 1583 526 1614 Mercatoribus
540 1583 676 1615 Villarum
692 1582 833 1613 didiarum
847 1606 857 1620 ,
876 1583 910 1612 &
923 1579 1088 1611 Castrorum
1103 1578 1138 1608 de
1154 1578 1178 1607 la
1194 1577 1267 1607 Pen-

203 1633 259 1661 ne,
277 1621 429 1653 Prunerole
440 1645 449 1659 ,
466 1620 583 1652 Pomers
598 1644 608 1659 ,
625 1622 658 1652 δε
673 1621 710 1651 de
727 1620 922 1651 Mountandre
936 1621 944 1656 )
965 1627 1036 1662 quos
1050 1616 1119 1660 infra
1132 1615 1265 1659 Ballivam

201 1669 281 1693 tuam
298 1685 307 1698 ,
325 1662 385 1692 tam
399 1660 467 1691 infra
481 1659 649 1696 Libertates‚
671 1670 757 1697 quam
772 1668 848 1689 extra
861 1683 871 1697 ,
891 1657 1011 1688 inveniri
1027 1663 1194 1694 contigerit,
1213 1655 1267 1684 unii

203 1710 272 1731 curn
288 1700 372 1731 Bonis
386 1699 418 1730 &
433 1697 633 1729 Mercimoniis
648 1698 699 1727 suis
711 1698 952 1736 quibuscumque,

244 1739 397 1777 Assumptis
412 1746 507 1767 tecum
518 1736 660 1778 ,aliquibus
674 1735 850 1765 Hominibus
870 1735 905 1765 de
919 1734 1036 1765 Ducatu
1050 1732 1202 1774 praedicto,
1217 1733 1267 1770 qui

207 1787 268 1807 non
283 1777 344 1808 sunt
359 1776 395 1807 de
408 1775 576 1806 Civitatibus
590 1775 624 1805 &
639 1773 720 1804 Villis
733 1773 889 1814 praedietis,
905 1774 942 1804 sic
957 1783 1056 1804 contra
1071 1783 1141 1810 nos,
1157 1780 1188 1801 ut
1196 1782 1268 1808 prae-

204 1817 338 1854 mittitur,
354 1813 549 1851 existentibus,
568 1823 619 1852 per
632 1823 702 1853 quos
714 1822 821 1844 certam
842 1813 972 1842 notitiam
988 1811 1145 1849 hujusmodi
1161 1810 1267 1842 Homi-

204 1864 274 1884 num
289 1854 390 1884 habere
405 1853 522 1891 poteris;
539 1862 572 1883 ac
586 1852 644 1883 aliis
656 1852 678 1881 F
681 1852 797 1883 idelibus
811 1850 912 1882 nostris
925 1850 961 1881 de
980 1849 1084 1880 Balliva
1100 1849 1164 1888 tua,

242 1892 309 1923 Sine
323 1892 455 1922 dilatione
467 1891 593 1929 arestari,
608 1892 642 1922 &
657 1889 788 1930 Corpora
806 1900 907 1920 eorum
925 1890 1002 1919 salvo
1013 1912 1022 1928 ,
1039 1889 1146 1926 secure,
1165 1887 1198 1918 &
1214 1887 1268 1917 ho-

205 1929 302 1969 neste,
320 1932 353 1962 ὃς
369 1941 468 1961 eorum
484 1930 580 1969 Bona,
598 1928 698 1968 absque
712 1930 892 1961 distraetione
906 1927 1014 1966 aliqua,
1027 1926 1161 1958 custodiri
1176 1928 1268 1964 facias,

205 1968 299 2000 donec
314 1969 388 2000 aliud
403 1980 419 2000 a
433 1970 514 2000 nobis
527 1969 606 2009 super
620 1969 677 1999 hoc
688 1968 818 1999 habueris
830 1969 857 1997 in
874 1967 1018 1997 mandatis.

228 2007 382 2050 ¹Volumus
401 2017 495 2038 autem
514 2008 594 2048 quod
615 2008 651 2038 de
670 2007 755 2038 Bonis
770 2008 803 2038 &
820 2005 1002 2037 Mercandilis
1018 2004 1181 2036 Hominum
1197 2013 1268 2043 prae-

206 2044 350 2076 didiorurn
364 2069 374 2084 ,
390 2056 440 2085 per
459 2057 486 2077 te
502 2046 539 2076 sic
559 2045 770 2076 arestandorum
786 2048 865 2084 (quae
879 2045 948 2074 infra
971 2042 1123 2081 Civitates,
1143 2043 1270 2073 Liberta-

208 2083 758 2152 iffiiiffijrgeff’aff‘ssXiiffiQiffffffiffi
769 2083 1052 2152 *silssffifi‘issffigii‘i‘
1061 2083 1204 2151 23⁰⁸&AEss
1209 2082 1265 2151 'vii‘

644 2133 650 2152 l
809 2133 815 2151 l
863 2133 869 2137 '
1017 2131 1046 2150 ΗΓ
1101 2131 1117 2149 U
1256 2138 1270 2144 -

208 2132 509 2203 larum³p1·aed'teiarum
520 2170 530 2203 :—
543 2170 576 2190 ac
589 2160 625 2190 de
640 2133 821 2199 Bgnkisnffquae
835 2132 910 2190 eilstra
925 2130 1076 2197 Cn’titatesg‚
1096 2130 1217 2198 Bfflgos,
1236 2131 1269 2189 i&

210 2198 294 2228 Villas
308 2198 716 2243 Mercatorias‚invenientur)
737 2200 808 2230 inter
826 2207 872 2238 te,
887 2199 920 2229 &
935 2198 1006 2228 duos
1028 2198 1132 2235 probos
1145 2201 1178 2228 ὅ(
1195 2198 1271 2234 lega-

208 2236 253 2280 les·
262 2236 404 2269 Homines
415 2238 450 2268 de
463 2238 531 2267 locis
544 2237 612 2276 illis,
631 2238 660 2267 iri
676 2239 776 2276 quibus
789 2236 1191 2274 ficinvenientur21ndeiiturae
1198 2246 1270 2267 con-

209 2275 353 2313 sinantur,

244 2313 282 2357 Et
302 2313 382 2352 quod
401 2314 438 2344 de
459 2315 621 2345 nominibus
638 2315 771 2345 omnium
793 2316 826 2346 ὃς
848 2315 1020 2353 finguiorum
1033 2311 1190 2350 hujusmodi
1204 2311 1272 2343 Ho-

209 2361 323 2383 minum
335 2376 346 2390 ,
364 2362 412 2392 per
435 2362 464 2383 te
482 2353 519 2384 sic
538 2353 719 2384 arestatorum
734 2363 740 2383 :
760 2355 793 2384 &
809 2364 872 2393 quae
886 2376 896 2392 ,
915 2355 947 2384 &
963 2351 1119 2390 cujusmodi
1136 2351 1214 2380 Bona
1233 2351 1271 2380 sic

208 2390 369 2421 atestaveris
383 2413 392 2429 ,
413 2391 447 2422 &
461 2401 585 2431 quorum
601 2393 704 2422 fuerint
719 2402 725 2421 :
741 2402 774 2423 ac
792 2393 828 2422 de
843 2392 936 2423 valore
954 2390 1139 2427 eorumdem,
1158 2399 1272 2419 necnon

209 2429 244 2471 ὃς
258 2428 294 2472 de
306 2436 404 2459 tenore
417 2429 629 2461 Indenturarum
642 2430 805 2469 hujusmodi
819 2440 888 2469 nos,
905 2431 954 2460 sub
970 2429 1072 2466 Sigillo
1089 2437 1156 2466 tuo,
1175 2428 1271 2458 reddas

208 2466 340 2511 distinete
353 2468 386 2498 δε
402 2471 514 2506 aperte,
529 2469 614 2509 quam
627 2470 710 2500 citius
723 2469 779 2500 fieri
792 2470 910 2507 poterit,
927 2469 1071 2499 certiores-

245 2504 283 2535 Et
290 2505 360 2550 ⁴scias
373 2507 453 2544 quod
466 2509 626 2538 intentionis
639 2507 743 2538 nostrae
762 2517 822 2538 nori
837 2507 927 2538 existit
941 2530 950 2545 ,
967 2506 1048 2545 quod
1062 2506 1146 2544 aliqui
1162 2505 1272 2536 Subditi

209 2543 296 2588 nostri
306 2568 315 2581 ,
332 2545 368 2574 de
381 2544 498 2576 Ducatu
511 2546 667 2584 praedicto,
685 2548 732 2585 qui
746 2554 811 2576 ‘non
833 2546 893 2577 sunt
907 2546 943 2576 de
959 2545 1130 2576 Civitatibus
1145 2545 1178 2574 ὅ(
1193 2544 1273 2575 Villis

208 2582 352 2652 praedietis
367 2605 377 2621 ,
403 2584 550 2615 occasione
571 2585 711 2624 praemissa
729 2584 879 2616 arestentur
894 2609 904 2624 ,
920 2583 1101 2615 molestentur
1116 2583 1145 2612 in
1160 2583 1274 2622 aliquo,

221 2630 254 2649 eu
287 2630 424 2651 raventur.

277 2659 335 2690 este
346 2659 429 2700 Rege
443 2661 516 2698 apud
531 2660 690 2702 Pokerich,
706 2662 844 2694 vicesimo
857 2669 958 2700 quarto
969 2660 1015 2692 die
1028 2659 1219 2692 Novembris.

809 2742 862 2770 Per
876 2739 958 2780 ipsimi
971 2741 1075 2776 Regem.

265 2814 378 2846 Eodem
398 2815 487 2846 modo
499 2816 626 2849 scribitur
641 2817 865 2850 Vicecomitibus
877 2815 1048 2856 subscriptis5
1068 2816 1218 2857 videlicet,

217 2892 370 2920 Vir-ecomiti
388 2893 534 2923 Londoniae
542 2917 552 2932 ,

214 2931 243 2957 V
243 2932 368 2959 icecomiti
388 2931 526 2961 Cornubiae
535 2955 545 2970 ,

214 2969 242 2995 V
243 2970 367 2996 icc-comiti
386 2972 518 2999 Devoniae
529 2991 539 3008 ,

212 3007 242 3034 V
241 3008 367 3035 icecomiti
386 3009 428 3036 W
427 3006 488 3036 iltes
494 3030 504 3046 ,

214 3046 243 3072 V
242 3046 366 3074 icecomiti
384 3045 503 3075 Eburum
510 3068 519 3084 ‚

213 3085 366 3112 Vicecomiti
380 3087 480 3114 Surriae
495 3083 532 3119 ὠ·
549 3083 691 3123 Suffl’xi'ae,

214 3123 365 3150 Vicecomitt'
383 3122 596 3161 Suthamptoni'ae
605 3146 615 3162 ‚

213 3161 241 3187 V
240 3162 366 3188 icecomiti
378 3160 530 3201 Herefhrd,

212 3200 240 3225 V
239 3200 364 3226 icecomiti
381 3201 494 3228 Kantiae
503 3223 512 3238 ,

214 3238 242 3265 V
242 3238 367 3265 icecomiti
384 3237 512 3268 Cantebr.
528 3237 565 3272 &
579 3239 670 3269 Hunt.

762 2897 790 2924 V
791 2898 892 2924 icecom.
909 2890 1024 2932 Somerfi
1039 2892 1077 2928 ῤ’
1092 2895 1174 2933 DarsI

762 2936 892 2963 Vicecom.
910 2932 1095 2962 Nerthumbr.

762 2975 888 3001 Vicecom.
910 2970 1020 3000 Cumbr.

763 3012 790 3038 V
791 3012 889 3038 icecom.
908 3008 1055 3048 Lancastr.

761 3050 790 3076 V
790 3051 888 3077 icecom.
906 3047 1041 3084 Notingh.
1060 3046 1098 3081 &
1112 3048 1196 3078 Derb.

763 3088 892 3115 Vicecom.
906 3084 992 3124 Salop.
1007 3083 1045 3119 ὁ·
1057 3085 1139 3124 Staffi

764 3127 791 3153 V
794 3127 892 3153 icecom.
912 3123 1038 3154 Lincoln.

764 3165 793 3192 V
793 3165 892 3191 icecom.
912 3164 938 3191 E
963 3173 997 3191 ex
1011 3160 1050 3196 ὠ
1065 3161 1219 3203 Hertford,

767 3203 795 3230 V
796 3204 895 3230 icecom.
915 3203 940 3230 G
952 3200 1069 3240 oucester.

767 3241 795 3270 V
794 3242 892 3268 icecom.
914 3241 1037 3277 Wygorn.

285 3311 365 3351 EX,
381 3312 485 3356 diled‘to
504 3314 537 3345 &
558 3312 633 3358 fideli
655 3315 720 3353 suo,
738 3314 895 3355 Edwardo,
913 3316 1026 3347 Comiti
1041 3315 1178 3355 Cestriae,
1196 3316 1271 3347 Filio

212 3389 278 3419 dem
288 3349 510 3427 'fiffllelagimiiimm
527 3354 560 3384 &
573 3353 815 3394 eiusJusticiario,
833 3355 877 3385 vel
890 3356 948 3393 ejus
963 3355 1082 3386 Locum
1097 3357 1206 3386 tenenti
1218 3357 1272 3386 ibi-

211 3467 231 3497 h
255 3428 332 3477 Qiia
348 3427 457 3458 Gentes
472 3427 629 3461 Civitatum
639 3452 649 3469 ,
663 3429 725 3465 &c.
739 3437 771 3461 ut
777 3429 862 3471 fhpra
875 3431 953 3472 usque
968 3431 1006 3462 ibi
1019 3457 1029 3472 ,
1045 3441 1145 3464 contra
1157 3443 1209 3464 nos
1221 3433 1271 3464 ad-

233 3476 345 3496 aerei'itio
354 3477 360 3496 ἶ

251 3504 306 3548 ¹Per
317 3505 396 3549 'quod
411 3504 603 3537 mandavimus
615 3507 724 3546 singulis
742 3507 971 3539 vicecomitibus
992 3507 1087 3548 Regni
1100 3510 1205 3549 nostri,
1223 3510 1271 3540 fir-

216 3552 300 3573 miter
314 3553 504 3588 injungentes,
519 3543 577 3579 &c.
595 3552 626 3574 ut
635 3548 736 3584 supra,
753 3550 867 3576 mutatis
880 3547 1035 3586 mutandis,
1052 3549 1130 3588 usque
1144 3549 1200 3587 ibi,
1219 3559 1270 3586 per

213 3591 285 3625 quos
302 3592 407 3612 certam
424 3592 552 3613 notitiam
570 3583 728 3622 hujusmodi
741 3584 907 3615 Hominum
923 3585 1026 3615 habere
1038 3588 1178 3625 poterint,

250 3620 318 3650 Sine
333 3621 463 3651 dilatione
477 3620 587 3665 arestari
602 3644 612 3660 ‚
629 3622 662 3653 ὃ(
682 3621 828 3662 Corpora,
846 3621 905 3658 &c.
924 3631 956 3653 ut
967 3623 1070 3664 ficpra,
1087 3629 1201 3655 mutatis
1211 3637 1269 3656 mu-

213 3659 321 3697 tandis,
341 3658 380 3698 ⁷·‘s
387 3670 419 3689 ue
430 3659 486 3697 ibi,
503 3669 533 3689 in
544 3660 687 3690 mandatis.

251 3696 288 3728 Et
301 3701 361 3737 quo
400 3698 437 3728 de
458 3698 541 3729 Bonis
560 3699 593 3729 δε
609 3698 791 3741 Mercandifis
803 3699 968 3731 Hominum
982 3701 1202 3742 praedictorum,
1218 3711 1268 3741 per

212 3744 261 3765 eos
275 3735 313 3766 fic
323 3736 554 3780 arestandorum,
570 3735 630 3772 &a
648 3744 678 3766 ut
688 3737 790 3777 supra,
807 3743 919 3769 mutatis
935 3740 1089 3778 mutandis,
1108 3739 1185 3781 usque
1195 3741 1248 3780 ibi,

249 3773 341 3805 Vobis
353 3775 535 3813 mandamus,
550 3776 629 3813 quod
644 3777 795 3814 praemiffa,
810 3778 906 3807 omnia
920 3778 1076 3817 &singula,
1096 3788 1144 3815 per
1158 3780 1263 3819 aliquos

208 3811 317 3857 fideles,
334 3823 383 3850 per
397 3824 449 3844 vos
459 3814 492 3843 ad
509 3815 565 3844 hoc
580 3814 770 3852 deputandos,
784 3815 813 3843 in
829 3813 980 3847 Comitatu
991 3816 1148 3855 praedicto,
1164 3819 1197 3848 &
1211 3819 1267 3849 aliis

208 3849 305 3894 Terris
323 3851 420 3882 vestris
434 3875 444 3891 ,
471 3851 641 3884 Exccutioni
661 3853 764 3883 faciatis
784 3852 942 3883 demandari
961 3865 967 3884 z
988 3855 1025 3885 Et
1047 3855 1082 3884 de
1102 3857 1266 3888 nominibus

209 3897 343 3919 omniurn
365 3891 399 3921 ὃς
420 3891 591 3934 sug-tiletum
613 3891 773 3930 hujusmodi
792 3890 956 3922 Hominum
970 3915 979 3930 ,
997 3893 1034 3923 sic
1055 3893 1264 3925 Arestatorum:

209 3926 243 3955 &
277 3937 321 3956 uae
356 3928 389 3958 ὃς
403 3929 558 3967 cujuss-nodi
571 3929 648 3960 Bona
659 3930 770 3961 arestari
784 3931 945 3968 contigerit:
967 3932 1001 3962 &
1013 3941 1136 3970 quorum
1147 3932 1267 3972 fuerint,

207 3973 241 3993 ac
283 3973 297 3992 e
321 3949 425 3996 Valore
444 3968 611 4013 eorumdem
628 3980 638 4006 3
662 3979 777 4000 necnon
798 3967 833 3997 de
849 3977 911 3998 toto
932 3966 1022 3998 Facto
1036 3968 1146 4007 vestro,
1164 3971 1192 4001 in
1211 3971 1265 4003 hac

205 4010 296 4041 parte,
314 4011 379 4040 nos,
396 4004 443 4047 sui?
458 4006 554 4045 bigillo
573 4007 683 4048 vestro,
701 4007 834 4039 distinete
851 4008 884 4039 ὅ(
896 4007 1010 4045 aperte,
1026 4009 1194 4046 quamcitius
1208 4019 1261 4049 po—

206 4050 258 4072 teri
274 4050 310 4075 ιιι,
334 4041 450 4071 reddatis
467 4045 606 4076 certiores.

242 4082 310 4108 33:722.
333 4081 379 4108 ql.
396 4081 429 4109 P.
446 4083 498 4111 11.

1327 146 1800 194 PUBLICA.

2296 166 2313 193 1
2326 166 2342 193 2
2354 167 2371 194 Ϊ

1345 231 1384 299 ξε
1397 232 1483 263 sciatis
1494 236 1572 273 quod
1588 239 1748 269 intentionis
1761 238 1880 277 nostrae,
1899 238 1959 276 &c.
1973 246 2005 269 ut
2012 238 2106 279 fitprb.
2376 236 2454 268 Anna
2471 232 2510 270 D.

1379 270 1435 300 este
1449 281 1480 301 ut
1493 274 1580 312 supra.
2405 286 2487 316 1324.

2380 317 2447 343 Eilv.
2467 326 2493 344 ε..

1487 347 1602 379 Eodem
1616 351 1705 382 modo
1718 352 1843 385 scribitur
1858 355 2027 395 subscriptis,
2045 353 2192 391 videlicet,

1346 420 1474 459 Jahanm'
1487 427 1593 464 Darcy‚
1611 425 1769 465 Justiciaria
1783 432 1860 467 Regii·
1871 432 2026 470 Hiberniae,

1349 463 1386 489 L.
1410 463 1585 504 Dunolmenst
1598 467 1728 504 Episcopo.

1358 581 1416 615 Ad
1433 586 1547 630 Papam
1560 613 1569 628 ‚
1589 597 1644 632 pro
1663 587 1929 634 Dispenfiitionibus
1937 591 2027 635 stiper
2050 594 2264 623 Matrimonii]
2279 588 2324 622 ad

1488 636 1653 667 Rancorem
1671 640 1747 669 inter
1763 641 1927 684 Alozgnates
1945 638 2187 685 extinguendum.

1309 715 1358 776 P
1367 717 1394 748 A
1403 717 1471 763 1³AE
1494 718 1561 750 Rex
1575 720 1679 751 devota
1692 721 1795 759 pedum
1810 721 1901 752 oscula
1914 722 2069 753 beatorum.
2381 713 2458 744 Anu*
2470 713 2513 748 D?

1415 757 1507 788 hece!
1533 759 1759 789 defideratissime
1780 759 1860 789 Pater
1876 783 1885 798 ,
1907 761 2061 799 insurgente
2082 771 2186 800 nuper,
2212 763 2241 792 in
2257 761 2365 797 Regno
2407 761 2492 791 1324·

1309 793 1425 839 nostro,
1443 798 1634 834 quorumdam
1648 797 1810 828 Rebellium
1827 799 2003 828 Turbatione
2026 800 2202 837 graviffima,
2218 800 2366 838 quampl'u-
2377 795 2429 819 An.
2450 792 2493 823 ¹8·

1311 834 1443 877 restdicti
1460 835 1558 872 Regni
1576 835 1724 875 Magnates
1737 859 1746 874 ,
1765 838 1836 866 inter
1852 837 1877 866 se
1896 836 2040 867 Rancores
2053 838 2085 867 ἃ
2102 837 2176 866 Odia
2192 839 2363 876 l‘uicitantes,
2376 835 2406 857 E.
2429 840 2454 858 2·

1311 881 1384 902 vatia
1400 873 1520 912 dampna
1539 874 1572 904 &
1590 875 1777 905 incommoda
1799 875 1848 904 sibi
1870 876 1995 904 invicem
2017 878 2119 905 mutuo
2139 877 2311 915 intulerunt,
2329 878 2363 907 &
2383 873 2453 895 Rom.
2472 868 2516 895 ¹8·

1310 910 1402 955 adhuc
1423 912 1591 942 eorumdem
1611 912 1749 943 Rancotis
1769 913 1802 943 ὃς
1819 911 1888 941 Odii
1904 913 2088 942 Seminarium
2109 914 2245 949 <sumone
2260 916 2365 952 antiqui
2384 910 2412 933 E.
2435 917 2460 933 2·

1310 947 1412 979 Hostis
1426 960 1607 987 procuratum
1621 952 1631 988 )
1652 951 1772 989 superest
1794 952 1980 981 inextinctum
1995 974 2005 988 ,
2023 951 2194 980 Guerrarum
2211 976 2219 990 ,
2236 964 2264 983 ut
2286 955 2369 983 tirne-
2382 955 2419 972 ²⁷⁷·
2436 955 2463 973 ²¹

1312 996 1374 1017 rnus
1388 1011 1398 1026 ,
1421 989 1601 1019 verilimiliter
1621 990 1742 1033 pericula
1764 990 1919 1027 pariiurum
1937 999 1942 1018 z
1964 989 2010 1019 Aa
2034 989 2112 1026 quod
2128 989 2242 1019 finaliter
2255 992 2368 1020 abolen-

1310 1025 1380 1055 dum
1400 1026 1418 1046 ’β
1438 1029 1502 1057 totis
1514 1027 1650 1057 desideriis
1664 1028 1821 1065 anelamuS,
1838 1029 1871 1058 δε
1885 1030 1957 1057 inter
1972 1028 2062 1057 dietos
2076 1026 2226 1062 Magnates
2242 1028 2369 1059 Affinita-
2384 1030 2403 1048 ἢ*
2425 1032 2478 1057 IV,

1312 1072 1371 1107 tem
1385 1087 1394 1102 ,
1413 1065 1446 1094 &
1467 1067 1538 1095 inter
1552 1075 1653 1096 eorum
1667 1067 1769 1096 liberos
1788 1067 1915 1095 contrahi
1933 1066 2086 1096 Vinculum
2107 1064 2281 1104 ConJugale,
2299 1077 2369 1104 prae-
2389 1077 2450 1104 ¹¹3*

1311 1111 1430 1146 cipuum
1444 1103 1636 1142 Remedium,
1655 1105 1687 1134 ὃ(
1703 1105 1825 1134 maxime
1839 1103 2020 1134 necell'arium
2034 1103 2215 1133 aestimamus.

1348 1141 1473 1171 Proinde
1488 1142 1609 1172 vestram
1619 1142 1808 1173 Clementiam
1819 1142 2008 1172 instantillime
2023 1143 2224 1180 deprecamur,
2244 1144 2372 1179 quatinus

1312 1187 1358 1218 ut,
1378 1179 1486 1218 interJ.
1502 1180 1603 1211 Filium
1617 1180 1788 1218 Humfredi,
1807 1181 1951 1217 quondam
1966 1179 2089 1209 Comitis
2103 1180 2279 1210 Herefordiae
2288 1181 2371 1219 ,Ne-

1312 1227 1411 1262 potem
1427 1218 1574 1258 nostrum,
1589 1220 1621 1249 &
1635 1229 1721 1249 unam
1737 1219 1888 1256 Filiarurn,
1907 1218 2024 1248 Nobilis
2046 1218 2125 1256 Viri,
2144 1218 2288 1249 Edmundi
2309 1218 2371 1250 Co·

1313 1266 1386 1286 mitis
1398 1257 1558 1296 Arundelli,
1577 1257 1785 1297 Consanguinei
1801 1258 1904 1288 nostri:
1922 1267 1955 1287 ac
1970 1257 2039 1286 inter
2055 1256 2085 1286 B.
2106 1257 2206 1286 lulium
2221 1258 2254 1286 δε
2270 1258 2372 1288 i-laere-

1313 1296 1381 1324 dem
1397 1296 1556 1334 Guidonis,
1575 1297 1723 1334 quondam
1738 1295 1860 1327 Comitis
1879 1295 2050 1332 warwic-x,
2068 1296 2100 1324 ἃ
2113 1295 2225 1324 alteram
2241 1295 2373 1326 Filiarum

1316 1335 1423 1372 praefati
1437 1334 1581 1364 Edmundi
1593 1346 1598 1364 :

1350 1372 1427 1402 Non
1453 1374 1580 1414 obstante
1601 1373 1723 1403 Generis
1744 1373 1969 1412 propinquitate,
1993 1370 2049 1411 qua
2070 1371 2096 1400 se
2115 1371 2272 1409 attingant,
2294 1372 2372 1409 super

1313 1411 1388 1450 qua,
1406 1412 1522 1442 dileetus
1538 1413 1666 1442 Clericus
1682 1412 1794 1449 noster,
1818 1411 1953 1450 Magister
1967 1410 2108 1449 Georgius
2125 1409 2161 1449 de
2174 1410 2278 1438 Saliciis
2319 1411 2374 1440 Ar-

1314 1450 1495 1491 chidiaconus
1508 1450 1597 1485 Buks(
1606 1451 1640 1480 ad
1655 1460 1704 1480 vos
1719 1460 1751 1480 ex
1767 1451 1817 1480 hac
1831 1452 1908 1480 caui-i
1922 1449 2071 1487 specialiter
2083 1449 2221 1484 directus)
2241 1432 2377 1487 velitam,

1315 1490 1333 1517 ii
1348 1488 1454 1529 placet,
1474 1489 1656 1519 Santffitatem
1669 1489 1776 1527 plenius
1790 1488 1941 1518 informare
1959 1489 2088 1525 noverit,

1353 1526 1518 1564 Dilpensare
1533 1528 1687 1565 dignemini
1702 1528 1737 1557 de
1751 1526 1848 1557 vestrae
1863 1526 2033 1565 plenitudine
2048 1524 2202 1556 Potestatis.

1353 1565 1439 1602 Spem
1455 1575 1576 1604 namque
1593 1567 1743 1595 retinemus
1764 1564 1926 1603 indubiam,
1945 1564 2023 1602 quod
2034 1587 2043 1602 ,
2061 1573 2094 1594 ex
2112 1562 2268 1601 hujusmodi
2282 1562 2377 1593 Com-

1315 1604 1507 1633 municatione
1523 1626 1532 1641 ,
1548 1604 1730 1642 prtecedentis
1748 1604 1858 1633 malitice
1876 1604 2049 1633 machinatio
2069 1602 2231 1632 dillolvetur
2244 1625 2253 1639 ,
2270 1603 2376 1642 parabi-

1316 1651 1414 1680 turque
1434 1641 1523 1672 firmae
1543 1642 1699 1671 dilectionis
1721 1642 1834 1671 suavitas
1849 1663 1857 1679 ,
1880 1644 1912 1671 δε
1928 1642 1956 1670 in
1972 1641 2052 1671 disto
2065 1639 2172 1680 Regno
2186 1640 2284 1670 nostro
2298 1640 2379 1671 Pacis

1315 1681 1460 1718 securitas,
1480 1680 1578 1709 futuris
1593 1680 1783 1719 temporibus,
1802 1679 1987 1717 subsequetur.

1355 1718 1528 1756 Confer-vet,
1545 1719 1606 1748 ὅτε.

1352 1757 1419 1788 Dat.
1439 1757 1511 1795 apud
1527 1756 1715 1796 Biii‘ynbum,
1735 1757 1873 1788 vicesimo
1887 1757 1988 1797 quinto
2001 1756 2044 1787 die
2058 1755 2245 1787 Novembris.

1808 1837 1861 1866 Pei·
1877 1837 1969 1865 Breve
1983 1834 2015 1863 de
2032 1836 2154 1864 Privato
2172 1830 2271 1871 Sigillo.

1451 1961 1503 1996 Ad
1521 1959 1696 1994 cardinales
1708 1959 1797 2006 fizper
1809 1958 1939 2006 prefatis
1963 1953 2246 2003 Dispenfiiticnibus.

1388 2047 1528 2078 Enerabili
1556 2048 1585 2076 in
1605 2045 1719 2076 Christo
1741 2045 1817 2075 Patri
1864 2044 1997 2074 Domino
2025 2042 2060 2072 A.
2081 2042 2139 2072 Dei
2159 2040 2244 2080 gratia
2259 2065 2269 2079 ,
2287 2040 2378 2071 Tituli
2398 2030 2472 2061 Arm·
2485 2031 2528 2062 D·

1400 2086 1496 2116 saneti
1512 2085 1654 2115 Eustachii
1668 2084 1808 2114 Diacono
1821 2068 1979 2120 Cardinali,
1998 2081 2112 2120 Nepoti
2125 2079 2247 2109 Domini
2262 2080 2376 2110 Summi
2419 2078 2503 2109 1324.

1318 2122 1486 2162 Ponniicis,
1512 2125 1619 2154 Amico
1638 2123 1687 2152 suo
1707 2121 1848 2153 carissimo
1861 2144 1870 2160 ,
1894 2120 2050 2152 Edwardus
2065 2143 2075 2158 ,
2097 2120 2158 2150 &c.
2177 2118 2319 2157 Salutem,
2343 2119 2376 2149 ὃ(
2393 2112 2443 2136 An.
2471 2110 2515 2138 ¹3·

1318 2164 1432 2194 sincerae
1445 2162 1601 2193 dilectionis
1613 2162 1759 2192 affedmm.
2394 2152 2425 2175 E.
2445 2158 2470 2175 ²·

1358 2201 1491 2240 Plenam,
1509 2211 1541 2230 ac
1557 2201 1743 2238 multipliciter
1755 2207 1915 2239 expertam,
1930 2199 2053 2237 gerimus
2065 2197 2101 2228 de
2109 2195 2200 2228 vestra
2214 2195 2379 2226 Sinceritate
2395 2190 2464 2214 R⁰⁷⁷¹·
2486 2185 2527 2215 ¹8=

1320 2240 1469 2278 fiduciam,
1489 2248 1518 2269 ut
1534 2249 1582 2277 ea,
1598 2249 1662 2278 quae
1675 2239 1855 2269 deiideranter
1872 2238 2042 2277 appetimus,
2059 2243 2140 2266 tanto
2150 2235 2299 2271 benignius
2313 2244 2379 2274 pro-
2396 2229 2425 2252 E.
2442 2235 2468 2252 ²·

1320 2278 1462 2309 movenda
1476 2277 1640 2315 suscipietis,
1655 2287 1760 2317 quanto
1774 2275 1914 2314 specialius
1927 2275 1961 2306 N
1964 2276 2054 2313 os,&
2068 2274 2224 2305 Honorem
2239 2272 2380 2312 nostrum,
2395 2273 2431 2291 m·
2452 2272 2479 2290 ²·

1319 2328 1352 2348 ac
1366 2317 1468 2354 Regni
1483 2316 1570 2346 nostri
1587 2318 1731 2346 utilitatem
1745 2324 1916 2345 concernerc
1932 2314 2123 2344 dinoscuntur.

1357 2354 1440 2386 Cum
1454 2356 1543 2393 itaque
1552 2378 1562 2393 ,
1581 2355 1696 2385 dilectus
1709 2353 1836 2384 Clericus
1851 2352 1960 2391 noster,
1980 2351 2118 2391 Magister
2130 2350 2271 2389 Georgius
2284 2349 2319 2380 de
2333 2349 2382 2380 Sa-

1320 2394 1415 2432 luciis,
1434 2393 1659 2423 Areliiiliaconus
1678 2393 1751 2423 Buks
1764 2415 1773 2430 ,
1793 2392 1881 2422 Lator
1896 2391 2090 2430 praesentium,
2107 2390 2236 2427 quaedam
2256 2390 2384 2427 negotia,

1319 2432 1555 2471 Tranquilitzrtem
1571 2432 1604 2461 &
1620 2431 1725 2461 Pacem
1739 2431 1807 2460 dieti
1826 2430 1923 2469 Regni
1938 2430 2077 2468 tangentia
2093 2451 2102 2466 ,
2119 2437 2204 2465 penes
2219 2427 2383 2457 Dominum

1321 2472 1475 2502 Summum
1489 2470 1659 2500 Pontii-'icem
1676 2470 1852 2509 prosequatur
1866 2472 1966 2508 (prout
1981 2467 2167 2498 dilefflonem
2181 2465 2302 2496 vestram
2315 2466 2384 2495 inde

1323 2510 1410 2541 Lator
1432 2510 1540 2547 plenius
1563 2511 1665 2546 poterit
1686 2509 1854 2542 informare)
1874 2506 1979 2546 ipsum,
1998 2507 2031 2536 &
2050 2505 2127 2535 dieta
2139 2506 2268 2544 negotia,
2285 2503 2385 2535 vestrae

1321 2549 1481 2579 Paternitati
1495 2548 1760 2578 recommendamus
1774 2546 1876 2576 affedhi
1886 2569 1895 2584 ,
1911 2555 1970 2584 quo
1983 2544 2144 2583 polsumus,
2163 2544 2279 2582 cariori,

1359 2586 1521 2626 Specialiter
1541 2595 1594 2616 vos
1613 2595 1741 2625 rogantes
1763 2586 1898 2625 quatenus
1917 2584 2008 2614 eidem
2023 2607 2033 2621 ,
2060 2584 2087 2612 in
2109 2582 2246 2620 praedietis
2268 2581 2386 2620 negotiis

1321 2625 1541 2664 promovendis,
1557 2624 1675 2655 affistere
1691 2625 1797 2662 velitis,
1814 2623 1891 2653 soliti}
1906 2621 2116 2659 Benivolentia,
2135 2620 2264 2650 Consiliis
2278 2621 2310 2651 &
2323 2620 2384 2649 Au'-

1320 2665 1391 2696 xiliis
1403 2665 1560 2701 oportunis.

1358 2703 1425 2735 Dat¹
1439 2702 1511 2743 apud
1525 2701 1714 2742 Bassynburn,
1733 2700 1868 2733 vicesimo
1882 2700 1984 2740 quinto
1996 2699 2042 2729 die
2057 2697 2243 2729 Novembris.

1499 2780 1609 2812 Eodem
1622 2779 1712 2812 modo
1726 2779 1854 2810 scribitur
1868 2776 2039 2815 subscriptis;
2057 2775 2207 2814 videlicet,

1358 2863 1472 2891 Domino
1487 2861 1522 2889 Β.
1539 2857 1624 2888 Tituli
1641 2858 1749 2888 Sanbi‘ae
1764 2859 1868 2885 Mariae
1885 2858 1914 2884 in
1928 2856 2035 2895 Aquiro
2048 2856 2167 2883 Diacono
2182 2850 2341 2889 Cardinali,

1358 2903 1473 2929 Domino
1488 2900 1519 2926 P.
1541 2897 1625 2926 Tituli
1644 2897 1739 2926 Sanft'i
1755 2893 1883 2933 Stephani
1897 2896 1925 2922 in
1941 2892 2020 2922 Coelio
2035 2895 2132 2921 Monte
2147 2890 2298 2920 Presbitero
2313 2894 2381 2919 Car-

1424 2936 1526 2973 dinali,
1542 2937 1651 2965 Sanciae
1665 2937 1791 2962 Romanae
1805 2931 1926 2972 Ecclestae
1940 2934 1966 2960 V
1969 2930 2164 2960 icecancellario
2172 2952 2182 2968 ,

1359 2979 1475 3006 Domino
1490 2977 1530 3003 N.
1547 2975 1640 3003 Sanffi
1654 2973 1779 3002 Adriani
1791 2975 1910 3001 Diacono
1925 2969 2086 3007 cardinali,

1356 3017 1470 3044 Domino
1493 3015 1528 3042 L.
1549 3013 1582 3042 de
1604 3011 1686 3051 Flisco
1708 3010 1794 3040 Tituli
1809 3011 1917 3040 Sancta»
1931 3011 2035 3038 Mariae
2052 3011 2080 3037 in-
2095 3009 2123 3037 V
2123 3006 2151 3036 izi
2166 3005 2246 3036 Lata*
2262 3007 2382 3034 Diaron«)

1424 3051 1566 3081 Cardinali

1357 3092 1473 3120 Domino
1489 3094 1522 3119 G.
1535 3075 1619 3119 Tit’uli
1634 3089 1792 3118 Sanfforum
1800 3083 2004 3120 Marcellini&
2013 3087 2090 3115 Petri
2097 3086 2214 3112 Diacona
2224 3079 2373 3110 Cardxmfi.

1357 3132 1472 3158 Domino
1488 3128 1522 3166 J.
1534 3128 1619 3157 Tituli
1636 3129 1731 3156 Sanffli
1744 3126 1870 3156 Theodori
1886 3128 2005 3154 Diacono
2019 3121 2160 3152 Cardimzli
2167 3143 2177 3159 ,

1354 3170 1473 3197 Dumino
1487 3169 1530 3196 W.
1543 3166 1619 3205 Testa
1636 3165 1794 3203 Cardinali,

1356 3209 1471 3235 Domino
1487 3207 1568 3234 Pel-ro
1582 3205 1613 3234 de
1627 3207 1655 3234 V
1657 3205 1685 3234 ia*
1706 3203 1795 3233 Militi
1803 3225 1813 3241 ,

1356 3246 1471 3274 Domino
1486 3242 1616 3273 Arnaldo
1629 3243 1660 3272 de
1675 3240 1748 3280 Hufe
1763 3238 1854 3271 Militi
1868 3249 1899 3269 ac
1912 3237 2010 3277 Nepoti
2025 3238 2136 3267 Domini
2150 3237 2249 3273 Papae,

1356 3285 1470 3313 Domino
1483 3284 1627 3312 Bernara'o
1641 3281 1769 3320 Stephani
1781 3281 1926 3311 Secretario
1940 3280 2051 3307 Domini
2070 3278 2160 3313 Papae.

1459 3427 1656 3460 Summonitio
1673 3425 1801 3457 Servitii
1818 3423 1902 3468 Regis
1920 3418 2022 3464 verfhs
2044 3420 2088 3452 Vtz
2104 3419 2229 3449 censuim.

1387 3509 1453 3541 EX
1471 3534 1481 3549 ,
1498 3510 1606 3542 dile&o
1628 3511 1661 3541 δε
1681 3509 1752 3540 fideli
1768 3508 1816 3538 suo
1828 3528 1837 3545 ,
1853 3506 1980 3536 Thomae
1995 3503 2105 3533 Comiti
2127 3499 2320 3538 Norffolciae,
2339 3499 2373 3530 δε
2393 3497 2469 3529 Ann.
2486 3497 2527 3530 Di

1397 3549 1563 3580 Marescallo
1578 3549 1706 3588 Angliae,
1725 3548 1810 3577 Fratri
1824 3546 1872 3576 suo
1886 3543 2042 3578 carissimo,
2062 3540 2191 3570 Salutem.
2246 3577 2251 3583 .
2353 3577 2358 3583 .
2412 3546 2498 3576 1324-

1355 3588 1431 3627 Qiia
1442 3589 1476 3619 ad
1490 3587 1611 3618 Terram
1625 3586 1750 3617 nostram
1767 3583 1930 3621 Vasconiae,
1948 3581 1984 3610 de
1998 3579 2052 3618 qua
2072 3578 2136 3607 Rex
2153 3577 2279 3620 Francia}
2294 3577 2374 3606 mali-
2388 3577 2416 3602 A
2424 3589 2442 3603 ι.
2464 3578 2507 3605 ι8.

1316 3628 1386 3658 tioie
1408 3637 1462 3657 nos
1481 3626 1658 3656 exhaeredare
1676 3624 1809 3663 proponit
1821 3644 1830 3659 ,
1855 3620 2011 3657 Pailagiurn
2031 3616 2159 3646 nostrum
2175 3638 2184 3653 ,
2201 3625 2230 3643 in
2253 3615 2375 3653 ejusdem
2392 3618 2422 3640 E.
2439 3624 2468 3655 γε.

1315 3666 1415 3697 Tertae
1431 3665 1604 3702 succursum,
1622 3664 1811 3693 ordinavimus
1824 3657 1943 3700 facienti:
2048 3695 2052 3699 Ι
2190 3693 2194 3697 ¹
2321 3693 2326 3697 .
2352 3692 2357 3698 ¹
2391 3656 2458 3687 Vis‘c.
2482 3652 2524 3680 13.

1352 3704 1442 3734 Vobis
1464 3703 1627 3733 mandamus
1641 3724 1650 3739 ,
1669 3702 1698 3730 in
1719 3700 1772 3729 fide
1785 3700 1817 3728 ὃς
1833 3698 1966 3734 homagio
1979 3717 1988 3732 ,
2007 3694 2106 3731 quibus
2127 3692 2208 3722 nobis
2222 3697 2376 3730 tenemini,
2392 3694 2422 3717 Β,
2447 3701 2471 3718 2.

1315 3741 1433 3772 firmiter
1445 3743 1635 3780 injungentes,
1654 3738 1732 3776 quod
1748 3737 1797 3766 sitis
1810 3735 1844 3765 ad
1858 3744 1923 3771 iios,
1939 3733 2011 3769 apud
2028 3730 2206 3775 portesmuth
2223 3753 2232 3768 ,
2249 3731 2295 3760 die
2310 3729 2375 3760 Dos
2392 3739 2427 3755 m.
2439 3739 2481 3755 21.
2497 3729 2522 3757 d„

1315 3779 1422 3810 minica
1435 3801 1444 3816 ,
1463 3780 1491 3808 in
1506 3779 1602 3808 medio
1623 3775 1850 3814 Quadragesimae
1862 3795 1871 3809 ,
1886 3772 2018 3809 proximo
2040 3772 2147 3806 futura,
2163 3778 2232 3798 curn
2249 3769 2268 3788 *θ
2287 3768 2372 3808 Equis
2392 3767 2407 3782 ³
2429 3768 2480 3794 iv.

1314 3820 1348 3849 δί
1361 3818 1473 3855 Armis,
1491 3818 1524 3847 &
1539 3825 1603 3847 toto
1618 3815 1756 3844 Servitio(
1771 3811 1848 3849 quod
1861 3810 1942 3839 nobis
1959 3809 1994 3839 de
2007 3808 2103 3837 Terris
2116 3808 2148 3838 &
2169 3807 2374 3845 Tenementis,
2394 3814 2454 3839 114-

1314 3866 1380 3894 quae
1398 3856 1434 3886 de
1453 3855 1536 3885 nobis
1555 3853 1654 3883 tenetis
1669 3853 1699 3881 in
1715 3849 1833 3889 Augus,
1847 3848 1972 3884 debetis)
1994 3847 2077 3884 parati
2092 3847 2266 3876 transfretare
2279 3847 2374 3876 nobis-

1314 3903 1384 3925 cum
1398 3895 1427 3923 in
1442 3891 1611 3923 Succursum
1626 3890 1712 3920 distae
1727 3889 1845 3925 Terrae,
1863 3887 1896 3917 &
1910 3887 1967 3915 hoc
1983 3885 2061 3914 nullo
2078 3884 2167 3914 modo
2180 3885 2323 3914 omittatis.

1351 3932 1438 3962 Teste
1453 3931 1535 3970 Rege
1547 3928 1620 3968 apud
1636 3926 1898 3966 Notinghamiam,
1915 3923 2054 3956 vicesimo
2071 3924 2165 3961 primo
2185 3923 2230 3953 die
2245 3922 2374 3953 Decem·

1313 3971 1379 4002 bris.

1946 4001 1998 4031 Per
2014 3998 2098 4039 ipsum
2112 4001 2213 4037 Regem⁴

2264 4069 2375 4102 Eodem

1771 4075 1820 4118 ,Ο-
