2562 4279
673 142 782 184 ET
876 138 1144 180 ACTA

1228 139 1693 181 PUBLICA.
2223 153 2277 189 99

0 243 52 263 rin.
68 230 109 261 D.
159 232 197 262 Et
216 232 404 270 postmodum
419 254 427 269 ,
450 230 542 261 dietus
564 229 629 259 Rex
653 227 783 258 Castellae
804 225 978 262 Magistrum
997 225 1178 263 Johannem,
1221 224 1357 262 persecuti
1376 225 1512 263 fuerunt,
1536 225 1690 256 arestarunt
1704 249 1713 262 ‚
1739 224 1785 255 seu
1807 223 1871 254 alias
1884 222 2079 260 molestarum)
2098 223 2124 253 se
2137 222 2281 254 vindicare
2307 220 2382 249 Ann.
2397 220 2438 249 D.

0 279 82 310 1333.
116 271 249 309 Judicem
273 270 366 300 Curiae
386 271 441 300 sure
456 293 465 308 ,
489 272 521 300 δε
545 267 766 297 Gundisialvum
782 264 918 302 Marum,
938 274 1006 294 cum
1021 265 1122 294 Literis
1138 265 1180 302 ip-
1221 272 1402 300 proponunt:

0 312 50 338 cbo.-
67 318 91 345 3.

6 1859 74 1888 573·

27 3465 103 3498 Ann.
118 3465 160 3497 D.

30 3513 134 3579 ..2333-

32 3591 121 3656 02³s.

37 3661 103 3694 7.E.
118 3665 143 3693 3.

33 3702 140 3734 p.1.m.

125 313 176 339 iius
192 309 278 347 Regis
293 311 409 347 apertis,
649 344 653 349 Ι
678 344 683 348 -
728 343 733 348 .
850 342 854 346 ,

161 347 312 385 Maiorque
334 348 366 378 ὃς
390 346 590 376 Communitas
617 343 748 373 Civrtatis
769 340 913 379 praediistae
927 362 938 378 ‚
964 339 1123 370 Arnaldum
1146 338 1182 369 de

124 385 260 424 VillariiS,
279 385 486 424 &johannem
503 383 633 419 d'Ardir,
652 381 796 423 Concives
810 379 889 416 suOS,
923 417 928 422 ι
1016 417 1031 422 ..

164 424 243 454 Cum
259 424 459 455 sufficientibus
476 422 586 452 Litteris
602 421 635 450 δε
650 418 808 454 Mandans,
828 427 879 452 pro
888 415 1045 459 Discordus
1060 415 1185 447 &Con-

130 463 267 493 troversiis
282 462 437 500 praediCfis,
455 461 524 489 hinc
537 459 603 489 inde
619 456 840 499 pacificandis&
854 454 993 491 sedandis,

167 501 213 531 Ad
226 501 294 531 ditsti
310 500 367 530 Avi
382 499 469 529 nostri
483 498 656 535 praesentiam
671 493 888 535 transmisissent:
1036 531 1040 536 .

166 538 306 577 Idemque
321 538 399 568 Avus
413 536 525 574 noster,
543 535 578 565 de
593 534 716 565 unanimi
730 533 833 561 assensu
856 530 1059 574 &ficoncordiai
1075 529 1186 561 Procu-

129 586 255 608 ratorum
271 577 473 616 praedistorum
487 599 496 613 ,
523 575 556 605 ὃς
578 575 606 603 in
622 572 746 610 ipsorum
762 569 923 607 praesentia,
940 570 1011 599 inter
1026 570 1092 607 alia,
1108 570 1187 600 ordi-

131 617 265 694 nag'tlgd
286 663 388 684 omnes
408 651 507 683 Naves
522 675 532 689 ,
549 650 582 680 &
597 649 646 679 alia
660 647 738 677 Bona
751 655 957 683 quaecumque,
975 645 1121 677 diffitorurn
1136 645 1189 675 Ci-

131 694 214 724 vium
236 693 350 723 Baionae
364 714 374 729 ,
391 701 455 728 quae
473 699 523 727 per
537 688 645 718 Gentes
658 688 691 716 ὅς
706 684 840 715 Subditos
855 684 924 713 dieti
942 685 1028 723 Regis
1041 685 1171 715 Castellae
1181 707 1190 722 ,

127 733 207 770 quta
223 730 324 761 Reona
337 730 381 760 sua
395 729 440 760 vel
454 737 528 758 exrra
544 725 634 762 Capta
645 723 775 760 fuerunt,
791 731 821 752 ut
836 723 1013 760 praemittitur
1027 747 1036 761 ,
1059 725 1092 754 ὃς
1107 724 1191 753 etiam

133 755 300 806 Occupatg,
319 769 389 798 infra
402 775 511 797 certum
527 772 652 800 tempus,
670 761 719 792 diu
735 761 857 798 elapsum
874 782 884 798 ‚
903 760 1125 799 restituerentur,
1143 772 1192 799 per

132 808 316 846 saepedietum
335 806 448 844 Regem
469 801 599 833 Castellae
613 823 622 839 ,
648 800 699 829 illis
724 798 845 829 Civibus
867 801 903 828 de
923 799 1044 838 Baiona,
1063 801 1078 829 Ξι
1093 801 1194 838 quibus

134 856 214 884 capta
234 846 348 876 fuerunt
359 868 368 881 ,
391 843 436 873 seu
449 850 550 871 eorum
564 839 734 869 Haeredibus
782 846 828 867 aut
842 839 925 867 etiam
941 838 1095 868 Attornatis
1107 862 1115 875 ,
1143 839 1195 868 sic-

135 895 167 915 ut
182 894 230 922 per
249 883 452 921 inspeffionem
475 878 650 909 Rotulorum
672 877 708 907 de
730 861 908 907 Cancellaria
931 876 1001 906 dieti
1017 877 1074 907 Avi
1090 876 1197 915 nostri,

135 923 229 954 sumus
245 922 353 960 plenius
366 918 525 949 informati:
685 955 689 960 -
714 955 718 959 ¹
975 954 980 959 ¹
1096 954 1100 959 ι

174 961 211 991 Et
225 960 433 997 subsequenter,
453 965 582 993 tempore
598 954 720 984 Domini
738 952 772 983 E.
793 963 881 990 nuper
904 952 994 990 Regis
1013 952 1127 990 Angliae
1145 953 1199 984 Pa-

136 1000 185 1030 tris
205 997 315 1034 nostri,
339 996 398 1026 tam
418 994 563 1025 Dominus
585 993 722 1023 Ferandus
739 1017 748 1031 ,
773 1001 842 1022 tunc
863 990 995 1022 Castellae
1015 992 1049 1022 ὅ(
1065 992 1199 1032 Legionis

137 1038 220 1074 Rex,
1072 1070 1077 1075 .

174 1072 335 1105 Occasione
356 1070 530 1111 quarundam
549 1069 666 1102 aliarum
687 1068 957 1100 Controverfiarurn
977 1069 1010 1100 ὃς
1036 1068 1201 1100 Discordia-

155 1124 203 1144 um

139 1125 153 1146 r
174 1135 249 1182 lnier
268 1149 402 1181 Subditos
424 1149 485 1181 suos
507 1158 541 1178 ex
565 1156 641 1186 parte
661 1146 717 1177 una
732 1169 741 1184 ,
765 1147 798 1177 ὃς
819 1145 906 1176 Cives
929 1146 1049 1181 eiusdem
1071 1145 1202 1177 Civitatis

138 1190 244 1221 nostrae
260 1188 388 1226 Baionae,
407 1190 439 1219 δε
454 1187 589 1226 quosdam
604 1187 672 1216 alios
687 1185 821 1215 Subditos
839 1184 922 1222 ipsius
935 1184 1023 1215 Patris
1036 1184 1123 1215 nostri
1139 1208 1149 1224 ,
1167 1195 1202 1215 ex

141 1228 240 1265 altera,
259 1238 326 1258 tunc
349 1227 384 1257 de
399 1237 479 1257 novo
490 1235 668 1262 exortarum,
742 1262 747 1267 .
791 1261 796 1266 ¹

181 1267 281 1305 Qiam
303 1265 506 1296 Communitas
535 1263 658 1302 ejusdem
680 1262 810 1292 Civitatis
836 1259 941 1291 nostrae
961 1285 971 1299 ,
999 1260 1202 1292 Procuratores

140 1305 203 1336 suos
217 1306 372 1342 solempnes
382 1328 391 1341 ,
409 1305 476 1333 hinc
491 1301 574 1340 inde,
588 1301 756 1332 sufficienter
769 1298 935 1336 instruitos,
956 1310 1008 1337 pro
1025 1299 1205 1331 Controver-

143 1344 186 1374 siis
208 1344 241 1374 &
264 1343 420 1374 Discordiis
436 1342 505 1380 illis,
523 1339 717 1379 pacificandis,
734 1339 770 1369 ad
785 1339 866 1376 ipsius
882 1336 969 1369 Patris
984 1338 1073 1369 nostri
1086 1340 1206 1377 [resen-

145 1384 214 1413 tiam
228 1381 424 1412 destinassent:

184 1420 344 1458 Dictusque
360 1419 440 1450 Pater
455 1416 568 1456 noster,
1017 1456 1020 1460 Ι
1119 1456 1123 1460 .

185 1459 296 1489 Habitis
319 1468 386 1489 cum
410 1458 459 1487 illis
474 1479 483 1494 ,
509 1457 545 1486 de
565 1456 702 1486 Concilio
717 1455 771 1497 *suo
785 1478 795 1494 ,
812 1454 871 1486 tiim
886 1454 966 1494 super
981 1454 1138 1497 Discordiis
1154 1455 1206 1485 illis

147 1498 184 1528 sic
207 1497 243 1528 de
265 1507 344 1527 novo
361 1497 460 1526 exortis
473 1519 482 1533 ,
508 1496 593 1533 quam
608 1496 693 1524 etiarn
708 1497 786 1531 super
801 1495 920 1532 antiquis
934 1494 1092 1524 Dilcordiis
1106 1494 1208 1531 praedi-

147 1537 218 1573 etis,
237 1534 435 1566 deliberatione
450 1535 483 1564 &
499 1533 617 1563 consilio
630 1533 764 1571 pleniori,

186 1574 261 1605 Inter
284 1582 383 1605 caetera
399 1598 408 1612 ,
435 1572 471 1603 de
492 1572 626 1602 consensu
641 1572 863 1602 Procuratorum
879 1570 1067 1609 eorumdem,
1082 1570 1208 1601 ordinas-

147 1613 281 1691 setQiod
296 1652 384 1690 prima
394 1650 545 1681 Ordinatio
560 1647 708 1687 praedicta,
726 1658 775 1687 per
791 1647 958 1685 praedictum
969 1647 1067 1678 Avum
1079 1646 1209 1677 nostrum

148 1691 223 1722 faeta
244 1691 339 1728 (quarn
357 1690 449 1720 dietus
471 1688 616 1718 Dominus
632 1688 747 1717 Sancius
764 1687 843 1728 Rex,
863 1696 912 1724 per
929 1686 1016 1716 literas
1029 1686 1103 1724 suas,
1122 1686 1210 1717 taliter

147 1729 325 1768 approbavit)
341 1728 547 1766 compleretur,
566 1727 599 1757 ὃ(
612 1725 729 1756 firmiter
742 1726 948 1755 obtervaretur:

185 1768 224 1798 Et
236 1767 304 1798 licet
317 1767 408 1798 dictus
421 1766 504 1796 Pater
518 1765 631 1802 noster,

188 1806 209 1827 ³¹³
228 1805 287 1836 Pro
301 1816 337 1836 eo
350 1805 429 1844 quod
445 1803 593 1842 praedidtus
606 1825 616 1841 ,
643 1801 791 1832 Dominus
805 1800 963 1840 Ferandus,
982 1799 1048 1832 Rex
1062 1801 1211 1840 Castellae,

187 1845 277 1876 Penes
289 1854 374 1882 quem
387 1842 609 1874 Bartholomaeus
623 1839 659 1871 de
672 1840 770 1878 Berys,
789 1840 874 1870 Filius
889 1841 922 1872 ὃς
937 1840 1039 1870 Haeres
1054 1841 1212 1871 universalis

149 1884 278 1923 praedicti
297 1883 433 1922 Johannis
453 1881 489 1911 de
509 1880 591 1920 Berys
603 1903 613 1916 ‚
645 1881 678 1910 &
701 1879 846 1909 Executor
866 1879 1044 1909 Testamenti
1065 1879 1187 1917 ejusdem
1202 1902 1213 1918 ,

152 1933 207 1962 pro
220 1922 433 1961 recuperatione
445 1919 590 1950 didtorum
603 1917 754 1950 Bonorum
775 1919 808 1949 ὅ(
824 1917 1091 1949 Mercimoniorum
1106 1919 1213 1949 haben-

155 1961 202 1998 da,
217 1971 284 1993 cum
300 1958 443 2000 diligenti&
457 1958 546 1990 fuerat
558 1957 738 1997 prosecutus,

189 2000 291 2031 Eidem
316 1998 529 2029 Bartholomaeo
545 2021 554 2033 ,
580 1997 659 2036 super
684 1996 916 2034 Recuperatione
931 1995 1080 2028 Bonorum
1098 2002 1214 2028 eorum-

151 2038 238 2078 dem,
256 2039 380 2069 omnino
395 2036 484 2072 defuit
497 2037 526 2065 in
537 2035 650 2074 justitia
663 2035 841 2074 exhibenda,

189 2075 352 2107 Mandasset
365 2098 374 2114 ,
400 2085 448 2113 per
464 2074 570 2105 Literas
584 2073 641 2104 suas
653 2072 802 2112 Parentes,
821 2084 890 2105 tunc
905 2074 1063 2105 Senescallo
1078 2073 1128 2105 suo
1142 2073 1215 2106 Vas-

153 2125 249 2147 comae

194 2139 285 2192 Qidd
300 2154 396 2184 omnia
410 2151 488 2183 Bona
501 2153 535 2183 &
550 2151 743 2182 Mercimonia
758 2151 923 2182 Hominum
945 2152 979 2183 ὃς
999 2151 1216 2191 Mercatorum,

154 2192 192 2223 de
206 2191 348 2223 Potestate
361 2191 433 2222 dieti
446 2191 535 2228 Regis
552 2189 681 2221 Castellae
719 2200 784 2228 quae
799 2191 867 2220 infra
882 2190 1028 2220 Ducatum
1043 2191 1214 2228 praedie'tum

154 2231 274 2262 inveniri
297 2231 476 2267 contingeret
489 2253 498 2268 ,
517 2231 601 2268 usque
616 2229 650 2258 ad
664 2213 803 2258 V’alorem
815 2228 957 2259 didiarum
974 2228 1216 2268 Offingemarum

157 2269 325 2300 Marcarurn
347 2268 550 2306 Sterlingorum
566 2291 576 2306 ,
602 2266 758 2297 arestari&
771 2267 847 2298 salvo
863 2267 997 2298 custodiri
1009 2267 1126 2307 faceret,
1145 2278 1218 2307 quo-

157 2308 244 2346 usque
265 2308 381 2346 praefato
405 2306 617 2337 Bartholomaeo
632 2330 641 2343 ,
659 2305 778 2335 Haeredi
792 2306 825 2337 ὃς
838 2305 991 2336 Executori
1008 2306 1116 2343 praefati
1131 2306 1218 2338 Patris

158 2346 214 2384 sui,
233 2348 349 2376 nomine
365 2345 486 2382 ejusdem
502 2344 591 2375 Patris
607 2343 662 2382 sui,
680 2343 712 2374 ad
725 2344 843 2382 plenum
856 2344 925 2375 esset
939 2344 1219 2384 satista&um,prout

158 2386 191 2416 in
207 2385 307 2414 Literis
322 2383 442 2415 vidimus
459 2383 566 2420 plenius
581 2384 737 2420 contineri,

197 2423 320 2454 Didturn
336 2431 430 2452 tamen
444 2421 614 2453 Mandatum
627 2431 689 2452 non
703 2421 756 2452 fuit
770 2422 801 2451 in
812 2421 908 2460 aliquo
921 2420 1109 2461 Executioni,
1127 2431 1159 2454 ut
1173 2432 1221 2455 ac-

160 2462 304 2500 cepimus,
324 2462 531 2500 mancipatum,

198 2499 288 2537 Super
303 2509 361 2536 quo
379 2499 506 2536 praefatus
520 2498 740 2529 Bartholomaeus
759 2499 818 2535 J'am
834 2499 917 2529 nobis
931 2509 999 2530 cum
1014 2499 1144 2531 instantia
1158 2500 1224 2540 sup-

160 2538 291 2608 pliffivit,
310 2546 340 2567 ut
355 2536 406 2575 Ei,
424 2538 455 2567 in
469 2537 523 2568 hac
539 2547 630 2578 parte,
649 2538 844 2568 subveniamus
857 2537 1002 2569 Remedio
1018 2538 1194 2579 Oporruno,

237 2587 269 2607 os

199 2601 337 2647 Voleiites
351 2614 466 2653 praefato
480 2614 712 2653 Bartliolomaeo,
732 2614 851 2644 Haeredi
864 2615 897 2646 &
913 2614 1069 2646 Executori
1083 2615 1154 2646 dieti
1167 2613 1224 2647 Pa-

161 2654 210 2686 tris
231 2654 271 2684 sui
286 2676 297 2693 ,
327 2654 406 2691 super
419 2654 629 2691 recuperatione
645 2653 785 2682 diffluum
803 2652 1041 2692 Odiingentarum
1058 2653 1223 2685 Marcarum

161 2692 385 2731 sterlingorum,
404 2692 538 2730 quatenus
553 2701 620 2723 cum
638 2691 765 2721 instantia
777 2693 948 2730 poterimus,
966 2692 1131 2731 subvenire,

200 2730 403 2761 Excellentiam
428 2729 550 2760 vestram
578 2731 745 2768 requirimus
761 2753 770 2768 ,
795 2730 828 2761 &
850 2739 985 2767 rogamus
1000 2753 1010 2770 ,
1036 2731 1173 2769 quatenus
1186 2733 1226 2762 ei-

161 2768 229 2800 dem
250 2768 460 2799 Bartholomaeo
475 2792 485 2805 ,
511 2768 556 2799 vel
571 2770 626 2806 ejus
639 2769 669 2798 in
684 2768 738 2798 hac
753 2776 830 2806 parte
845 2768 1015 2807 Attornato,
1033 2771 1069 2799 de
1085 2770 1226 2808 praedietis

163 2807 346 2847 Offingemis
374 2805 480 2836 Marcis
510 2806 713 2845 Sterlingorum
731 2829 741 2844 ,
765 2806 894 2838 festinam
915 2808 1085 2839 solutionem
1100 2832 1110 2847 ,
1134 2819 1168 2839 ac
1188 2809 1226 2840 de

164 2843 307 2882 Dampnis
317 2855 397 2883 ,quae
412 2843 563 2874 occasione
577 2845 748 2875 detentionis
763 2844 891 2875 Summae
904 2847 974 2876 illius
989 2846 1226 2885 sustinuit,com-

165 2891 309 2920 petentem
324 2882 547 2913 SatisfaCtionem
561 2883 650 2912 velitis
664 2882 724 2912 fieri
733 2883 832 2920 jubere
850 2884 914 2914 zelo
926 2883 1046 2922 Justitiae
1078 2886 1227 2924 nostrique

167 2922 323 2958 rogaminis
336 2922 511 2959 interventu,
532 2929 615 2957 prout
632 2919 842 2952 Mercatoribus
862 2921 977 2962 vestris,
996 2924 1026 2953 in
1073 2924 1117 2954 asu
1133 2924 1228 2954 confi-

167 2960 229 2991 mili
243 2983 253 2997 ,
279 2969 330 2990 nos
351 2959 494 2990 volueritis
509 2959 566 2989 esse
579 2959 720 2996 finituros,
739 2959 792 2997 ita,
811 2960 830 2989 si
845 2960 952 2999 placet,
969 2961 1049 2999 quod
1064 2972 1124 2992 non
1140 2973 1228 3000 opor-

166 3006 222 3029 teat
234 3008 301 3036 n08‚
320 3008 372 3035 pro
386 2997 503 3035 praefato
514 2996 740 3035 Bartholomaeo,
759 3007 811 3036 pro
831 2998 946 3029 defedim
957 2999 1080 3037 Justitiae
1093 3001 1228 3031 exhiben-

167 3036 213 3067 dae
248 3036 285 3066 de
298 3036 353 3066 alio
370 3035 515 3065 Remedio
529 3035 687 3073 providere.

206 3059 245 3105 fit
259 3075 326 3112 quid
346 3073 412 3104 inde
425 3097 434 3111 ,
453 3073 487 3103 ad
503 3073 592 3104 nostri
608 3083 753 3113 rogatum,
771 3073 902 3106 duxeritis
916 3074 1094 3114 faciendum,
1112 3087 1165 3108 nos
1181 3087 1229 3115 per

169 3113 273 3144 vestras
289 3112 395 3144 Literas
407 3135 417 3151 ‚
435 3112 469 3143 &
485 3113 664 3150 praesentium
685 3111 812 3151 Bajulum
826 3136 837 3152 ,
861 3114 962 3144 curetis
985 3114 1101 3145 reddere
1122 3118 1228 3147 certio-

171 3161 224 3184 res.

207 3189 284 3220 Data
295 3189 368 3227 apud
381 3189 558 3222 Berewicutn
572 3190 651 3229 super
664 3189 808 3221 Twedam
817 3214 827 3229 ,
843 3190 984 3222 tricesimo
999 3191 1046 3222 die
1055 3191 1133 3231 Julii.

173 3326 222 3360 De
240 3326 317 3357 Pace
336 3325 422 3369 Regis
439 3335 495 3356 non
508 3323 725 3370 proclamanda
749 3335 819 3357 ante
841 3327 1041 3358 Securitatem
1062 3323 1169 3359 datam
1176 3337 1231 3373 per

579 3375 826 3418 llxlanucaptores.

176 3456 302 3515 REX
328 3455 504 3487 Vicecomit.
522 3456 740 3495 Notinghamiae
755 3457 787 3487 ὃς
802 3455 920 3487 Derbiae
933 3458 1066 3489 Salutem.

270 3496 347 3534 Qia
365 3496 394 3525 in
418 3494 547 3533 Guerra,
564 3504 614 3531 per
626 3495 745 3532 Scotos,
759 3493 896 3525 Inimicos
907 3498 940 3526 &
956 3497 1089 3527 Rebelles
1101 3496 1231 3537 nostros,

177 3542 280 3566 contra
298 3544 351 3564 nos
373 3543 460 3571 nuper
474 3532 572 3570 mota,
590 3533 708 3564 vietoria
724 3534 805 3563 nobis
819 3532 952 3564 divinitus
965 3536 1113 3574 attributa,
1131 3547 1231 3574 quam-

178 3573 303 3613 pluribus
322 3572 357 3602 de
377 3572 482 3610 Regno
503 3570 619 3618 nostro,
638 3572 685 3609 qui
695 3572 843 3602 nobiscum
859 3572 888 3601 in
904 3571 1051 3610 Obsequio
1066 3573 1164 3604 nostro
1179 3576 1232 3605 ibi-

178 3610 246 3641 dem
270 3612 418 3641 extiterunt
432 3634 441 3647 ,
466 3609 502 3639 de
523 3608 622 3640 Gratia
643 3609 738 3640 nostrii
755 3609 881 3649 speciali,
899 3610 933 3641 ὃ(
948 3621 1002 3648 pro
1016 3610 1100 3641 Bono
1112 3611 1232 3644 Servitio

179 3650 259 3687 quod
279 3650 361 3679 nobis
381 3650 410 3678 in
432 3647 532 3679 eadem
551 3646 663 3678 Guerra
675 3648 820 3686 fecerunt,
837 3657 886 3686 per
900 3649 990 3679 literas
1006 3648 1112 3680 nostras
1128 3649 1232 3681 Paten-

178 3695 236 3725 tes,
252 3687 473 3718 Pardonavimus
486 3687 523 3716 eis
538 3685 650 3716 Sectam
664 3685 743 3716 Pacis
757 3686 860 3718 nostrae
896 3697 958 3725 quae
977 3687 1012 3717 ad
1028 3687 1097 3718 Nos
1114 3691 1232 3726 pertinet

179 3735 233 3763 pro
255 3726 376 3756 Feloniis
399 3726 432 3756 ὃς
454 3723 728 3763 Transgreffionibus
741 3749 752 3762 ,
778 3724 855 3755 unde
868 3712 1021 3761 indidiari,
1039 3725 1171 3765 Reetati,
1187 3729 1234 3758 seu

181 3763 333 3802 Appellati,
352 3763 486 3794 existunt:
506 3773 538 3793 ac
554 3764 636 3794 etiam
650 3762 824 3802 Uriagarias,
842 3763 862 3793 si
875 3774 941 3802 quae
955 3765 984 3793 in
998 3765 1070 3802 ipsos
1082 3765 1135 3795 hiis
1148 3776 1235 3797 occa—

180 3801 301 3834 sionibus
323 3803 512 3843 promulgata:
532 3802 649 3835 fuerint;
668 3802 795 3844 prout-in
809 3802 894 3832 literis
908 3802 1009 3832 nostris
1021 3802 1180 3843 praedicitis,
1195 3806 1235 3835 se-

180 3842 297 3877 paratim
311 3841 379 3871 inde
390 3840 545 3878 conferitis,
560 3839 670 3879 plenius
686 3847 857 3870 continetur.
988 3844 990 3846 ’

219 3877 266 3908 Ac
281 3880 339 3916 jam
357 3879 525 3910 formidatur
538 3903 548 3917 ,
567 3887 596 3910 ut
612 3887 644 3908 ex
662 3876 787 3916 Qierela
801 3878 921 3914 plurium
934 3877 1138 3919 intelleximus,
1157 3881 1236 3919 quod

182 3915 298 3952 quidam
316 3917 430 3949 illorum
445 3941 455 3957 ,
481 3919 580 3955 quibus
594 3917 710 3957 gratiam
725 3915 853 3946 nostram
868 3915 906 3946 sic
919 3916 1039 3947 fecimus
1048 3939 1058 3955 ,
1075 3921 1237 3957 promptio-

185 3962 228 3982 res
243 3954 276 3984 &
289 3955 463 3995 audaciores,
481 3965 616 3994 praetextu
631 3955 716 3985 dietae
729 3953 930 3985 Conceffionis
940 3954 1062 3993 nostrae,
1081 3956 1238 3989 efficientur

185 3990 221 4020 ad
233 3991 304 4021 mala
317 3994 513 4033 perpetranda3
531 3996 565 4026 ὃς
581 3993 658 4033 quod
672 3992 727 4032 Ipsi
740 3993 768 4024 se
779 3992 814 4023 ad
826 3994 952 4024 invicem
972 3992 1184 4035 confoederare,
1203 3997 1238 4028 &

186 4028 391 4099 derogidffllibilis
406 4032 509 4100 :ligius
529 4034 591 4073 (qui
612 4031 669 4064 Eos
682 4056 692 4071 ‚
716 4041 781 4067 ante
802 4032 866 4064 haec
886 4040 1031 4072 tempora,
1048 4031 1240 4074 indictarum,

2330 268 2340 287 1
2350 266 2413 296 333·

1262 301 1343 337 Nos,
2308 300 2375 325 Edv.
2397 307 2422 334 Ξ.

1262 338 1479 375 indempnitati,
1497 338 1642 369 Securitati
1679 340 1711 370 &c
1726 340 1841 377 Quieti,
1860 339 2003 370 di&orum
2019 338 2158 369 Fidelium
2172 337 2285 368 nostro-

1226 386 1290 406 rum
1300 399 1308 414 ,
1328 377 1380 406 viis
1393 377 1528 406 omnibus
1540 378 1572 408 ὃς
1587 362 1696 415 modis,
1715 379 1814 416 quibus
1827 379 1999 417 poterimus,
2017 377 2165 416 providere
2185 376 2285 408 volen-

1227 425 1282 451 tes,
1300 424 1329 444 iit
1344 424 1491 452 tenemur,

1262 453 1333 482 Tibi
1345 453 1540 492 praecipimus,
1557 452 1674 483 firmiter
1689 454 1883 493 injungentes,
1902 454 1997 493 quod,

1265 490 1346 521 Cum
1368 491 1496 528 praedisti
1519 491 1663 521 Homines
1679 515 1688 529 ,
1713 492 1810 529 quibus
1827 493 1862 522 sic
1878 493 2006 523 Gratiam
2023 492 2159 530 fecimus,
2177 492 2222 522 vel
2235 500 2285 522 eo-

1229 539 1294 559 rum
1315 529 1412 567 aliquis
1427 552 1436 567 ,
1462 539 1528 559 cum
1550 529 1631 560 dietis
1654 530 1740 560 literis
1762 530 1863 560 nostris
1878 531 2040 562 patentibus
2056 531 2088 560 ad
2101 539 2129 560 te
2142 531 2288 568 venerint,

1230 567 1275 597 vel
1297 567 1446 605 miserint,
1471 569 1504 598 ὃς
1521 567 1618 597 Brevia
1638 568 1732 598 nostra
1754 569 1789 598 de
1812 569 1883 598 Pace
1905 569 2018 607 nostra,
2036 572 2073 599 eis
2090 569 2127 599 iic
2141 568 2288 606 concessa,

1230 605 1446 646 proclamanda,
1465 606 1510 635 vel
1523 607 1689 643 publicanda
1703 606 1870 645 detulerint,
1887 607 1931 637 vel
1948 608 2050 638 deferri
2063 607 2185 645 facient,

1268 644 1373 674 Pacem
1386 644 1510 673 nostram
1527 644 1689 682 prrcdictam
1705 645 1858 674 nullatenus
1873 646 2037 683 proclamari
2052 671 2061 683 ,
2079 647 2124 676 vel
2138 645 2292 683 publicari,

1231 681 1313 711 facias
1331 705 1339 720 ,
1363 683 1507 720 quousque
1533 683 1649 720 quilibet
1668 693 1768 712 eorum
1792 683 1957 714 sufficientes
1980 684 2218 726 Manucaptores,
2237 692 2290 720 pro

1233 722 1332 757 quibus
1346 721 1514 758 respondere
1527 721 1662 758 volucris,
1680 722 1731 750 tibi
1745 722 1898 758 invenerit,
1915 722 1995 760 quod
2008 722 2091 752 dietis
2102 723 2228 753 fidelibus
2237 732 2290 752 no-

1232 759 1293 789 stris
1318 760 1378 798 (qui
1398 769 1464 789 eum
1485 758 1655 789 indidiaruut
1670 783 1680 796 ,
1703 759 1748 789 vel
1767 760 1895 790 indiciari
1913 760 2123 798 procurarunt,
2156 761 2292 798 persecuti

1233 797 1347 828 fuerunt
1361 821 1370 836 ,
1394 797 1439 828 seu
1462 796 1626 834 arestarunt)
1650 799 1679 827 in
1700 797 1799 827 Rebus
1813 807 1860 828 aut
1873 797 2002 828 Personis
2017 799 2084 836 suis,
2104 798 2292 837 Darnpnum,

1237 835 1421 874 Molestiam,
1437 837 1483 867 vel
1499 836 1664 866 Gravamen
1686 845 1746 865 non
1759 836 1897 874 inferent,
1916 837 1960 866 seu
1978 838 1996 855 ²*
2011 837 2104 866 inferri
2119 838 2240 875 facient·³
2259 839 2292 869 &

1235 876 1314 912 quod
1330 875 1403 904 bene
1418 875 1451 905 &
1469 874 1585 905 fideliter
1602 874 1628 904 se
1642 883 1739 912 gerent
1754 884 1817 913 erga
1830 874 1915 911 Nos,
1933 876 1965 906 &
1980 875 2123 912 Populum
2136 876 2275 907 nostrum.

1274 912 1312 943 Et
1334 913 1535 943 nichilominus
1556 915 1586 942 in
1598 912 1686 950 locis,
1704 914 1733 942 in
1747 912 1850 943 Balliva
1872 912 1920 942 tua
1936 936 1944 950 ,
1960 913 2008 942 ubi
2030 913 2159 950 expedire
2178 915 2295 953 videris,

1236 953 1296 983 tam
1309 952 1378 982 infra
1395 952 1568 989 Libertates,
1585 952 1672 989 quam
1685 960 1778 989 exrra,
1796 951 1910 990 publice
1925 952 2106 989 proclamari,
2126 953 2159 982 δε
2175 963 2208 982 ex
2223 962 2298 991 parte

1238 988 1335 1020 nostra
1354 990 1471 1020 firmiter
1492 991 1612 1020 inhiberi
1633 990 1716 1020 facias
1731 1013 1741 1028 ,
1765 994 1810 1020 ne*
1823 990 1883 1028 quis
1905 989 2107 1027 praedictorum
2131 990 2296 1022 Hominum

1241 1029 1355 1067 (quibus
1376 1029 1415 1058 sic
1437 1028 1568 1059 Gratiam
1585 1028 1716 1064 fecimus)
1731 1028 1777 1058 vel
1792 1029 1878 1066 alim,
1895 1028 1945 1058 sub
1959 1027 2046 1065 poena
2063 1029 2207 1059 amittendi
2224 1030 2299 1060 Gra-

1239 1069 1308 1098 tiam
1330 1066 1457 1097 nostram
1480 1067 1645 1104 praedietam
1659 1090 1668 1105 ,
1693 1068 1726 1097 &
1745 1066 1921 1097 forisfasturfi
1936 1066 2011 1097 Vitae
2024 1068 2056 1098 &
2074 1066 2298 1106 Membrorum,

1240 1107 1275 1137 δε
1295 1106 1427 1136 omniurn
1447 1115 1511 1143 quae
1532 1105 1615 1135 nobis
1636 1105 1796 1135 forisfacere
1817 1106 1938 1143 poterit,
1963 1104 2206 1145 Congregationes
2255 1108 2301 1137 vel

1241 1143 1452 1175 Conventicula
1466 1143 1578 1182 illicita,
1594 1144 1694 1181 faciat,
1708 1144 1754 1173 vel
1766 1143 1825 1173 fieri
1839 1152 2049 1182 procuret:nec
2066 1145 2094 1174 iri
2107 1144 2191 1175 Feriis
2200 1169 2209 1182 ,
2219 1130 2301 1175 Mer-

1242 1184 1327 1220 catis,
1344 1183 1390 1213 vel
1413 1182 1471 1212 aliis
1493 1183 1564 1212 locis
1580 1204 1590 1220 ,
1615 1183 1733 1221 publicis
1747 1205 1756 1220 ,
1775 1182 1819 1212 vel
1832 1183 1959 1219 privatis,
1975 1191 2093 1212 armatus
2110 1183 2238 1221 incedat,
2254 1184 2301 1215 vel

1241 1230 1375 1252 armatam
1398 1222 1556 1258 potentiam
1574 1220 1658 1251 ducat
1672 1243 1681 1258 ,
1705 1221 1749 1251 seu
1773 1220 1841 1251 duci
1861 1220 1942 1249 faciat
1957 1242 1966 1257 ‚
1990 1220 2023 1250 ad
2045 1220 2150 1252 Pacem
2173 1222 2302 1253 nostram

1242 1260 1464 1298 perturbandum
1479 1270 1485 1288 :
1512 1270 1566 1289 nec
1582 1259 1723 1290 Fidelibus
1740 1258 1841 1290 nostris
1854 1258 2011 1296 praedietis,
2031 1259 2075 1288 vel
2089 1260 2144 1289 aliis
2160 1260 2302 1292 Fidelibus

1242 1298 1362 1337 nostris,
1378 1299 1520 1329 insidietur
1533 1298 1578 1329 vel
1593 1299 1804 1336 comminetur,
1824 1296 2012 1335 Dampnuur,
2030 1297 2209 1337 Molestiam,
2227 1300 2304 1330 Ter.

1244 1347 1354 1376 rorem,
1373 1346 1418 1367 aut
1435 1337 1598 1368 Gravamen
1614 1336 1727 1374 aliquod
1743 1336 1840 1367 inferat
1850 1335 1913 1373 ,seu
1928 1335 2022 1365 inferri
2039 1335 2135 1373 faciat,
2154 1347 2207 1367 nec
2223 1339 2304 1375 quic-

1244 1386 1328 1414 quam
1338 1399 1347 1414 ,
1364 1385 1413 1415 per
1427 1375 1505 1414 quod
1519 1375 1576 1405 Pax
1592 1374 1687 1406 nostra
1700 1374 1765 1405 laedi
1782 1399 1791 1414 ,
1808 1375 1856 1406 vel
1868 1373 1992 1412 Populus
2009 1373 2106 1404 noster
2119 1376 2240 1414 turbari,
2252 1386 2306 1414 po-

1245 1416 1324 1454 terit,
1340 1414 1432 1444 facere
1447 1413 1596 1452 praesumat
1612 1414 1712 1452 quovis
1730 1414 1831 1444 modo.

1279 1453 1315 1483 Et
1337 1462 1438 1483 omnes
1460 1453 1522 1482 illos
1535 1475 1544 1491 ,
1586 1462 1636 1483 uos
1654 1454 1828 1483 contrarium
1847 1451 1983 1482 inveneris
1997 1451 2146 1490 facientes,
2165 1452 2222 1483 sine
2237 1451 2308 1483 dila-

1244 1493 1323 1523 tione
1345 1491 1447 1529 Capias
1462 1515 1471 1528 ,
1489 1492 1522 1522 &
1537 1493 1565 1521 in
1606 1490 1695 1521 risoria
1710 1490 1806 1522 nostra
1819 1491 1895 1521 salvo
1909 1489 2044 1520 custodiri
2057 1490 2156 1529 facias,
2177 1492 2213 1520 ita
2227 1490 2308 1529 quod

1245 1531 1281 1560 ab
1296 1529 1395 1560 eadem
1413 1529 1491 1559 nullo
1508 1528 1599 1559 modo
1612 1529 1802 1560 deliberentur
1816 1530 1872 1559 fine
1887 1528 2020 1559 mandato
2034 1528 2132 1559 nostro
2147 1530 2265 1567 speciali.

1247 1568 1372 1638 ATesstte
1391 1567 1476 1605 Rege
1495 1567 1568 1607 apud
1583 1567 1711 1600 Novum
1733 1567 1868 1599 Castrum
1889 1567 1968 1605 super
1992 1567 2127 1606 Tynam,
2145 1576 2248 1607 quarto
2263 1568 2309 1600 die

1276 1616 1336 1645 ugu
1364 1617 1382 1636 i.

2320 835 2335 851 ⁴*
2357 835 2413 861 IV.

2321 882 2386 909 574-

1730 1646 1783 1673 Per
1796 1642 1877 1683 ipsimz
1889 1647 1985 1682 Regem
1999 1641 2037 1679 ὠ
2052 1644 2206 1676 Concilium.

1287 1721 1455 1754 Consimilia
1462 1721 1559 1754 Brevia
1572 1721 1729 1762 diriguntur
1745 1721 1857 1760 singulis
1863 1720 2091 1753 Vicecomitibus
2104 1731 2153 1762 per
2168 1722 2313 1761 Angliam.

1252 1853 1345 1896 Super
1365 1848 1479 1882 Clamio
1494 1850 1581 1895 Regis
1595 1845 1638 1880 ad
1645 1847 1782 1892 Insitlam
1798 1846 1836 1929 lde
1852 1849 1936 1879 Man
1950 1873 1959 1889 ‚
1974 1848 2020 1881 W
2019 1847 2142 1880 illielmo
2157 1847 2194 1881 de
2206 1852 2316 1883 Monte

1662 1906 1749 1930 acuto
1765 1908 1796 1929 re
1809 1905 1890 1929 axto.

1354 1984 1385 2016 X
1409 1985 1560 2022 omnibus,
1578 1983 1612 2015 ad
1627 1993 1715 2022 quos,
1734 1982 1795 2013 &c.
1814 1981 1947 2013 Salutem.

2391 1982 2470 2013 n.D.

1349 2024 1446 2054 Sciatis
1463 2023 1557 2060 quod,
1573 2023 1609 2054 de
1622 2022 1727 2052 affenlu
1744 2020 1945 2059 Praelatorum,
1961 2019 2133 2060 Comitum,
2153 2023 2315 2063 Baronum,
2340 1982 2388 2014 An

1255 1985 1344 2043 RE

2373 2031 2454 2061 1233,

1256 2064 1290 2095 &
1303 2063 1424 2093 aliorum
1446 2061 1618 2098 Magnatum
1634 2084 1643 2099 ,
1671 2061 1754 2090 nobis
1772 2058 1969 2097 assistentium,
1990 2060 2178 2100 Remisimus,
2198 2062 2316 2093 Relaxa-
2340 2042 2439 2097 A21.³7.

1256 2103 1365 2139 vimus,
1383 2101 1416 2132 &
1430 2101 1553 2130 omnino
1566 2110 1620 2139 pro
1633 2099 1716 2129 nobis
1731 2099 1764 2129 &
1779 2096 1950 2128 Haeredibus
1966 2098 2081 2137 nostris,
2105 2100 2245 2169 &netum
2261 2102 2317 2131 cla·
2342 2105 2373 2127 E.
2395 2110 2420 2136 3.

1257 2142 1398 2171 mavimus
1412 2163 1422 2177 ,
1447 2138 1566 2169 Dilecto
1587 2140 1621 2170 &
1641 2137 1730 2168 Fideli
1745 2136 1868 2174 nostro,
1885 2136 2046 2167 Willielmo
2057 2138 2093 2168 de
2148 2149 2216 2170 onte
2231 2149 2316 2171 acuto
2339 2143 2400 2167 Par.
2412 2148 2439 2173 7.

1257 2187 1352 2211 totum
1373 2177 1424 2216 Jus
1447 2177 1480 2208 &
1503 2175 1651 2207 Clamium
1665 2199 1676 2215 ,
1701 2175 1777 2214 quod
1800 2175 1952 2214 habemuS,
1970 2175 2138 2216 habuimus,
2159 2178 2205 2208 vel
2222 2179 2317 2216 aliquo
2340 2182 2371 2205 E.
2394 2186 2418 2213 3-
2436 2183 2460 2213 P·

1258 2218 1349 2249 modo
1364 2217 1468 2247 habere
1481 2217 1657 2254 poterimus,
1676 2216 1705 2244 in
1722 2213 1814 2244 insula
1832 2213 1868 2244 de
1882 2212 1955 2243 Man
1968 2237 1977 2252 ‚
1996 2224 2064 2244 cum
2082 2216 2133 2246 suis
2143 2218 2319 2254 pertinentiis
2343 2226 2370 2244 2.
2386 2223 2475 2243 πλη.

1259 2256 1501 2296 quibuscumque,
1519 2255 1557 2284 ita
1574 2255 1654 2292 quod
1670 2262 1723 2283 nec
1738 2251 1808 2282 Nos
1822 2274 1831 2290 ‚
1857 2261 1912 2282 nec
1923 2251 2062 2284 Haeredes
2075 2254 2180 2294 nostri,
2197 2257 2242 2286 seu
2259 2259 2322 2294 qui-

1259 2297 1302 2327 vis
1317 2294 1384 2325 alius
1397 2292 1497 2324 nostro
1517 2294 1635 2322 nomine
1648 2316 1657 2330 ,
1681 2290 1783 2329 aliquid
1795 2290 1870 2328 Juris
1886 2290 1931 2321 vel
1947 2289 2052 2322 Clamii
2068 2293 2097 2323 in
2112 2292 2205 2325 Insula
2219 2295 2323 2333 praedi-

1260 2333 1323 2372 ἃᾶ,
1339 2332 1377 2401 fle
1392 2341 1498 2362 caetero
1500 2353 1532 2400 ἐξ
1533 2332 1646 2370 exigere
1659 2330 1814 2368 poterimus
1831 2329 1876 2361 vel
1889 2329 2047 2361 vendicare.

1354 2382 1373 2401 n
1389 2381 1483 2408 quuS,
1534 2379 1560 2400 c.

1297 2409 1388 2442 Teste
1402 2408 1485 2448 Rege
1500 2407 1574 2446 apud
1588 2406 1725 2447 TopcliF‚
1744 2416 1825 2438 nono
1838 2406 1884 2438 die
1895 2405 2028 2447 Augusti.

1957 2486 2011 2515 Per
2021 2484 2104 2526 ipfiem
2116 2488 2221 2524 Regem.

1312 2621 1361 2653 De
1379 2615 1469 2651 libero
1484 2620 1760 2651 [mercimoniorum
1779 2618 1953 2663 Intercursit
1976 2628 2032 2664 pro
2049 2616 2282 2666 quibu-[Eumque

1574 2664 1805 2702 Mercatoribus
1821 2667 2014 2714 Alienigenis.

1331 2753 1356 2784 E
1366 2751 1397 2783 X
1422 2751 1598 2783 Vicecomiti
1614 2750 1746 2782 Eborum
1764 2751 1899 2782 Salutem.
2354 2750 2431 2781 Ann.
2443 2748 2485 2780 D.

1362 2791 1439 2830 Qia
1459 2790 1558 2822 datum
1577 2790 1617 2820 est
1639 2790 1721 2820 nobis
1741 2790 1882 2828 intelligi,
1909 2789 1987 2828 quod
2008 2790 2137 2820 nonnulli
2154 2789 2332 2822 Mercatores
2381 2798 2466 2829 1333·

1269 2830 1443 2869 Alienigenae
1456 2852 1466 2868 ,
1488 2837 1625 2867 praetextu
1643 2828 1764 2858 Guerrae
1780 2852 1789 2866 ,
1813 2829 1842 2858 in
1865 2829 1988 2868 partibus
2001 2828 2109 2859 Scotiae
2121 2839 2210 2867 nuper
2226 2838 2332 2869 morae,
2353 2832 2405 2856 An.
2423 2838 2449 2863 7·

1267 2870 1398 2899 timentes
1414 2867 1514 2898 Naves
1535 2868 1568 2899 &
1584 2866 1663 2897 Bona
1679 2866 1723 2896 sua
1745 2865 1778 2896 ea
1799 2867 1948 2897 occasione
1962 2866 2043 2904 poste
2057 2867 2184 2906 arestari,
2204 2868 2231 2898 se
2247 2878 2333 2900 retra·
2354 2871 2383 2893 Ε·
2407 2876 2431 2902 3·

1267 2915 1368 2937 xerunt
1383 2929 1393 2944 ,
1418 2906 1451 2935 &
1471 2905 1563 2935 adhuc
1583 2905 1748 2943 retrahunt,
1776 2906 1930 2943 quominus
1947 2905 2011 2936 loea
2034 2905 2134 2944 Regni
2153 2906 2240 2938 nostri
2262 2917 2331 2939 cum
2354 2904 2441 2940 olaus.

1270 2943 1455 2976 Mercandisis
1471 2945 1522 2974 suis
1536 2943 1728 2981 frequentent,
1748 2943 1817 2974 sicut
1833 2943 2060 2983 consueverunt,
2357 2952 2382 2978 7-
2398 2946 2426 2968 E·
2442 2950 2467 2977 3·

1305 2984 1376 3014 Tibi
1392 2983 1570 3022 praecipimus
1584 2982 1684 3020 quod,
1702 2983 1731 3011 in
1747 2981 1858 3021 singulis
1871 2982 1942 3013 locis
1958 2982 2072 3014 Ballivae
2089 2992 2162 3022 tuae,
2181 2984 2229 3014 ubi
2244 2993 2329 3021 expe·
2354 2987 2377 3012 t>-
2400 2988 2468 3007 1-m·

1268 3022 1327 3053 dire
1341 3021 1460 3058 videris,
1478 3022 1537 3050 tam
1551 3020 1621 3050 infra
1635 3020 1808 3059 Libertates,
1828 3021 1914 3059 quam
1929 3030 2023 3059 exna,
2043 3022 2158 3060 publice
2172 3022 2329 3060 proclama·
2356 3028 2381 3055 3-
2403 3018 2429 3045 d·

1269 3064 1293 3092 ri
1315 3061 1397 3091 facias
1414 3082 1423 3097 ‚
1450 3059 1530 3098 quod
1553 3068 1653 3089 omnes
1675 3058 1852 3090 Mercatores
1872 3059 2047 3099 Alienigenae
2062 3082 2071 3098 ,
2089 3069 2332 3098 quarumcumque

1269 3100 1424 3131 Terrarum
1462 3107 1530 3128 curn
1545 3097 1695 3136 Navibus,
1712 3097 1828 3137 Rebus,
1847 3099 1880 3129 &
1896 3098 1983 3129 Bonis
1996 3098 2062 3136 suis,
2081 3098 2130 3128 sub
2144 3097 2333 3129 Protetfilione

1270 3139 1304 3170 &
1318 3137 1393 3168 salvo
1413 3120 1571 3166 donduetu
1592 3134 1692 3166 nostro
1705 3159 1715 3174 ,
1740 3136 1809 3166 infra
1831 3136 1972 3174 Regnum
1993 3136 2139 3175 nostrum,
2157 3136 2334 3176 ubicumque

1270 3175 1430 3214 voluerInt,
1449 3175 1537 3205 libere
1549 3175 1680 3212 veniant,
1699 3176 1733 3205 ὃς
1748 3173 1939 3206 Mercaiidisas
1952 3175 2008 3205 suas
2023 3183 2190 3213 exerceant,
2209 3175 2268 3205 tarn
2282 3186 2334 3214 per

1271 3215 1373 3252 Mare,
1392 3214 1479 3252 quam
1493 3223 1543 3251 per
1557 3212 1697 3250 Terram,
1715 3213 1851 3244 solvendo
1865 3212 2018 3244 Custumas
2037 3212 2143 3243 debitas
2155 3213 2189 3243 &
2204 3214 2313 3244 usitatas

1308 3253 1346 3284 Et
1369 3251 1450 3291 quod
1466 3276 1476 3290 ,
1500 3251 1535 3282 de
1558 3250 1643 3281 Bonis
1661 3252 1695 3282 &
1713 3250 1914 3282 Mercimoniis
1927 3251 2112 3289 eorumdem,
2129 3252 2282 3290 quicquam
2297 3238 2332 3283 ad

1271 3302 1343 3331 opus
1364 3290 1494 3321 nostrum
1509 3314 1518 3328 ,
1543 3289 1587 3320 seu
1609 3289 1729 3319 aliorum
1753 3299 2018 3328 quorumcumque,
2037 3298 2139 3320 contra
2151 3290 2330 3321 voluntatem

1271 3329 1458 3368 eorumdem,
1477 3329 1509 3359 &
1525 3328 1627 3366 absque
1640 3327 1747 3359 Debita
1762 3328 1956 3359 satisfactione
1970 3329 2008 3358 eis
2022 3327 2150 3359 facienda
2159 3329 2330 3367 ,nullatenus

1271 3377 1405 3407 capietur.

1308 3406 1398 3439 Teste
1413 3406 1495 3445 Rege
1507 3404 1582 3443 apud
1595 3404 1817 3443 Knaresburgh,
1833 3405 1948 3436 decimo
1961 3404 2036 3435 sexto
2050 3404 2096 3435 die
2110 3404 2239 3444 Augusti.

1760 3483 1814 3511 Per
1829 3484 1922 3512 Breve
1938 3481 1968 3511 de
1985 3483 2103 3510 Privato
2120 3480 2219 3518 Sigillo.

1303 3560 1424 3606 „Eodem
1441 3556 1531 3589 modo
1552 3566 1729 3596 praeceptum
1753 3556 1795 3587 est
1821 3557 1931 3596 singulis
1952 3557 2180 3588 vicecomitibus
2201 3566 2251 3596 per
2269 3556 2334 3589 An·

1271 3602 1401 3669 gh'sseite
1415 3643 1447 3666 ut
1458 3635 1545 3673 supra.

1978 3672 2032 3702 Per
2044 3672 2113 3702 idem
2127 3674 2229 3702 Breve.

2355 3731 2371 3748 ³*
2394 3732 2448 3759 Iv.

1276 3799 1298 3844 *ζ
1318 3821 1367 3852 De
1378 3816 1563 3862 Inquisitione
1571 3813 1663 3858 fhper
1673 3813 1810 3844 Licentia
1822 3837 1832 3853 ‚
1856 3813 1950 3843 Scotis
1963 3813 1998 3848 ὠ·
2017 3811 2086 3843 aliis
2102 3821 2157 3856 pro
2166 3815 2262 3858 pretio
2273 3813 2332 3858 fa·
2357 3779 2483 3838 5A71³⁵ilD=

1371 3866 1418 3898 aa
1429 3890 1439 3906 ‚
1464 3867 1634 3909 Argentum
1649 3870 1738 3892 extra
1753 3857 1926 3901 Potestatem
1943 3861 2030 3906 Regis
2034 3856 2236 3904 subducendi‚
2354 3852 2466 3918 A333373.

1282 3958 1373 4017 RE
1383 3955 1436 4025 Xe
1451 3955 1573 3986 Dtieetts
1586 3956 1620 3987 δε
1634 3954 1775 3985 Fidelibus
1795 3953 1849 3985 suis
1862 3976 1873 3993 ‚
1890 3953 2018 3985 Thomae
2032 3953 2166 3996 Bacoun,
2182 3957 2216 3988 ὃς
2225 3957 2332 3997 Johan-
2351 3926 2447 3994 5433.

1361 4007 1379 4026 n
1438 3994 1511 4025 laver
1546 3994 1679 4025 Salutem.
2356 4001 2385 4024 Ε.
2404 4006 2428 4033 3.
2437 4002 2462 4032 p.

1318 4035 1414 4074 Qia,
1431 4042 1465 4064 ex
1479 4017 1663 4065 insinuatione
1682 4030 1859 4101 diverffimzm
1870 4030 2037 4065 Hominum
2046 4033 2168 4066 Dimidii
2182 4033 2337 4103 *1⁶¹¹dess
2355 4045 2383 4101 ἲ
2390 4045 2425 4063 m.
2441 4043 2487 4062 20.
