2562 4279
145 131 192 171 7²

3 201 80 233 Anu.
98 200 136 232 D.
187 203 267 234 Cum
286 209 374 240 nuper
391 201 559 239 suscepimus
580 200 610 230 in
633 197 849 229 Proteenonem
869 197 903 229 δε
926 196 1135 229 Defenfionem
1154 205 1209 226 no-

27 249 111 275 1331·
152 241 237 272 stram
261 242 351 309 igsum
367 239 547 270 Cardinalem
563 261 573 275 ,
592 236 751 275 Homines,
769 237 890 274 Terras,
908 236 983 275 Res,
1002 236 1158 274 Redditus,
1175 235 1210 265 &

7 283 73 308 Edv.
89 289 102 316 3
109 299 116 305 -
150 290 252 310 omnes

6 2236 81 2266 Ann.
95 2234 137 2267 D.

27 2283 111 2313 1331.

295 278 457 309 offeffiones
479 277 535 307 suas
548 300 557 313 ,
583 276 718 305 omnibus
735 277 768 306 &
781 275 892 314 singulis
904 275 1080 313 inhibentes,
1097 276 1134 304 ne
1147 274 1209 312 quis

153 320 208 356 eis,
226 320 254 348 in
276 317 402 347 Personis
416 339 426 354 ,
451 324 497 345 aut
519 314 620 345 Rebus
637 313 708 353 suis,
726 313 874 352 Injuriam,
893 313 1079 352 Molestiatn,
1097 312 1210 350 Damp-

151 367 223 387 num
231 379 241 394 ,
259 355 372 385 inferret
384 355 430 385 seu
444 354 625 391 Gravamen,

193 393 351 424 Richardus
365 393 401 423 de
416 391 575 429 Kynebelle
589 413 599 429 ,
617 390 674 420 unii
684 400 752 421 curn
766 389 931 429 quibusdam
944 390 1002 420 aliis
1015 388 1212 420 Malefastori-

152 434 221 469 bus,
242 433 274 462 ὃς
297 431 379 461 Pacis
399 430 504 460 nostrae
525 429 770 460 Perturbatoribus
783 451 794 468 ,
811 428 948 460 Clausum
962 429 1042 467 ipsius
1057 427 1213 459 Cardinalis

155 470 227 510 apud
242 469 424 508 Bukyngham
438 464 478 498 Vi
492 469 526 499 &
541 468 637 498 Armis
650 468 748 507 fregit:

193 508 229 538 Et
243 507 376 538 Herbam
388 508 480 545 suam,
499 506 572 544 apud
588 505 738 537 Gauecote
751 515 840 544 nuper
857 505 1030 537 crescentem
1045 530 1055 543 ,
1074 504 1108 535 ad
1120 503 1214 535 valen-

152 548 221 577 tiam
242 545 369 577 Centum
388 546 571 584 Solidorum,
589 554 659 576 cum
682 545 847 583 quibusdam
862 545 987 583 Averiis,
1003 543 1130 582 depastus
1145 543 1215 580 fuit,

152 585 333 616 conculcavit
348 586 380 616 ὃς
396 584 563 614 consumsit:

193 623 231 655 Et
245 624 369 654 Arbores
382 623 455 661 suaS,
473 622 579 653 ibidem
593 627 682 660 nuper
695 621 866 660 crescentes,
884 621 1014 652 succidit:

191 662 228 693 Et
244 664 272 691 in
288 661 313 691 V
317 662 407 692 ivariis
420 661 472 692 suis
487 661 595 692 ibidem
609 661 725 699 piscatus
738 661 808 699 fuit,

196 700 232 731 Et
248 700 357 730 Piscem
380 700 446 730 inde
461 725 471 738 ,
488 710 522 731 ac
538 700 665 730 Arbores
680 699 844 737 praedffi‘ras,
860 708 893 728 ac
908 697 960 728 alia
971 696 1051 728 Bona
1063 697 1096 727 &
1110 694 1215 726 Catalla

159 739 203 770 sua
219 739 342 777 ibidem,
360 739 394 770 &
406 738 480 777 apud
495 739 602 769 diiiam
616 738 721 769 Villam
734 737 770 767 de
782 736 967 775 Bukyngham
976 759 985 773 ,
1004 745 1119 765 necnon
1133 734 1217 764 Blada

155 779 185 808 in
215 777 319 808 Garbis
335 801 344 816 ,
370 777 404 808 de
423 777 541 808 decimis
562 776 642 815 ipsius
663 775 818 807 cardinalis
833 798 842 813 ,
867 774 940 812 apud
963 774 1162 816 Lethyngham
1182 773 1215 803 &

155 814 286 860 Bourton
305 817 419 848 inventa
433 841 444 855 ,
466 816 501 846 ad
519 817 669 848 valentiam
691 814 838 853 Sexaginta
855 813 1022 850 Librarum,
1041 812 1161 849 cepit&
1175 821 1217 841 as-

175 863 294 886 ortavit:

155 864 174 895 p
194 892 231 924 Et
251 893 390 932 quandam
409 893 560 924 Cai'et‘tam
581 893 676 930 suam,
689 890 778 922 Bladis
800 891 830 920 iri
845 889 948 920 Garbis
962 911 972 927 ,
996 887 1032 934 de
1045 887 1157 919 decimi
1172 888 1216 935 ip:

159 931 212 962 sius
233 932 387 963 Cardinalis
401 956 410 971 ,
436 941 573 962 carcaram
588 954 597 969 ,
623 932 655 962 δε
676 939 730 960 tres
745 929 844 967 Equos
859 928 920 958 suos
935 929 963 958 iti
979 926 1078 957 eadem
1093 925 1216 956 Careeia

151 970 269 1009 junc‘tos
281 995 290 1009 ,
314 981 328 1001 a
351 971 387 1002 ud
402 969 508 1000 dietam
523 970 625 1000 Villam
646 969 682 999 de
706 967 931 1007 Lethyngburgh
945 990 954 1004 ,
981 966 1014 996 ὃ(
1033 964 1162 996 Centum
1180 966 1214 995 &

157 1008 306 1046 Sexaginta
321 981 420 1049 Xgnos
434 1009 515 1047 sum,
533 1008 606 1047 apud
620 1008 727 1038 dietam
743 1006 844 1050 Villam
858 1005 894 1035 de
909 1005 1059 1036 Gauecote
1073 1005 1215 1042 inventos,

157 1049 236 1087 pretii
251 1049 350 1086 viginti
364 1048 534 1085 Librarum,
551 1048 625 1086 cepit
639 1048 671 1078 ὃς
685 1045 813 1075 abduxit:
871 1083 876 1088 ·
1070 1082 1076 1087 ,
1174 1082 1179 1087 .

196 1086 235 1118 Et
250 1088 278 1116 in
292 1086 436 1117 Homines
452 1086 484 1116 δε
497 1085 654 1116 Servientes
669 1084 731 1115 suos
747 1083 854 1126 ibidem
869 1081 1000 1112 insultum
1021 1081 1108 1120 fecit,
1127 1081 1159 1112 &
1172 1090 1215 1119 ip-

157 1124 202 1156 sos
215 1124 389 1163 verberavit,
408 1124 630 1162 vulneravit,.&
647 1122 720 1153 male
732 1122 875 1152 tranavit:
927 1159 931 1164 ⁵

194 1162 230 1193 Et
252 1163 431 1203 quadraginta
449 1162 558 1193 Poreos
580 1162 642 1192 suos
656 1185 665 1200 ,
690 1160 763 1199 apud
777 1160 882 1190 dietam
895 1158 1000 1189 Villam
1015 1158 1051 1188 de
1063 1158 1216 1189 Gauecote

98 1217 100 1220 >
157 1202 306 1240 inventos,
325 1203 406 1240 pretii
421 1210 539 1232 centum
555 1200 719 1231 Solidorum
733 1199 808 1236 cepit
822 1199 855 1229 &
870 1198 1047 1235 imparcavit:

4 2316 58 2341 Ari.
75 2323 99 2348 5.

6 2355 35 2378 ΣΕ.
57 2361 81 2387 3.

6 2389 111 2417 Liberat
116 2410 121 2416 .

194 1239 230 1270 Et
251 1241 279 1270 in
303 1240 438 1278 quosdam
458 1240 526 1270 alios
546 1238 689 1269 Homines
703 1238 735 1267 &
750 1237 908 1267 Servientes
921 1236 999 1272 suos,
1019 1235 1092 1273 apud
1107 1235 1214 1265 dietam

155 1277 262 1309 Villam
275 1278 311 1309 de
326 1278 525 1318 Bukyngham,
545 1277 675 1307 insultum
687 1276 772 1313 fecit,
791 1275 824 1305 &
837 1274 909 1312 ipsos
924 1274 1097 1317 verberavit,
1115 1274 1215 1304 vulne-

154 1318 224 1347 ravit
238 1339 247 1354 ,
273 1317 464 1355 imprisonavit
478 1340 487 1355 ,
515 1317 547 1347 δε
572 1315 644 1345 male
665 1315 818 1351 metavit,
845 1313 878 1343 &
892 1311 964 1349 ipsos
978 1322 1007 1341 in
1025 1310 1157 1355 Prisona,
1180 1322 1214 1342 ac

155 1352 267 1386 Porcos
290 1356 439 1393 praedi&0s
451 1379 460 1393 ,
486 1355 523 1384 sic
538 1356 724 1391 imparcatos,
742 1351 888 1390 quousque
903 1349 980 1380 idem
993 1349 1150 1381 Cardinalis
1166 1350 1214 1380 Fi-

154 1403 224 1424 nem
247 1404 315 1424 cum
334 1394 453 1432 praefato
476 1392 603 1423 Ricardo
618 1416 627 1429 ,
653 1401 701 1429 per
718 1398 834 1421 centum
851 1388 981 1428 Solidos,
999 1389 1033 1420 &
1049 1399 1134 1419 unam
1148 1388 1214 1419 Ro-

156 1432 241 1470 bam,
259 1433 342 1470 fecit,
360 1432 492 1462 detinuit:

195 1470 240 1500 Ac
261 1470 428 1508 quibusdam
447 1470 503 1500 aliis
518 1468 695 1499 Hominibus
719 1468 752 1498 δε
774 1467 962 1498 Servientibus
976 1466 1044 1504 suis,
1062 1467 1213 1497 intantum

155 1507 194 1540 de
214 1509 381 1547 corporibus
399 1510 466 1547 suis,
486 1509 644 1538 cominatus
658 1507 725 1543 fuit,
745 1506 825 1544 quod
840 1506 887 1543 ipsi
903 1505 996 1535 eidem
1011 1505 1153 1536 Cardinali
1166 1505 1215 1535 de-

156 1546 259 1578 servire
280 1556 340 1577 non
361 1547 500 1578 audebant
516 1569 526 1584 ,
551 1547 583 1577 &
604 1555 620 1575 a
633 1545 745 1575 servitio
758 1544 807 1575 suo
823 1544 848 1574 se
865 1552 1034 1574 retraxerunt
1049 1544 1082 1574 ὃς
1097 1543 1215 1581 elonga-

154 1593 220 1615 runt
235 1608 244 1623 ,
264 1596 313 1623 per
330 1585 408 1624 quod
423 1585 478 1623 ipse
490 1585 633 1615 servitium
647 1584 779 1614 omnium
793 1582 961 1613 Hominum
983 1582 1015 1613 &
1032 1581 1213 1614 Servientum

155 1623 271 1654 suorum
286 1623 489 1662 praedidiorum
504 1633 553 1661 per
569 1631 704 1662 magnum
718 1631 832 1659 tempus
847 1622 951 1651 amilit:

191 1661 229 1692 Et
250 1662 300 1692 alia
319 1663 448 1693 enormia
469 1663 494 1692 ei
513 1661 604 1692 intulit
625 1660 659 1691 ad
680 1669 764 1700 grave
776 1661 932 1698 dampnum
948 1658 1029 1697 ipsius
1044 1658 1215 1698 Cardinalis,

155 1701 189 1732 &
198 1709 308 1768 s{ontra
330 1700 546 1732 Protee’tionern
566 1699 692 1730 nostram
714 1698 880 1737 praedie‘cam
895 1721 906 1737 ,
931 1699 964 1729 ἅ
987 1707 1087 1728 contra
1108 1697 1214 1728 Pacem

155 1748 196 1769 no
223 1749 291 1769 ram.

194 1776 232 1807 Et
244 1779 307 1816 quia
320 1776 562 1817 Transgressiones
583 1776 657 1814 illas,
676 1775 695 1806 si
710 1775 800 1806 taliter
814 1782 975 1816 perpetrate
996 1774 1111 1812 fuerint,
1131 1775 1216 1804 relin-

156 1825 244 1883 ‹bquere
262 1816 395 1846 nolumus
417 1816 567 1854 impunitas
579 1837 588 1853 ,
613 1813 673 1849 &a
689 1821 769 1852 prout
789 1817 818 1843 in
838 1813 1009 1855 confimilibus
1034 1812 1216 1854 Inquifitioni-

174 1865 213 1883 us.

195 1930 285 1961 Teste
298 1930 384 1969 Rege
397 1929 470 1969 apud
483 1928 664 1968 Guldeford,
681 1929 820 1961 vicesimo
833 1928 878 1960 die
890 1929 1079 1960 Novembris.

766 2008 819 2037 Per
833 2008 994 2037 Petitionem
1008 2006 1040 2036 de
1054 2004 1176 2036 concilio.

230 2135 288 2165 Pro
304 2133 433 2166 Nunciis
453 2133 575 2179 Alf07fi
587 2133 622 2168 de
639 2133 772 2168 Kariello
792 2135 916 2166 Baronis
931 2131 966 2165 de
983 2132 1135 2179 Ispannia.

224 2217 247 2248 E
259 2217 306 2255 X,
324 2217 512 2249 Thesaurario
527 2220 560 2251 &
577 2219 744 2250 Camerariis
759 2219 826 2256 suis,
845 2218 979 2249 Salutem.

255 2256 403 2294 Liberate,
421 2256 456 2286 de
472 2257 619 2288 Thesauro
636 2258 754 2296 nostro,
773 2257 915 2303 Nunciis,
934 2257 1054 2287 Nobilis
1068 2257 1146 2295 Viri,
1161 2255 1214 2294 Jo-

152 2294 249 2324 hannis
265 2294 375 2325 Alfonsi
389 2294 425 2324 de
440 2295 576 2327 Carriello
585 2321 595 2334 ,
612 2296 725 2326 Baronis
740 2296 777 2325 de
789 2295 930 2334 lspannia,
939 2295 973 2325 ad
986 2295 1054 2326 Nos
1066 2297 1095 2325 in
1112 2294 1216 2334 Anglii

153 2332 190 2362 de
210 2333 326 2371 praefato
349 2332 456 2363 Barone
478 2336 654 2365 venientibus
671 2358 680 2373 ,
706 2335 821 2364 Decem
843 2334 956 2365 Marcas
971 2357 981 2370 ,
1005 2334 1041 2363 de
1056 2334 1148 2364 Dono
1163 2344 1216 2363 no-

155 2371 214 2438 gtro
226 2395 236 2409 ,
260 2372 289 2401 in
309 2371 524 2402 subventionem
538 2373 728 2411 Expeniarum
750 2373 860 2403 suarum
874 2397 884 2411 ,
901 2372 935 2403 ad
947 2373 1059 2411 propria
1074 2380 1217 2404 reverten-

176 2419 204 2439 o.

8 2436 35 2463 5.
48 2432 79 2454 Ξ.
98 2438 122 2464 3.

6 2475 44 2493 ν’·
62 2475 87 2492 ²¹
192 2483 282 2515 Teste
296 2485 380 2525 Rege
397 2487 469 2525 apud
483 2485 667 2526 Wymburn,
688 2488 787 2525 quinto
802 2486 846 2517 die
862 2486 1045 2518 Decembris.

536 2564 589 2592 Per
601 2562 683 2602 ipstcm
697 2565 793 2601 Regem
802 2587 812 2602 ,
830 2566 976 2594 nunciante
990 2563 1176 2602 Thcfizurario.

7 2696 27 2720 ar
49 2701 103 2729 ιν,
251 2683 278 2710 ²¹⁶
305 2689 362 2720 Pro
378 2685 540 2720 Militibus
557 2691 679 2721 Comitis
699 2685 734 2720 de
757 2690 829 2730 Eu,
852 2686 889 2720 de
904 2689 992 2721 Dona
1011 2691 1106 2735 Regis.

8 2747 84 2806 5gii-ri.
99 2774 141 2806 D.
226 2771 252 2802 E
262 2772 311 2816 X,
327 2773 511 2804 Thesaurario
526 2774 559 2804 &
574 2772 742 2804 Camerariis
759 2773 826 2817 suis,
846 2773 980 2817 Salutem3

7 2823 63 2882 21¹,ss
70 2823 115 2888 ³55·
154 2811 1215 2888 Waiepssil'eoaiiehfeevTissssisSui‘ibssffiSu’offffifi’osfssffls?aefssn‘l‘ffin‘lff

10 2901 114 2957 ιὲῑῖιᾷη.

154 2887 1214 2965 ἰὲΞΞ-ὲηῗῐῇοἶῗὲἓὲξῑῗνῗέῗὲῖῄέἘξῗςὶἷξὲᾶηῗῗὲοοξῐέἠἶῗέἰὲἳῗὶὲῐῗ

189 2966 193 2970 .
277 2950 287 2964 ²
1200 2946 1214 2951 -

153 2974 232 3034 pu&
256 3002 419 3041 quibusdam
440 3000 598 3040 Militibus,
616 3013 704 3040 nuper
719 3003 752 3033 ad
766 3003 834 3034 Nos
850 3005 880 3034 in
896 3004 1013 3044 Augila,
1032 3005 1121 3043 cum,
1141 3005 1214 3036 No-

154 3041 205 3072 bili
218 3041 306 3079 Viro,
325 3039 444 3071 Comite
455 3039 492 3071 de
508 3040 571 3079 Eu,
590 3042 783 3080 venientibus,
803 3042 838 3073 de
852 3042 944 3074 Dono
961 3043 1060 3074 nostro
1084 3044 1214 3075 liberatis.

194 3115 284 3147 Teste
298 3115 384 3154 Rege
395 3117 470 3155 apud
483 3116 650 3156 Claryndon
659 3141 667 3155 ,
685 3116 761 3148 sexto
775 3118 820 3149 die
835 3119 1015 3150 Decembris.

843 3196 896 3223 Per
909 3194 990 3234 ipsian
1005 3199 1108 3234 Regem.

157 3334 216 3368 Ad
230 3337 338 3381 Regem
365 3333 488 3378 Castellae
509 3335 599 3381 stiper
616 3337 773 3381 Emptione
790 3338 1030 3369 Dextrariorum
1047 3340 1078 3368 in
1098 3336 1214 3382 Hispa-

654 3396 716 3416 nla-

18 3494 142 3525 ΛΜΗ).
160 3474 235 3534 M
246 3474 379 3514 Agnifico
400 3475 525 3519 Principi
540 3498 549 3514 ,
568 3476 703 3506 Domino
717 3475 852 3514 Alfonso,
870 3476 927 3507 Dei
944 3476 1048 3515 gratia,
1067 3476 1214 3512 castellae,

254 3513 406 3551 Legionis,
424 3513 538 3551 Toleti‚
557 3514 688 3551 Sibilliae,
708 3513 881 3552 Cordubiae,
901 3515 1024 3546 Murciae
1039 3540 1047 3553 ,
1063 3515 1215 3554 Jehennae,

46 3541 127 3572 ¹33¹·
159 3558 241 3587 atque
255 3551 393 3591 Algarbiae
410 3552 483 3591 Regi
517 3562 550 3583 ac
565 3552 731 3583 Comitatus
746 3553 852 3583 Molini
868 3553 1018 3591 Domino,
1038 3553 1216 3584 Consanoui-

18 3574 59 3599 An
84 3580 112 3604 5.

17 3613 39 3636 E
68 3618 79 3644 3

17 3646 104 3681 Claus.
123 3655 148 3679 5.

17 3689 47 3711 Ε.
60 3690 151 3720 3.p.2.

19 3732 55 3749 m.
73 3722 134 3750 2.d

160 3598 214 3618 neo
233 3589 282 3619 suo
300 3589 442 3620 carissimo
459 3613 468 3627 ,
490 3576 647 3622 'Edwai-dus
661 3613 670 3629 ‚
689 3591 788 3621 eidem
802 3591 905 3631 gratia,
924 3592 989 3622 Rex
1004 3592 1134 3635 Angliae,
1153 3578 1213 3623 ἓῑς.

160 3625 299 3671 Salutem,
317 3629 349 3658 ὃς
365 3628 530 3668 Successus,
547 3629 581 3660 ad
596 3639 680 3667 vota,
699 3629 755 3659 sem
777 3640 805 3660 er
821 3631 965 3668 prosperos
980 3632 1013 3662 ὃς
1028 3631 1131 3660 felices.

199 3663 296 3703 Cum,
312 3665 393 3696 clarae
408 3669 575 3705 memoriae,
593 3668 739 3698 Dominus
754 3640 789 3698 ἕ.
809 3678 897 3706 nuper
912 3668 977 3698 Rex
990 3668 1117 3707 Angliae,
1133 3667 1213 3699 Pater

164 3700 255 3743 noster
270 3726 279 3739 ,
304 3703 339 3732 de
361 3704 507 3735 Thesauro
527 3706 576 3735 suo
604 3728 607 3730 -
623 3705 733 3737 dudum
753 3707 862 3736 liberari
878 3706 986 3737 feciffet
1001 3706 1086 3736 Mille
1099 3705 1214 3736 Marcas

136 3744 141 3749 ·
163 3736 370 3776 Sterlmgorum
392 3741 513 3772 Andreae
535 3743 571 3773 de
590 3729 686 3775 Peritz
703 3768 712 3783 ,
737 3744 773 3774 de
794 3743 899 3776 Castro
915 3745 1014 3784 Suriz,
1032 3744 1163 3784 Burgensi
1177 3744 1214 3775 de

163 3773 256 3817 Burgh
272 3800 281 3812 ‚
305 3779 338 3820 {Sc
361 3779 508 3824 Gunsalvo
527 3781 669 3825 Goderitz
685 3805 694 3820 ,
719 3792 772 3819 pro
791 3782 879 3821 Equis
901 3783 1053 3814 Dexrrariis
1068 3806 1077 3822 ,
1095 3783 1129 3812 ad
1143 3793 1163 3813 o
1185 3793 1215 3813 us

164 3811 232 3842 dieti
248 3811 333 3843 Patris
346 3816 448 3854 nostri,
465 3829 492 3847 in
508 3822 628 3856 partibus
644 3820 776 3859 Ispanniae
796 3821 939 3861 emendis,
958 3823 992 3853 ὃς
1008 3822 1042 3852 ad
1057 3821 1147 3860 ipsum
1161 3793 1216 3851 Ba-

164 3857 239 3880 trcm
250 3851 375 3881 nostrum
390 3854 538 3895 ducendis,

165 3926 171 3931 ·
200 3886 337 3931 [demque
351 3890 472 3935 Andreas
485 3894 595 3925 obiisset
608 3897 769 3935 priusquam
786 3897 925 3929 Dextrarii
946 3897 1075 3936 praediffl
1096 3897 1129 3928 ad
1144 3907 1216 3935 opus

164 3925 246 3963 ipsius
262 3925 345 3955 Patris
361 3927 446 3958 nostri
458 3934 545 3969 empti
558 3934 686 3972 fuiffent,
704 3935 799 3971 sicque
813 3936 890 3967 di&a
902 3936 1027 3967 Pecunia
1046 3945 1131 3974 penes
1146 3945 1217 3974 prae-

166 3965 255 3994 iatum
280 3963 455 3995 Gunsalvum
470 3991 480 4004 ,
505 3971 536 3998 &
553 3970 724 4003 Executores
741 3972 919 4006 Testamenti
933 3974 1062 4013 praediffl
1076 3973 1216 4013 Andreae,

165 3999 299 4032 haetenus
312 4003 457 4041 remansit,
480 4005 512 4036 ὃ(
528 4017 651 4041 remanet
665 4011 693 4039 in
709 4010 851 4049 praesenti,

573 105 1369 158 CONVENTIONES·,

1448 107 1845 163 L1TERAE‚

1288 194 1408 234 Propter
1450 196 1508 227 uod
1524 220 1535 236 ,
1560 196 1696 227 dileftum
1716 196 1872 227 Vallettum
1886 194 2033 233 nostrum,
2051 194 2209 228 Arnaldum
2221 197 2311 239 Garsy
2334 194 2459 226 Anti-Di
2486 225 2488 227 .

1252 232 1289 263 de
1308 234 1414 265 Sansto
1430 206 1561 273 Johanne
1575 259 1585 273 ,
1606 235 1640 265 ad
1661 244 1751 273 partes
1770 234 1873 265 vestras
1886 257 1896 273 ,
1917 234 1952 264 ad
1973 233 2078 264 dictam
2094 236 2260 276 pecuniam,
2276 237 2310 268 ad
2352 243 2437 275 1331.

1253 281 1324 310 opus
1338 272 1471 303 nostrum
1483 272 1670 312 exigendam,
1688 273 1897 304 transmittimus

1291 309 1443 349 Ipsumque
1457 313 1637 343 oneravimus
1650 321 1680 342 ut
1697 295 2004 350 quinquagintaiiquos
2018 309 2183 341 Dextrarios
2192 311 2228 342 ad
2241 323 2314 352 opus

1254 350 1381 379 nostrum
1395 351 1453 380 emi
1469 351 1502 381 &
1517 350 1679 388 provideri,
1697 351 1731 380 δε
1747 350 1780 380 ad
1793 349 1861 380 Nos
1874 351 1903 379 in
1922 349 2062 386 Angliam
2074 348 2141 379 duci
2153 349 2235 381 faciat
2243 361 2312 383 curn

1254 386 1394 418 celeritate
1408 388 1465 426 qua
1478 389 1536 419 fieri
1552 390 1653 426 poterit
1666 389 1746 419 bono
1759 388 1868 426 modo,

1291 425 1475 457 Serenitatem
1489 426 1610 457 vestram
1625 428 1727 457 votivis
1741 425 1891 457 affeffibus
1904 429 2051 456 exoramus
2068 448 2076 463 ,
2104 425 2239 463 quatenus
2252 425 2316 458 Mi-

1253 462 1343 494 nistris
1361 464 1426 494 dare
1446 465 1536 496 velitis
1546 467 1575 495 in
1596 465 1750 503 mand-atis,
1768 474 1799 495 ut
1815 464 1907 495 eidem
1923 464 2047 494 Arnaldo
2062 465 2091 493 in
2107 464 2255 495 exactione
2268 466 2314 496 di-⁴

1255 502 1310 532 &ae
1323 502 1457 533 Pecuniae
1471 504 1659 534 favorabiliter
1673 504 1807 541 existant,
1826 505 1909 541 eique
1931 501 1997 532 inde
2016 527 2024 540 ,
2042 511 2178 540 quantum
2193 502 2228 533 ad
2243 504 2317 541 ipsos

1255 541 1393 579 pertinet,
1412 541 1536 572 exhiberi
1549 543 1652 573 faciant
1661 542 1782 581 Justitiae
1795 541 2052 579 complementum.

1293 578 1331 609 Et
1351 579 1460 616 insuper
1480 580 1641 614 concedere
1661 581 1794 618 dignetur
1815 580 1904 611 vestra
1924 579 2018 617 Regia
2038 578 2204 618 Celsitudo‚
2237 579 2317 618 quod

1256 617 1384 655 praediffl
1398 617 1540 649 Dextrarii
1553 621 1630 658 emi,
1649 621 1682 651 &
1695 627 1769 650 extra
1784 619 1960 650 Domiiiium
1979 617 2103 648 vestrum
2126 617 2249 656 extrahi,
2267 619 2314 650 seu

1256 655 1339 694 duci,
1357 656 1480 694 poffint,
1498 657 1604 695 sibique
1621 658 1689 688 inde
1710 658 1817 688 Literas
1835 657 1938 689 vestras
1958 655 1994 686 de
2009 656 2090 690 ,salvo
2105 655 2262 687 Condqu
2272 658 2318 696 ju-

1257 694 1324 724 bere
1336 693 1395 724 fieri
1409 694 1510 725 nostris
1525 696 1653 733 precibus
1669 697 1703 727 &
1717 706 1824 727 amore.

1294 732 1486 770 significantes
1502 735 1586 763 nobis
1600 758 1609 771 ,
1632 734 1652 764 fi
1666 735 1756 771 placet

1258 771 1330 809 rint,
1349 772 1378 800 in
1391 772 1526 802 omnibus
1540 781 1607 802 vota
1623 773 1721 803 vestra.

2331 275 2400 302 Edv.
2422 283 2447 310 ς.
2480 299 2483 301 Α

1770 758 1780 773 ,
1797 736 1829 765 in
1843 734 1895 765 hiis
1911 759 1921 773 ,
1939 742 2002 773 quae
2015 733 2097 765 vobis
2111 732 2244 771 placitura
2257 733 2319 764 fue-

1295 846 1371 878 Data
1383 847 1456 886 apud
1471 848 1595 886 Welles,
1614 849 1750 880 vicesimo
1764 859 1844 881 nono
1859 849 1905 881 die
1920 849 2101 882 Decembris.

1380 923 1550 955 Consimiles
1567 924 1668 956 Literae
1680 925 1837 965 diriguntur
1853 926 2025 966 subscriptis,
2045 926 2176 958 videlicet
2186 950 2195 965 ,

1295 1000 1428 1030 Alkaldis
1441 999 1480 1036 ῥ’
1496 999 1606 1041 Confilio
1618 1001 1651 1031 de
1662 1004 1765 1040 Burgos
1776 1005 1806 1032 in
1820 1002 1972 1042 Hispania,

1294 1039 1455 1069 Haeredibus
1471 1038 1509 1074 &¹
1523 1040 1719 1070 Executoribus
1738 1040 1899 1081 Testamenti
1913 1042 2036 1072 Andreae
2050 1042 2082 1072 de
2097 1044 2195 1073 Peritz
2209 1042 2240 1072 de
2256 1044 2314 1072 Ca-

1293 1077 1590 1156 Gssssiiss'sszdm

1255 1236 1314 1269 Ad
1339 1240 1455 1284 Papam
1474 1265 1484 1281 ‚
1514 1249 1568 1285 pro
1596 1242 1716 1273 Simone
1745 1238 1961 1285 Archiepiscopo
1988 1240 2195 1282 Cantuarienfi
2214 1250 2317 1273 contra

1586 1288 1749 1321 malivolas
1767 1287 1979 1335 Suggestiones.

1255 1368 1304 1429 P
1313 1369 1371 1400 ΑΡ
1381 1370 1423 1402 AE
1449 1372 1515 1402 Rex
1527 1371 1632 1403 devota
1646 1372 1757 1404 Pedum
1773 1372 1866 1403 oscula
1877 1373 2037 1404 beatorum.
2298 1408 2300 1410 v
2335 1378 2411 1410 Αῃη,
2425 1378 2470 1417 D,

1343 1409 1463 1448 Quanto
1478 1411 1622 1441 intensiori
1633 1411 1968 1450 desiderio,Venerabilis
1982 1411 2086 1450 Patris,
2105 1410 2229 1441 Simonis
2237 1409 2315 1442 Can-
2356 1428 2440 1459 1332·

1255 1448 1395 1490 tuarienlis
1411 1449 1639 1489 Archiepiscopi,
1655 1451 1740 1481 totius
1754 1450 1869 1487 Angliae
1883 1450 2030 1489 Primatis,
2048 1450 2264 1488 tranquilitatem
2273 1450 2316 1480 di-
2333 1462 2387 1486 Aa.
2402 1468 2431 1494 5.

1254 1485 1366 1529 ligimus
1380 1488 1413 1518 ὃ(
1428 1488 1571 1518 honorem
1595 1488 1689 1526 (ipsius
1706 1488 1832 1519 Gestum
1851 1489 2019 1519 laudabilem
2039 1490 2072 1520 &
2091 1489 2222 1519 solertem
2243 1489 2314 1528 vigi-
2334 1500 2363 1524 E.
2386 1506 2410 1532 3·

1257 1523 1369 1554 lantiam
1390 1526 1419 1555 in
1437 1526 1591 1557 commisso
1613 1527 1662 1557 libi
1685 1527 1836 1567 Regimine
1857 1527 2093 1565 contemplando)
2116 1537 2153 1557 eo
2169 1526 2316 1558 molestius
2333 1538 2404 1562 Rom.
2421 1545 2452 1572 5,

1254 1561 1369 1593 ferimus
1384 1588 1393 1601 ,
1418 1564 1489 1595 dum
1512 1566 1569 1603 ejus
1591 1564 1749 1596 Laudabilis
1767 1565 1862 1596 Fam-:e
1884 1566 1902 1585 'li
1923 1564 2107 1596 Praeconium
2122 1588 2131 1604 ,
2157 1575 2241 1604 penes
2263 1575 2315 1596 ve-
2332 1576 2363 1600 E.
2386 1582 2413 1610 3,
2430 1581 2473 1613 ’,ὅ

1254 1600 1340 1645 stram
1354 1602 1576 1642 Beatitudinem,
1596 1604 1737 1635 mendoiis
1756 1604 1947 1643 conspicimus
1962 1603 2191 1645 Suggestionibus
2214 1603 2314 1642 depra-
2339 1619 2363 1638 ι,

1257 1649 1325 1670 vari.
1421 1673 1427 1676 ,
2334 1648 2354 1668 si
2372 1650 2425 1679 IV.

1292 1677 1367 1723 Sane
1380 1702 1391 1718 ,
1416 1678 1500 1722 Pater
1520 1680 1697 1711 Sanetiffime
1713 1704 1721 1719 ,
1746 1681 1827 1712 nobis
1850 1681 1967 1712 relatum
1987 1680 2028 1712 est
2045 1691 2061 1712 a
2083 1681 2225 1712 nonnullis
2238 1680 2318 1720 quod
2335 1688 2404 1723 506.

1257 1716 1372 1753 quidam
1387 1742 1397 1755 ,
1423 1719 1505 1756 ipsius
1526 1719 1740 1758 Archiepiscopi
1764 1721 1891 1757 quietem
1905 1721 2069 1757 perturbare
2086 1720 2250 1759 molientes,
2268 1730 2319 1752 ve·-

1257 1754 1320 1786 strae
1331 1755 1378 1795 sug
1399 1756 1521 1788 efferunt
1537 1756 1726 1797 Clementiae,
1745 1758 1822 1795 quod
1837 1758 1914 1788 idem
1934 1758 2188 1797 Archiepiscopus,
2206 1760 2235 1789 in
2252 1759 2317 1789 ulti-

1258 1803 1309 1824 mo
1325 1793 1376 1824 Par
1388 1796 1512 1826 iamento
1528 1796 1643 1834 nostro,
1663 1796 1824 1834 procurasse
1840 1796 1973 1827 debuerat
1988 1807 2072 1834 penes
2087 1796 2172 1835 Nos,
2189 1795 2223 1827 &
2237 1797 2320 1827 suum

1258 1832 1292 1862 ad
1309 1832 1367 1876 boc
1383 1831 1544 1865 Consilium
1560 1835 1744 1873 impendisse,
1760 1845 1791 1865 ut
1805 1835 1905 1866 vestrae
1919 1835 2076 1865 SanCtitatis
2092 1836 2125 1865 δε
2142 1835 2320 1874 Apostolicae

1258 1868 1336 1900 Sedis
1357 1870 1472 1902 Nuncii
1487 1895 1498 1910 ,
1521 1873 1557 1903 de
1575 1873 1672 1903 Terris
1693 1875 1792 1904 exteris
1812 1873 1924 1904 oriundi
1940 1896 1950 1910 ,
1969 1874 2092 1910 permitti
2105 1883 2164 1903 non
2179 1873 2316 1903 deberent

1259 1910 1364 1939 morari
1385 1910 1413 1939 in
1435 1910 1539 1951 Angli&
1552 1934 1562 1950 ,
1587 1921 1640 1942 nec
1658 1912 1818 1951 injundmm
1830 1913 1870 1942 eis
1883 1911 2027 1943 Officium
2042 1911 2148 1943 ibidem
2164 1911 2318 1950 aliqualiter

1258 1956 1416 1979 excercere.

1279 1986 1348 2030 'N‘e
1360 1988 1443 2026 igitur
1455 1997 1533 2018 aures
1546 1988 1647 2019 vestrae
1661 1988 1786 2020 Paternae
1799 1986 1914 2020 Pietatis
1927 1998 1961 2019 ex
1974 1987 2134 2027 hujusmodi
2150 1987 2320 2024 Suggestio-

1256 2024 1355 2063 nibus,
1372 2035 1439 2063 quae
1457 2028 1580 2057 omnino
1600 2036 1694 2058 carent
1711 2028 1869 2066 primordio
1891 2028 2029 2065 veritatis,
2048 2026 2082 2057 ad
2097 2026 2321 2065 indignationem

1257 2073 1321 2101 erga
1335 2064 1483 2101 praefatum
1500 2065 1756 2103 Archiepiscopum
1770 2066 1923 2104 aliqualiter
1937 2073 2120 2103 moveantur,

1297 2101 1405 2133 Vestrae
1423 2102 1590 2134 Beatitudini
1605 2104 1693 2134 Fideli
1706 2104 1890 2135 Testimonio
1907 2105 2085 2142 intimamus,
2102 2102 2182 2142 quod
2195 2110 2255 2133 non
2269 2102 2321 2133 fuit

1255 2141 1360 2179 aliquid
1376 2141 1503 2181 dietum,
1521 2143 1566 2174 vel
1580 2152 1780 2182 procuratum,
1797 2144 1828 2173 in
1843 2143 1923 2174 dieto
1938 2143 2146 2180 Parliamento,
2166 2151 2220 2172 nec
2235 2141 2318 2180 alias,

1256 2189 1356 2211 contra
1368 2180 1499 2218 praefatos
1515 2181 1652 2212 Nuncios
1667 2183 1773 2212 vestros
1787 2206 1796 2221 ,
1821 2192 1871 2222 per
1885 2182 2032 2220 praefatum
2049 2180 2303 2218 Archiepiscopum
2312 2202 2323 2219 ,

1255 2218 1292 2288 <ge
1304 2218 1426 2257 ipsorum
1440 2221 1632 2259 ammotione,
1651 2220 1695 2251 seu
1709 2222 1918 2259 perturbatione
1934 2222 1963 2251 in
1979 2219 2093 2250 Officiis
2107 2220 2158 2249 suis
2171 2227 2313 2257 exequen-

1277 2268 1305 2288 is.

1277 2295 1415 2365 'sPIaceat
1436 2298 1520 2338 igitur
1533 2321 1542 2337 ,
1566 2298 1724 2336 quaesumus
1737 2322 1747 2336 ,
1771 2297 1872 2330 vestrae
1888 2297 2053 2337 Benignitati
2064 2295 2189 2327 eundem
2204 2295 2325 2327 Archie-

1256 2345 1284 2373 pi
1296 2345 1402 2373 copum

1296 2374 1357 2412 Qii
1378 2360 1590 2405 in'executione
1610 2373 1711 2404 Officii
1724 2374 1872 2405 Pastoralis
1892 2374 1999 2405 solicite
2023 2373 2163 2411 elaborat,
2181 2373 2214 2403 &
2231 2381 2318 2410 quem

1256 2412 1360 2443 Virum
1375 2413 1515 2443 credimus
1530 2413 1606 2444 Vitae
1620 2414 1772 2444 Sanetitate
1787 2413 1990 2452 conspicuum,
2010 2412 2145 2442 Moribus
2158 2412 2316 2448 Tempera-

1257 2458 1335 2489 tum,
1354 2451 1506 2482 Devotum
1518 2453 1618 2489 pariter
1632 2453 1664 2483 &
1681 2451 1862 2491 modestum,
2188 2487 2193 2493 ,

1294 2489 1426 2527 Habere,
1444 2489 1479 2520 de
1491 2490 1669 2529 hujusmodi,
1687 2490 1736 2520 sibi
1754 2492 1847 2521 minus
1868 2490 2004 2520 veraciter
2018 2487 2170 2525 impositis,
2186 2485 2314 2524 inculpa-

1256 2528 1345 2558 bilem
1365 2529 1476 2568 penitus
1499 2529 1533 2559 &
1553 2530 1741 2567 immunem,
1760 2530 1842 2566 eique
1857 2528 2084 2565 Indignationem
2102 2526 2133 2563 (si
2148 2535 2234 2569 quarn
2251 2533 2315 2563 erga

1256 2567 1362 2604 ipsum,
1380 2567 1412 2597 ea
1431 2567 1581 2598 occasione
1593 2589 1604 2606 ,
1628 2567 1794 2604 conceperit
1813 2566 1905 2598 vestra
1927 2563 2106 2602 Sanetimdo)
2130 2573 2252 2594 omnino
2268 2586 2278 2602 ,
2296 2561 2317 2592 fi

1256 2605 1356 2643 libeat,
1373 2604 1545 2635 condonare.

1294 2680 1469 2720 conservet,
1487 2681 1548 2713 δίε.

1293 2758 1361 2790 Dat.
1380 2758 1454 2797 apud
1466 2754 1594 2797 Welles,
1611 2758 1688 2789 sexto
1703 2757 1748 2789 die
1759 2758 1891 2798 Januarii.

1256 2886 1314 2916 Pro
1341 2883 1505 2918 Willielmo
1531 2881 1567 2916 de
1592 2885 1703 2916 Monte
1719 2885 1826 2930 ¹Acuta
1846 2910 1856 2925 ‚
1885 2883 1977 2930 fhper
1998 2884 2135 2929 Captione
2155 2883 2264 2927 Rogeri‘
2280 2879 2316 2914 de

1659 2934 1789 2965 Mortuo
1808 2934 1914 2966 Mari.
2304 2933 2308 2935 ”

1256 3016 1401 3087 REgs
1417 3018 1568 3087 omnibigs,
1583 3017 1618 3048 ad
1635 3027 1722 3056 quOS,
1740 3018 1802 3049 &c-
1821 3017 1955 3048 Salutem.
2334 3024 2411 3056 Arm·
2425 3025 2468 3058 1),

1293 3066 1454 3133 Cumciibtsls,
1469 3067 1566 3133 ‘iiiicper'
1577 3094 1783 3125 confidemntec
1796 3093 1914 3132 qualiter
1927 3091 2055 3131 Negotia
2067 3114 2077 3129 ,
2094 3100 2146 3122 nos
2158 3091 2192 3122 &
2205 3090 2314 3136 Statum
2336 3073 2444 3139 ‘122²‘

1256 3131 1351 3177 Regni
1367 3134 1456 3164 nostri
1469 3135 1663 3177 contingentia
1676 3156 1686 3170 ,
1733 3142 1763 3162 er
1776 3131 1927 3169 Rogemm
1942 3129 1982 3174 de.
1995 3129 2118 3160 Mortuo
2135 3130 2228 3175 Mari,
2247 3138 2315 3161 tunc
2336 3146 2362 3171 Ε,
2384 3151 2413 3179 3,

1255 3171 1405 3202 Comitem
1419 3172 1575 3209 Marchiae,
1593 3173 1626 3202 &
1641 3180 1699 3208 quo
1712 3170 1778 3222 dam
1793 3169 1855 3212 suos
1863 3167 2046 3212 Complices,
2067 3168 2102 3198 ad
2112 3168 2208 3213 'no-stri
2224 3168 2318 3212 Damf
2335 3185 2395 3209 Par.
2404 3190 2433 3216 5·

1255 3210 1610 3285 {gilffl'ggeggssggssffissc'
1624 3209 1888 3246 depaupeiauonem
1909 3215 1994 3239 totius
2015 3206 2118 3245 Populi
2133 3207 2203 3238 dieti
2222 3207 2318 3247 Regm
2334 3223 2431 3294 ξιξ-ξ
2443 3229 2467 3248 ¹,

1256 3283 2317 3392 5532&³¹32e2d2ssrff÷s¹53335ss22232122¹ssffzrfspaffsffissnmssisssisstsiss

1276 3372 1292 3391 e
1339 3371 1424 3391 enerc
1435 3372 1476 3392 no
1503 3372 1550 3400 ro,
1569 3371 1621 3400 pro
1641 3371 1715 3393 irion
1742 3369 1794 3392 iter
1808 3372 1884 3392 anea
1905 3370 1948 3400 at,

1290 3399 1442 3506 :sslblgliffis’
1453 3438 1534 3477 ipfius
1548 3438 1796 3477 praesumptuosam
1815 3438 1976 3477 Malitiam,
1993 3447 2111 3479 urgente
2123 3435 2312 3476 conscientia,

1257 3485 1412 3559 togileiio
1434 3516 1467 3546 &
1488 3515 1577 3546 Fideli
1595 3515 1713 3560 nostro,
1731 3515 1893 3560 Willielmo
1915 3516 1951 3547 de
1972 3516 2081 3547 Monte
2099 3515 2196 3558 Acuto
2210 3536 2221 3551 ,
2237 3513 2317 3550 super

1257 3552 1399 3591 Captione
1422 3554 1543 3593 ejusdem
1561 3555 1691 3592 Rogeri,
1708 3555 1742 3585 &
1763 3553 1952 3593 Complicum
1966 3556 2081 3586 suorum
2095 3551 2317 3590 praedistorum,

1257 3592 1440 3635 revelavimus
1454 3592 1602 3623 Secretum
1617 3592 1722 3622 Cordis
1740 3593 1845 3632 nostri,
1864 3594 1912 3631 qui
1931 3593 1966 3623 ad
1982 3590 2152 3634 Mandatum
2166 3588 2315 3628 nostrum,

1256 3631 1400 3668 assumptis
1422 3630 1458 3675 ad
1477 3632 1535 3662 hoc
1555 3631 1651 3661 secum
1669 3631 1835 3675 quibusdam
1856 3631 1995 3661 Fidelibus
2018 3628 2120 3672 nostris
2134 3652 2144 3665 ,
2168 3626 2318 3672 praefatutn

1259 3668 1411 3736 R0{esl¹.ffl
1427 3679 1457 3699 in
1474 3668 1689 3713 CastroUnostro.
1703 3669 1739 3699 de
1754 3669 1788 3699 N
1791 3670 1946 3714 otingham·
1959 3666 2087 3699 arestavit
2098 3690 2108 3704 ,
2126 3667 2160 3698 &
2173 3663 2316 3697 carcerali

1257 3706 1316 3737 Cui
1331 3707 1406 3752 odrae
1416 3731 1427 3746 ,
1444 3717 1529 3752 prout
1544 3717 1569 3737 ei
1584 3716 1772 3751 injunximus,
1790 3714 1975 3745 mancipawt,

1294 3744 1332 3774 Et
1354 3755 1417 3783 quia
1430 3770 1440 3784 ,
1466 3756 1496 3776 in
1517 3745 1693 3776 Arestatione
1712 3746 1847 3784 praediCtfi
1889 3744 1981 3782 Hugo
1995 3742 2031 3773 de
2044 3740 2197 3779 Turpliton
2213 3740 2315 3781 Miles,

1257 3783 1290 3826 βε
1305 3782 1443 3814 Ricardus
1457 3784 1494 3814 de
1509 3783 1688 3814 Monemuth
1696 3807 1706 3822 ,
1725 3794 1840 3822 propter
1854 3768 2070 3824 Resistentiam‚
2088 3789 2173 3818 quarn
2187 3780 2315 3812 fecerunt

1257 3830 1288 3850 m
1296 3820 1498 3889 ξῗῖεῃῇοηεω
1513 3822 1593 3860 ipsius
1608 3822 1734 3862 Rogeri,
1753 3823 1865 3853 fuerunt
1879 3819 2034 3857 interfeffi,

1333 3869 1379 3896 os,

1294 3897 1441 3929 Securitati
1454 3898 1536 3937 ipsius
1550 3898 1720 3937 Willielmi,
1738 3898 1772 3929 &
1785 3897 1906 3927 aliorum
1919 3894 2058 3925 Fidelium
2073 3893 2236 3926 nostrorum
2245 3896 2320 3934 ,qui

1258 3935 1289 3964 in
1301 3934 1451 3968 Comitin
1464 3937 1511 3968 sus
1526 3946 1596 3968 tunc
1609 3937 1739 3973 fuerunt,
1757 3937 1795 3965 ne
1809 3936 1846 3965 de
1858 3933 1959 3964 Morte
1974 3932 2191 3976 praedietorum,
2210 3933 2316 3973 Hugo-

1257 3974 1300 4003 nis
1318 3973 1352 4003 &
1366 3973 1482 4006 Ricardi
1497 3997 1507 4012 ,
1524 3975 1570 4005 seu
1583 3974 1618 4004 ali
1639 3975 1720 4005 uibus
1735 3983 1785 4017 per
1804 3974 1891 4010 ipsos,
1908 3970 1955 4014 seu
1969 3980 2069 4014 eorum
2081 3971 2220 4009 aliquem,
2238 3974 2315 4003 circa

1260 4010 1472 4045 Arestationem
1489 4012 1615 4051 ejusdem
1665 4021 1746 4051 ogeri
1762 4033 1772 4049 ‚
1795 4016 1976 4049 perpetrata,
1993 4010 2155 4048 inquietari,
2172 4009 2320 4079 seufiocca5·

2232 4057 2321 4085 onan,
