2562 4279
732 223 844 265 ET
927 221 1195 263 ACTA

41 312 117 343 Ann.
132 308 174 340 D.
188 310 266 350 quod
280 311 355 343 idem
369 311 500 342 Thomas
513 311 550 342 de
566 310 666 342 Morte
681 309 727 340 illa
740 310 769 339 in
787 308 866 353 nullo
887 307 928 338 est
952 306 1111 345 culpabilis,
1131 315 1184 336 nec
1205 306 1242 336 de

71 356 155 389 1337·
189 350 322 388 Affensu,
339 350 468 387 Auxilio,
491 349 535 379 seu
547 349 772 393 'Procuratione,
787 347 925 384 elusdem,

45 389 110 416 Ξάν-
131 396 156 423 3·
226 388 349 426 Nosque
361 389 440 425 super
451 388 527 425 hoc,
546 398 575 417 in
592 387 778 417 Parlramento
795 384 906 422 nostro,
924 391 1003 427 tento
1017 381 1090 427 apud
1099 381 1242 426 Eborutn,

188 428 218 457 in
238 426 360 457 crastino
382 426 558 456 Ascenfionis
579 425 720 461 Domini,
738 423 825 453 Anno
846 421 1041 465 Regnrnostrr
1055 420 1166 456 Nono,
1185 421 1243 457 ipso

127 492 140 500 7
188 464 309 495 Thoma
322 473 390 495 tunc
404 463 512 494 ibidem
530 473 625 493 coram
636 463 722 503 *nobis
734 461 883 504 praesente,
902 460 936 490 &
947 459 1096 502 Judicmm
1107 458 1186 488 suum
1207 458 1242 488 de

189 502 333 543 praemiffis
347 510 475 540 petente,
491 501 680 532 oneraffemus
694 499 840 536 Comites,
859 498 994 535 Ramnes,
1012 497 1045 526 &
1063 497 1131 526 ahos
1153 496 1243 540 Mag-

190 551 266 573 nates
290 541 384 579 Regni
408 539 514 577 nostri,
544 539 650 569 ibidem
675 547 742 568 tunc
764 536 908 579 existentes
923 557 931 572 ,
958 535 1036 578 super
1056 544 1154 579 eorum
1175 534 1243 564 Fide

191 580 225 610 &
241 580 276 610 Li
296 578 399 616 cantia,
417 579 497 608 nobis
517 576 632 614 debitis,
653 576 729 612 quod
750 575 803 612 Ipsi
825 574 923 617 Nobis
943 572 1191 616 Deliberattonem.
1209 573 1243 603 ὃς

193 617 284 648 Confi
297 619 353 648 'um
366 617 445 647 suum
456 616 599 654 dicerent,
618 615 684 653 quid
698 613 806 651 dejure
828 622 856 641 m
870 611 924 642 hac
946 619 1023 649 parte
1044 612 1119 642 foret
1139 611 1244 641 facien-

191 655 376 730 dulri'diimque
399 692 546 729 Comites,
563 691 699 726 Barones,
717 689 750 719 &
773 687 936 727 Magnates,
951 687 1046 719 habita
1066 688 1142 725 prius
1157 687 1244 731 ,ssiper

192 730 336 770 praemiffis
351 730 433 768 plene}¹
454 729 680 765 Deliberatione,
698 727 781 756 nobis
801 727 1017 764 respondissent,
1037 727 1115 764 qued
1134 726 1244 756 dietum

191 771 359 807 Thomam,
378 768 470 806 quoad
484 767 628 805 personam
643 766 736 801 suam,
755 764 790 794 de
805 764 904 795 Morte
918 765 1067 802 praedic‘tti,
1085 766 1118 795 ὃς
1134 765 1168 794 de
1191 764 1245 793 As-

194 809 288 847 sensu,
316 807 445 844 Auxilio,
470 814 516 835 aut
539 804 739 833 Procuratione
759 803 896 841 ejusdem,
923 804 1062 842 Qietum
1081 804 1114 834 &
1136 802 1246 832 Immu-

194 853 261 878 nem
271 870 280 884 ,
297 847 325 876 in
339 845 471 881 nulloque
485 841 669 879 culpabilem,
687 849 852 879 tenuerunt,

234 883 372 915 Dicentes
386 890 479 912 tamen
494 879 591 917 quod,
606 879 641 909 de
657 880 713 909 tarn
731 879 870 910 Horribili
883 880 989 918 Fadio,
1009 879 1086 917 quod
1101 880 1129 908 in
1144 877 1247 908 Castro

197 924 278 960 ipfius
298 922 442 956 Thomae,
464 919 498 948 &
519 918 547 947 in
573 917 711 948 Custodia
731 918 791 955 sua,
816 919 954 956 contigit,
979 918 1033 947 ausi
1055 927 1115 948 non
1137 917 1248 946 fuerunt

195 961 312 999 praecise
331 957 489 994 consulere,
514 956 553 987 set
574 956 653 995 quod
669 956 737 987 Nos
757 956 828 995 Ipfi,
852 956 886 987 ad
907 957 1082 988 voluntatem
1106 955 1248 992 nostram,

194 1000 261 1031 inde
274 997 473 1031 ordinaremus.

233 1038 278 1068 Ac
291 1036 374 1073 Nos,
1153 1072 1158 1077 .
1175 1070 1184 1079 Α

234 1074 319 1107 Licet
333 1072 367 1104 ad
380 1079 448 1102 tunc
460 1072 542 1110 plene
557 1073 634 1111 super
654 1073 712 1103 hoc
732 1073 861 1103 Consulti
882 1083 940 1103 non
961 1072 1079 1110 fuimus,
1095 1071 1188 1102 hab1ta
1209 1078 1250 1101 ta-

195 1123 262 1146 men
279 1111 499 1143 confideratione
521 1109 555 1140 ad
577 1112 634 1142 hoc
651 1111 731 1149 quod
750 1111 804 1150 fic,
823 1121 854 1142 ut
868 1112 886 1131 2*
902 1111 1096 1149 praemittitur,
1115 1118 1251 1146 comper-

194 1161 256 1184 tum
270 1151 374 1188 extitit,
393 1149 472 1188 quod
484 1149 575 1180 dietus
586 1150 716 1181 Thomas
731 1151 760 1179 in
776 1150 853 1180 nullo
870 1149 911 1179 est
925 1148 1078 1187 Culpabilis
1093 1148 1128 1178 de
1153 1147 1251 1177 Morte

194 1189 346 1230 praedista,
363 1189 396 1219 δε
411 1188 487 1225 quod
499 1188 627 1226 praedifti
641 1188 787 1228 Magnates
801 1188 895 1226 Ipsum
909 1187 976 1218 inde
991 1187 1129 1224 Quietum
1143 1187 1176 1217 &
1192 1185 1253 1215 Im-

195 1237 314 1260 munem
328 1235 494 1264 tenuerunt,

233 1265 365 1297 Eundem
379 1264 527 1295 Thomam
541 1264 576 1295 de
590 1263 689 1295 Morte
705 1265 752 1294 illa
766 1264 907 1303 Qietum
923 1263 1100 1294 tenuissemus
1109 1287 1117 1299 ,
1136 1263 1170 1293 &
1194 1262 1254 1293 vel-

198 1305 289 1338 lemus
308 1303 387 1343 quod
411 1303 486 1333 idem
507 1303 638 1334 Thomas
656 1303 724 1333 inde
738 1304 789 1333 iret
805 1302 861 1332 line
875 1302 937 1340 die,
949 1301 1137 1331 ‚Reservantes
1160 1309 1254 1330 tamen

196 1343 319 1380 Nobis,
341 1341 419 1380 quod
441 1341 519 1379 alias,
541 1351 590 1382 per
610 1350 767 1372 commune
789 1340 948 1370 Consilium
969 1340 1002 1371 δε
1021 1339 1256 1382 Avisamentum,

199 1381 268 1412 inde
280 1381 425 1417 disponere
439 1379 583 1417 poffemus
597 1379 629 1410 δε
641 1378 786 1417 ordinare,
806 1379 959 1409 secundum
976 1378 1053 1416 quod
1064 1377 1174 1416 justina
1197 1380 1256 1420 lua-

198 1421 294 1458 deret,
317 1419 351 1450 &
370 1417 473 1449 nostroe
494 1417 626 1455 placuerit
644 1417 806 1456 voluntati,
831 1426 915 1455 prout
935 1427 983 1454 per
1005 1415 1171 1446 Proceffum
1187 1439 1200 1459 ,
1224 1425 1254 1458 in

199 1458 390 1489 Parliamentis
409 1455 509 1486 nostris
531 1456 688 1493 praediffis,
706 1455 784 1493 super
803 1456 854 1486 hiis
875 1455 1019 1493 habitum,
1039 1456 1072 1486 ὃς
1092 1455 1121 1484 in
1142 1454 1258 1491 Scriptis

202 1497 365 1532 redmstum,
384 1494 491 1533 plenius
505 1495 607 1532 poterit
619 1504 765 1533 apparere,

239 1535 309 1565 Nos
323 1535 399 1572 jam,
1052 1571 1057 1576 .
1162 1569 1166 1574 Ι

240 1573 274 1603 In
297 1572 484 1603 Parliamento
503 1571 618 1609 nostro,
637 1578 717 1602 tento
735 1571 808 1609 apud
821 1570 1124 1606 Westmonasterium,
1140 1568 1185 1598 die
1200 1567 1259 1610 Lu7

203 1621 267 1648 nae,
286 1611 418 1649 proximo
435 1609 498 1649 post
513 1610 627 1640 Festum
639 1610 732 1640 Sancti
750 1609 868 1640 Mathaei
885 1609 1033 1647 Apostoli,
1053 1609 1138 1638 Anno
1163 1606 1258 1644 Regni

202 1650 294 1681 nostri
307 1648 495 1686 Undecimo,
511 1658 560 1686 per
574 1647 723 1686 Comites,
740 1648 878 1686 Barones,
896 1649 929 1679 &
943 1646 1169 1690 alios—Magnates
1177 1644 1260 1688 Reg-

203 1690 234 1719 ni
249 1688 355 1726 nostri,
373 1686 480 1717 ibidem
492 1686 654 1724 existentes,
669 1686 704 1716 de
718 1686 860 1724 praedictae
874 1686 981 1716 Mortis
995 1684 1206 1715 circumstantiis
1226 1681 1261 1711 ad

207 1727 324 1765 plenum
339 1725 497 1762 informati,
964 1762 969 1767 .
1040 1762 1045 1766 Ι
1140 1760 1145 1766 .

245 1763 378 1796 Mortem
394 1763 558 1801 praedictam
571 1769 671 1799 praeter
684 1760 807 1798 Culpam
823 1762 855 1792 &
877 1760 1093 1800 Neglrgentiam
1112 1758 1261 1803 aliqualem

227 1803 333 1834 raedieti
352 1802 480 1832 Thomae
501 1801 630 1830 accidisse
644 1823 654 1837 ,
680 1800 825 1837 praefamm
848 1799 997 1829 Thomam
1018 1798 1054 1829 de
1076 1798 1175 1829 Morte
1193 1797 1262 1827 dretr

232 1843 294 1872 atris
307 1840 410 1877 nostri,
427 1839 472 1869 seu
486 1838 620 1876 Assensu,
634 1838 761 1873 Auxilio,
781 1840 813 1869 ὃς
828 1837 1048 1873 Procuratione,
1066 1838 1188 1867 omnino
1208 1845 1260 1873 pro

207 1879 307 1911 Nobis
322 1880 355 1909 &
368 1877 536 1907 Haeredibus
552 1876 668 1914 nostris,
687 1876 723 1906 de
734 1876 838 1906 assensu
852 1876 996 1906 didiorum
1019 1875 1190 1912 Comitum,
1211 1874 1263 1904 Ba-

207 1927 330 1955 ronum,
346 1917 380 1947 &
394 1915 580 1954 Magnarum,
600 1914 781 1954 Qietamus,
800 1915 833 1944 &
850 1914 1013 1945 Immunem
1028 1912 1262 1956 adjudicamus&

206 1964 383 1993 reputamus;
401 1954 437 1983 ita
450 1952 529 1990 quod
544 1963 597 1982 nec
613 1953 680 1982 Nos
708 1961 753 1982 aut
766 1951 902 1982 Haeredes
916 1952 1149 1990 nosti·i,aliquam
1162 1951 1264 1981 Aetio-

207 2003 290 2030 nem,
308 1993 354 2023 seu
370 1991 569 2029 Calumpniam
579 2013 588 2029 ,
607 1991 642 2020 de
656 1976 756 2021 Morte
771 1991 832 2028 ill-51,
851 1991 941 2021 versus
954 1991 1041 2029 ipsum
1055 1990 1206 2021 Thomam
1217 1989 1265 2018 ha-

209 2033 277 2065 bere
292 2032 446 2068 poterimus
462 2031 490 2060 in
504 2030 638 2060 futurum.

247 2069 280 2100 In
292 2070 386 2106 cujus,
407 2069 467 2098 δῖε.
1240 2104 1255 2110 ..

285 2106 375 2138 Teste
387 2105 469 2146 Rege
482 2104 554 2143 apud
568 2104 854 2136 westmonasterium
863 2105 995 2144 ,decimo
1006 2105 1082 2136 sexto
1097 2105 1142 2136 die
1159 2103 1265 2135 Martu.

49 1118 67 1135 '¹
88 1117 141 1144 IV.

51 1163 115 1191 735·

898 2198 951 2225 Per
966 2196 1046 2236 t'JJfiaem
1061 2199 1165 2233 Regem.

284 2350 378 2392 Super
397 2346 535 2391 Expensts
555 2347 677 2378 Comitis
696 2345 732 2379 de
748 2346 885 2391 splurref
896 2349 926 2378 in
945 2346 1043 2378 anre
1062 2343 1192 2378 London.

72 2432 149 2468 Asm-
161 2434 201 2465 D·
218 2442 331 2499 REX
346 2442 520 2474 Vicecomiti
536 2442 655 2474 Effexiae
670 2443 801 2474 Salutem.

96 2482 181 2513 1337·
310 2481 390 2511 Cum
409 2491 497 2518 nuper
516 2482 568 2512 tibi
588 2492 680 2519 praece
701 2484 820 2521 erimus,
838 2482 953 2513 firmiter
965 2483 1157 2520 injungentes,
1175 2480 1273 2519 quod,

68 2518 121 2541 An.
145 2522 185 2540 11-
217 2516 335 2550 Dilecto
356 2520 389 2550 &
412 2519 500 2549 Fideli
521 2519 637 2558 nostro,
693 2520 806 2551 icholao
826 2521 863 2551 de
889 2521 913 2551 la
928 2521 1037 2558 Beche,
1056 2519 1273 2560 Constabulario

68 2556 99 2578 E.
121 2560 146 2587 3·
215 2556 314 2588 Turris
336 2557 439 2587 nostrae
459 2557 636 2594 Londoniae,
657 2558 763 2597 Viginti
783 2559 912 2597 Solidos,
931 2569 983 2596 pro
1006 2559 1136 2596 Expensis
1151 2557 1275 2588 Comitis

68 2589 202 2626 claustr.
215 2594 252 2625 de
266 2595 424 2626 Murrefde
440 2594 552 2634 Scotia,
568 2597 597 2626 in
611 2596 726 2627 Prisona
740 2597 834 2627 nostra
848 2597 945 2628 Turris
961 2597 1121 2636 praedictae,
1138 2596 1174 2626 de
1190 2596 1276 2626 Man-

68 2632 203 2664 E.3.p.1.
215 2634 282 2664 dato
295 2633 411 2671 nostr0,
429 2633 552 2671 detenti,
571 2643 624 2671 pro
640 2635 761 2672 qualibet
774 2635 952 2674 septimana,
970 2635 1025 2673 qua
1038 2635 1112 2665 idern
1123 2633 1232 2664 Comes
1246 2634 1276 2664 in

70 2675 106 2694 θ’·
126 2675 172 2694 ²0·
214 2672 301 2703 Turri
323 2671 458 2710 praeditsta
481 2672 581 2710 fuerit,
599 2673 615 2702 a
635 2672 751 2702 decimo
776 2675 880 2704 οξὶανο
900 2674 945 2703 die
966 2674 1121 2710 Obiobris,
1144 2674 1277 2710 proximo

216 2712 376 2748 praeterito,
396 2710 529 2748 quamdiu
542 2710 633 2747 ipsum
649 2710 798 2741 Comitem
813 2712 919 2742 ibidem
932 2711 969 2743 fic
992 2711 1110 2742 detineri
1131 2712 1278 2750 continge-

218 2757 278 2786 ret,
295 2749 331 2778 de
345 2748 473 2778 Exitibus
487 2748 598 2778 Ballivae
613 2757 668 2779 tuae
680 2749 799 2780 solveres
808 2772 818 2788 ,

256 2787 301 2817 Ac
319 2796 371 2824 pro
387 2796 422 2816 eo
435 2786 515 2823 quod
528 2787 655 2823 praefatus
669 2786 795 2826 Comes,
813 2788 936 2819 secundo
950 2788 995 2818 die
1011 2787 1164 2825 OCtobris,
1182 2789 1279 2828 proxi-

220 2834 273 2855 mo
285 2833 348 2854 ante
361 2823 470 2854 dietum
485 2823 631 2854 decimum
646 2825 782 2856 oetavum
797 2826 889 2865 diem,
908 2827 1026 2864 praefato
1041 2826 1189 2857 Nicholao
1210 2827 1278 2857 libe-

220 2871 291 2893 ratus
303 2862 370 2900 fuit,
384 2864 413 2891 in
429 2861 560 2900 Prisona,
578 2863 608 2891 in
623 2862 711 2893 Turri
726 2864 878 2902 praedicta,
897 2873 927 2895 ut
939 2866 1132 2904 praemittitur,
1149 2864 1279 2896 detinen-

221 2899 274 2931 dus
310 2900 379 2930 sicut
389 2901 448 2937 jam
462 2900 555 2930 sumus
572 2900 679 2937 plenius
692 2902 852 2940 informati,

228 2972 229 2975 Ἴ
260 2924 347 2977 Nos,
374 2937 466 2968 habita
488 2938 710 2968 consideratione
731 2940 764 2969 ad
783 2940 920 2977 Expensas
959 2951 1026 2980 quas
1047 2941 1138 2979 ipsum
1159 2941 1278 2972 Nicho-

222 2977 314 3013 laum,
332 2986 384 3016 pro
398 2975 604 3007 Sustentatione
619 2977 747 3014 praedicti
761 2977 902 3016 Comitis,
939 2989 988 3009 um
1006 2979 1055 3010 sub
1073 2979 1214 3010 Custodia
1232 2980 1278 3010 sua

221 3015 350 3045 detentus
363 3014 462 3052 fuerit,
481 3014 573 3045 facere
586 3023 715 3054 oportet,
733 3016 922 3055 concessimus
937 3017 1029 3047 eidem
1045 3017 1153 3057 Viginti
1173 3019 1206 3048 ὃς
1225 3017 1279 3048 Sex

222 3053 352 3091 Solidos,
370 3053 403 3083 &
425 3052 506 3083 Octo
526 3053 685 3090 Denarios,
702 3064 754 3091 pro
775 3054 908 3092 Expensis
928 3055 1008 3092 ipfiuS
1027 3054 1150 3086 Comitis
1170 3056 1279 3095 fingulis

222 3091 403 3129 Septim-anis,
420 3091 435 3120 a
450 3099 579 3129 tempore
591 3101 651 3129 quo
668 3092 696 3120 in
714 3091 852 3123 Custodia
867 3093 946 3130 ipfius
960 3092 1099 3123 Nicholai
1114 3094 1151 3124 sic
1165 3094 1232 3132 fuit,
1246 3095 1278 3125 δε

221 3130 356 3198 quamdiu
376 3128 466 3167 ipsum
487 3131 517 3160 in
538 3129 625 3160 Turri
646 3130 781 3167 praedicta
798 3139 834 3161 ex
852 3141 927 3162 nunc
950 3132 981 3161 in
1001 3130 1117 3162 Prisonzi
1130 3134 1282 3170 contigerit

245 3176 342 3198 etmeri

260 3205 299 3236 Et
319 3192 383 3235 idko
404 3206 454 3236 tibi
475 3207 657 3244 praecipimus
673 3230 683 3246 ,
706 3207 786 3245 quod
806 3208 922 3246 praefato
942 3207 1093 3239 Nicholao
1114 3208 1225 3245 Viginti
1247 3209 1281 3239 &

225 3244 281 3274 Sex
295 3243 423 3281 Solidos,
440 3245 473 3274 &
486 3244 567 3275 Octo
582 3245 738 3283 Denarios,
756 3246 864 3285 fingulis
880 3247 1063 3284 Septimanis,
1083 3257 1134 3285 pro
1149 3247 1282 3284 Expenfis

247 3282 334 3313 raefati
349 3281 491 3320 Comitis,
509 3283 525 3312 a
537 3283 616 3314 dieto
631 3284 757 3314 secundo
770 3285 816 3315 die
829 3284 983 3323 Ostobris,
1003 3285 1137 3323 quamdiu
1150 3285 1239 3323 ipsum
1253 3287 1281 3315 in

225 3293 341 3351 {risonfi
354 3320 451 3350 Turris
465 3319 606 3357 praedietae
620 3322 657 3352 fic
672 3321 787 3353 detineri
800 3324 967 3361 contigerit,
979 3323 1015 3354 de
1028 3323 1158 3354 Exitibus
1172 3323 1283 3355 Ballivae

226 3367 284 3389 tuae
299 3357 435 3396 (dedudtis
449 3358 530 3388 dietis
541 3358 648 3398 Viginti
663 3359 762 3390 Solidis
784 3371 835 3398 pro
848 3361 1010 3400 septimana
1025 3385 1033 3400 ,
1048 3362 1068 3392 fi
1089 3372 1160 3400 quos
1181 3364 1209 3393 ei
1228 3362 1283 3393 sol-

227 3399 301 3428 veris
314 3398 414 3427 virtute
431 3395 558 3427 Mandati
573 3397 660 3427 nostri
675 3394 830 3436 supradiffl)
847 3399 950 3438 solvas,
972 3401 1124 3438 Recipiens
1139 3410 1154 3430 a
1168 3401 1284 3438 praefato

228 3434 376 3466 Nicholao
392 3434 495 3464 Literas
508 3435 563 3465 suas
575 3434 720 3474 Patentes,
737 3435 948 3474 Receptionem
968 3438 1053 3469 dictae
1072 3439 1204 3469 Pecuniae
1223 3440 1284 3470 Te-

230 3473 391 3510 stisicantes,
416 3473 449 3502 δε
470 3472 537 3502 Nos
558 3473 608 3502 tibi
627 3473 710 3512 inde,
733 3475 761 3503 in
785 3473 938 3512 Compoto
958 3484 1026 3515 tuo,
1050 3477 1084 3507 ad
1107 3476 1284 3508 Scaccarium

230 3511 376 3548 nostrum,
394 3509 519 3541 debitam
532 3509 730 3542 allocationem
744 3511 848 3542 habere
860 3514 1002 3544 faciemus.

267 3549 357 3582 Teste
375 3549 456 3588 Rege
471 3548 543 3586 apud
557 3548 860 3589 westmonasterium,
877 3551 996 3582 decimo
1010 3551 1086 3584 sexto
1100 3552 1146 3583 die
1162 3552 1267 3584 Martii.

920 3633 972 3662 Per
984 3632 1066 3673 ipfhm
1079 3635 1181 3670 Regem.

307 3783 366 3813 Pro
386 3776 541 3811 Edwardo
558 3781 643 3813 Dnce
664 3777 830 3821 cornubia,
853 3778 889 3812 de
904 3783 1069 3813 Stannaria
1087 3779 1221 3825 concessa.

90 3879 166 3911 Ann.
178 3879 220 3909 D.
235 3871 348 3928 REX
360 3876 533 3907 Vicecomiti
546 3875 705 3907 Cornubiae
725 3876 855 3907 Salutem.

116 3927 202 3957 1337.
278 3945 283 3950 ,
327 3913 407 3945 Cum
427 3925 533 3954 nuper,
552 3915 722 3951 Personam,
740 3915 848 3945 Dileeti
867 3915 900 3945 &
919 3914 1020 3946 Fidelis
1033 3916 1139 3955 nostri,
1157 3917 1290 3949 Edwardi

91 3960 144 3984 An.
163 3966 205 3984 ιι.
239 3949 362 3980 Comitis
376 3952 511 3992 Cestriae,
530 3953 591 3984 Filii
604 3953 691 3984 nostri
706 3953 911 3992 Primogeniti,
928 3953 1067 3985 honorare
1087 3956 1231 3995 volentes,
1251 3959 1291 3987 ei-

91 3999 122 4022 13.
142 4004 167 4031 3,
238 3987 305 4017 dem
325 3988 398 4032 Filio
418 3991 515 4023 nostro
536 3991 661 4022 Nomen
679 3993 713 4022 &
735 3991 891 4021 Honorem
906 3990 998 4022 Ducis
1010 3990 1168 4024 Cornubiae
1182 3995 1292 4025 dederi-

90 4031 228 4069 Claujtn.
243 4035 307 4069 rnus
320 4026 498 4070 „lpslimque
517 4031 546 4060 in
567 4030 684 4061 Ducem
704 4029 862 4060 Cornubiae
882 4030 1104 4070 praefecerimus,
1130 4032 1164 4063 δε
1185 4032 1292 4064 Gladio

90 4075 122 4098 E.
133 4076 191 4107 Μ),
204 4080 227 4099 1,
242 4072 409 4094 cinxerimus
424 4066 492 4097 sicut
506 4067 604 4107 decet,

95 4117 133 4136 m.
145 4118 187 4144 19.
278 4101 560 4174 Etfoiyjllfelrlcssterlafi
566 4117 631 4145 quae
646 4107 738 4140 eidem
753 4106 824 4138 Filio
839 4106 935 4139 nostro
944 4129 953 4146 ,
966 4117 1020 4146 pro
1032 4106 1111 4140 Statu
1123 4108 1157 4140 &
1169 4107 1294 4141 Honore

1278 220 1759 265 PUBLICA.
2253 226 2325 268 16i

1278 305 1372 352 Ducis
1385 307 1403 326 ²*
1417 306 1576 346 decentius,
1591 309 1667 346 juxta
1682 312 1789 348 generis
1807 310 1847 341 sui
1860 309 2068 350 Nobilitatem,
2085 311 2275 350 continendis,
2293 312 2327 342 &
2348 309 2422 341 Ann-
2437 309 2477 340 D.

1276 345 1387 374 uberius
1397 344 1603 383 supportandis,
1623 346 1782 378 DEDIMUS
1798 349 1831 379 &¹
1845 349 2074 381 CONCESSIMUS
2086 374 2096 390 ,
2370 356 2453 387 1337·

1315 381 1520 413 Danaamus
1537 385 1570 413 δε
1591 384 1883 425 CONCESSERIMUS,
1903 399 1956 426 pro
1976 389 2090 427 Nobis,
2110 390 2142 420 &
2162 388 2330 419 Haeredibus
2354 388 2420 415 Edv.
2437 397 2462 424 3:

1277 420 1393 463 nostris,
1412 420 1503 467 cidem
1518 421 1589 451 Filio
1605 422 1703 452 nostro
1717 424 1888 455 Stannariam
1904 427 2027 457 nostram
2042 428 2070 456 in
2091 426 2239 458 Comitatu
2258 435 2331 466 prae-
2351 427 2366 442 ⁴¹⁵
2384 427 2436 453 IV-

1277 458 1372 502 όιᾷο,
1397 468 1452 487 una
1470 467 1539 488 cum
1558 459 1692 497 Cunagio
1713 463 1833 499 ejusdem
1856 464 2008 495 Stannariae
2022 490 2031 502 ,
2058 466 2090 496 δε
2108 475 2175 496 cum
2198 465 2331 495 omnibus
2354 465 2420 501 736·

1278 496 1405 526 Exitibus
1427 497 1461 525 &
1484 496 1632 535 Proficuis,
1657 499 1724 528 inde
1747 503 1988 541 provenientibus,
2018 513 2050 533 ac
2073 505 2157 534 etiam
2177 503 2333 541 Explecfis,

1279 534 1430 602 Igoficuis,
1449 535 1482 565 ὃς
1503 535 1677 575 perquisitis,
1695 536 1791 568 Curiae
1811 538 1961 571 Stannariae
1984 541 2164 572 &'Minerae
2177 543 2207 571 in
2229 541 2332 572 eodem

1309 580 1448 610 omitatu,

1317 610 1457 653 Exceptis·
1468 609 1596 643 duntaxat
1618 612 1701 643 Mille
1721 613 1841 653 Marcis,
1868 626 1948 653 quas,
1975 616 2092 648 Dilecto
2116 619 2149 648 &
2172 617 2258 648 Fideli
2280 628 2334 648 no-

1281 647 1356 686 stro,
1375 648 1536 692 Willrelmo
1549 650 1584 680 de
1600 650 1704 681 Monte
1727 653 1839 691 Acuto,
1856 653 1966 684 Comiti
1986 655 2102 692 Sarum,
2119 655 2335 694 Conceffimus,

1281 696 1333 723 pro
1356 686 1470 724 Nobis,
1487 688 1528 730 &.
1539 687 1708 719 Haeredibus
1731 690 1850 728 nostris,
1868 693 2055 729 percipiendas
2070 694 2136 732 fibi,
2155 695 2188 724 &
2202 693 2335 723 Haeredi-

1282 725 1333 754 bus
1345 724 1395 754 suis
1411 724 1560 768 Masculis,
1577 726 1613 756 de
1627 737 1750 764 corpore
1764 729 1812 759 suo
1827 729 1950 766 legitime
1972 733 2135 769 procreatis,
2153 731 2188 761 de
2209 732 2337 762 Exitibus

1281 764 1314 793 δε
1334 762 1471 793 Proficuis
1492 763 1614 803 Cunagii
1634 765 1765 796 antedied
1778 790 1787 804 ,
1813 770 1907 804 quous
1922 778 1956 797 ue
1973 777 2048 799 certa
2067 770 2165 800 Terrae
2185 770 2218 800 &
2240 770 2337 799 Tene-

1282 810 1376 831 menta
1398 802 1530 839 (quorum
1553 802 1757 833 Revorsionem
1778 805 1871 834 eidem
1923 808 2028 844 omiti,
2057 808 2107 837 sub
2127 808 2202 838 certa
2219 807 2314 839 form&
2327 831 2338 846 2

1285 838 1495 877 Concessrmus)
1514 839 1548 869 ad
1562 840 1668 871 Manus
1681 841 1803 879 ejusdem
1818 842 1941 873 Comitis
1958 844 2136 883 devenerint,

1319 877 1514 908 HABENDAM
1530 879 1564 909 &
1577 879 1776 910 TENENDAM
1791 880 1882 910 eidem
1899 881 1992 919 Duci,
2010 883 2043 912 &
2064 885 2163 921 ipsius,
2181 886 2214 916 &
2235 884 2339 915 Haere-

1283 915 1355 946 dum
1377 916 1489 947 suorum
1523 916 1639 956 Regum
1658 918 1787 957 Angliae,
1807 919 1882 948 Filiis
1902 919 2118 959 Primogenitis,
2137 923 2169 951 δε
2191 923 2259 953 dieti
2280 923 2339 953 loci

1285 953 1431 992 Ducibus,
1448 956 1476 984 in
1492 939 1596 994 Regno
1611 956 1726 994 Angliae
1742 957 1913 987 haereditarie
1925 958 2100 996 succeffuris,
2115 970 2181 990 cum
2197 961 2342 998 omnibus,-

1285 992 1319 1022 ad
1334 993 1466 1030 praedid‘ra
1480 992 1669 1033 Stannariam,
1688 997 1721 1025 &
1735 994 1818 1026 Cuna
1839 997 1916 1034 ium,
1934 1006 1967 1026 ac
1989 996 2125 1035 Curiam,
2144 999 2342 1035 qualitercum-

1286 1041 1342 1068 que
1361 1031 1545 1069 spetstantibus
1567 1031 1660 1067 (dictis
1682 1032 1766 1063 Mille
1825 1036 1911 1072 arcis,
1929 1035 2045 1071 praefato
2067 1035 2194 1071 Comiti,
2219 1047 2249 1066 ut
2270 1047 2343 1074 prae-

1285 1070 1424 1107 mittitur,
1449 1069 1587 1099 conceffis
1602 1094 1612 1107 ,
1637 1072 1770 1108 exceptis)
1792 1073 1827 1102 de
1849 1072 1947 1102 Nobis
1962 1097 1971 1110 ,
1995 1075 2027 1103 δε
2051 1072 2221 1103 Haeredibus
2242 1075 2343 1104 nostris

1285 1106 1558 1151 Irumzzmawurvr,
1576 1117 1660 1146 prout
1681 1109 1711 1138 in
1733 1108 1818 1141 Carta
1838 1110 1949 1149 nostra,
1968 1111 2034 1141 inde
2058 1111 2208 1150 conserite,
2234 1111 2343 1150 plenius

1287 1154 1449 1177 continetur
1456 1170 1466 1183 ,

1323 1184 1394 1214 Tibi
1414 1185 1589 1224 praecipimus
1610 1185 1689 1223 quod
1702 1186 1794 1216 eidem
1810 1185 1889 1216 Duci
1904 1186 2075 1219 Stannariam
2092 1187 2273 1226 praedidiam,
2290 1189 2346 1218 una

1290 1232 1358 1252 cum
1380 1221 1511 1261 Cunagio
1532 1222 1656 1261 ejusdem
1679 1223 1847 1262 Stannariae,
1866 1226 1900 1256 &
1921 1235 1988 1255 curn
2010 1227 2142 1257 omnibus
2164 1226 2290 1257 Exitibus
2312 1227 2345 1256 &

1290 1259 1431 1291 Proficuis
1451 1261 1516 1291 inde
1539 1263 1784 1300 provenientibus,
1803 1272 1835 1292 ac
1857 1264 1939 1292 etiam
1963 1263 2116 1302 Expleciis,
2135 1264 2287 1302 proficuis,
2313 1266 2348 1294 δε

1291 1298 1469 1337 Perquifitis,
1488 1299 1584 1330 Curiae
1598 1299 1744 1338 praedietae
1763 1297 1854 1339 (dietis
1869 1301 1950 1330 Mille
1966 1300 2088 1339 Marcis,
2105 1304 2217 1340 praefato
2227 1302 2348 1341 Comiti,

1291 1345 1322 1367 ut
1345 1338 1539 1376 praemittitur,
1566 1348 1616 1376 per
1634 1337 1703 1368 Nos
1725 1338 1878 1377 conceffis,
1896 1340 2029 1377 exceptis)
2053 1340 2195 1371 Lmtaas
2208 1341 2348 1371 TENEN-

1293 1384 1365 1405 DAM
1376 1376 1452 1412 juxta
1466 1385 1593 1406 tenorem
1610 1375 1704 1407 Cartae
1718 1377 1824 1408 nostrae
1838 1377 2016 1416 supradiffle,

1332 1413 1472 1444 Volumus
1486 1416 1564 1444 enim
1581 1423 1608 1445 te
1623 1414 1687 1444 inde
1703 1425 1769 1452 erga
1785 1415 1853 1445 Nos
1870 1425 1980 1446 exnunc
1992 1418 2145 1447 exonerari.

1308 1451 1420 1495 nTeste
1434 1452 1516 1491 Rege
1529 1453 1603 1490 apud
1619 1452 1928 1493 westmonasterium,
1943 1454 2058 1485 decimo
2075 1455 2194 1493 septimo
2210 1455 2255 1486 die
2271 1454 2353 1485 Ματ-

1293 1497 1333 1520 tu.

1463 1530 1515 1558 Per
1529 1528 1609 1567 ipftaem
1625 1533 1721 1567 Regem
1735 1529 1772 1565 (ἐν
1785 1536 1870 1560 totum
1885 1529 2027 1562 Concilium
2039 1535 2068 1561 in
2083 1531 2278 1563 parliamento.

1483 1671 1542 1705 Ad
1556 1675 1663 1720 Regem
1683 1671 1806 1714 Castellae
1819 1699 1829 1714 ,
1855 1683 1956 1705 contra
1974 1674 2175 1720 Flazndrenfi’s.

1378 1768 1509 1807 Agnifico
1530 1767 1672 1808 principi,
1691 1768 1825 1799 Domino
1849 1768 1984 1808 Alfonso,
2003 1769 2061 1801 Dei
2080 1771 2183 1810 gratia,
2209 1772 2356 1814 Castellae,
2373 1784 2440 1816 Am,
2462 1784 2494 1815 D

1396 1808 1546 1845 Legionis,
1571 1808 1685 1846 Toleti,
1712 1806 1849 1845 Galiciae,
1876 1808 1998 1847 Sibiliae,
2021 1809 2195 1847 Cornubiae,
2214 1811 2354 1852 Murciae,
2402 1808 2477 1863 13:37
2497 1808 2503 1815 ⁸

1300 1845 1467 1883 Gehennae,
1486 1855 1568 1883 atque
1584 1846 1722 1885 Algarbiae
1738 1845 1829 1883 Regi,
1847 1855 1879 1876 ac
1895 1846 2062 1878 Comitatus
2076 1846 2182 1879 Molini
2206 1848 2356 1889 Domino,
2374 1867 2426 1890 An.
2444 1847 2487 1890 „J

1301 1884 1408 1914 Amico
1427 1884 1476 1914 suo
1497 1883 1654 1923 cariffimo,
1677 1883 1846 1922 Edwardus,
1872 1884 1970 1915 eadem
1990 1885 2092 1925 gratia,
2112 1888 2172 1917 &c.
2188 1888 2222 1919 &
2244 1888 2356 1920 felicem
2375 1904 2405 1927 E.
2431 1910 2442 1937 3

1302 1922 1435 1961 regnandi
1449 1922 1568 1962 gloriam
1581 1932 1648 1953 cum
1664 1923 1757 1952 salute.
2375 1923 2459 1975 Claus'.

1340 1959 1536 1998 Confidimus,
1554 1961 1701 1999 &absque
1717 1960 1891 1991 dubitatione
1913 1969 2057 2001 tenemus,
2077 1963 2172 2001 quod,
2190 1965 2281 1996 innata
2303 1976 2356 1997 vo-
2378 1986 2404 2003 Η
2434 1981 2460 2004 13.
2482 1979 2510 2013 3'?

1302 2000 1360 2037 bis,
1378 2000 1453 2029 bene
1470 1998 1597 2036 disposita
1620 1998 1773 2030 Gratitudo
1794 2000 1890 2037 (quam
1913 2001 1994 2030 nobis
2015 2000 2122 2038 semper
2141 2003 2301 2034 invenimus
2321 2006 2356 2035 ab
2374 2021 2396 2051 p,
2413 1999 2440 2043 ἰ,
2454 2024 2491 2041 m,

1303 2046 1418 2075 experto
1428 2038 1590 2075 propitiam)
1604 2038 1640 2068 ab
1655 2038 1709 2067 Illis
1726 2036 1849 2067 Manum
1861 2039 1978 2069 libenter
1993 2039 2129 2070 subtrahet
2144 2040 2302 2078 juvaminis
2323 2044 2357 2074 &
2380 2063 2425 2080 20,
2440 2053 2465 2080 d,

1309 2076 1436 2113 Favoris,
1457 2086 1527 2113 quos
1541 2075 1639 2106 Nobis
1653 2077 1824 2112 cognoverit
1834 2077 1960 2114 nequiter
1975 2076 2169 2117 Malignantes.
2243 2084 2255 2097 ·

1344 2114 1424 2145 Cum
1438 2115 1521 2151 igitur
1531 2113 1673 2144 Homines
1687 2113 1723 2144 de
1737 2113 1882 2152 Flandria,
1899 2115 2047 2146 retulentes
2060 2117 2141 2146 nobis
2155 2117 2233 2147 Mala
2246 2128 2297 2156 pro
2306 2118 2362 2150 Bo-

1306 2154 1363 2191 nis,
1382 2153 1508 2183 lnimicis
1529 2151 1645 2190 nostris,
1663 2161 1762 2183 contra
1783 2152 1881 2182 Deum
1901 2154 1935 2184 &
1953 2153 2113 2192 Justitiam,
2131 2163 2256 2191 patenter
2269 2157 2362 2188 adhae-

1308 2200 1402 2230 reant,
1420 2191 1453 2221 &
1470 2191 1537 2221 Nos
1553 2192 1586 2222 &
1601 2190 1729 2221 Nostros
1745 2200 1798 2230 pro
1811 2192 1914 2222 viribus
1928 2191 2055 2230 persequi
2070 2192 2233 2232 moliantur,
2247 2193 2363 2233 Injurias

1308 2229 1493 2260 intolerabiles
1507 2230 1683 2266 pertinaciter
1696 2229 1862 2267 inferentes,

1346 2267 1548 2299 Celfitudinem
1562 2267 1686 2305 Regiam
1700 2268 1764 2298 totis
1779 2267 1927 2298 affectibus
1940 2269 2137 2309 imploramuS,
2146 2279 2279 2310 quatenus
2289 2272 2364 2303 Sub-

1308 2306 1371 2337 ditis
1386 2305 1482 2338 vestris
1494 2306 1601 2344 velitis,
1617 2306 1636 2336 fi
1652 2305 1758 2343 placet,
1775 2305 1926 2337 districtius
1939 2307 2080 2345 inhibere,
2099 2310 2137 2338 ne
2150 2309 2184 2339 ad
2197 2310 2283 2340 distas
2303 2321 2366 2349 par—

1309 2354 1350 2376 tes
1370 2344 1525 2381 Flandriae,
1548 2354 1616 2375 cum
1637 2343 1803 2383 Mercibus,
1826 2344 1938 2382 Armis,
1962 2346 2007 2376 vel
2028 2346 2218 2385 victualibus,
2247 2358 2367 2388 quoquo

1309 2383 1401 2414 modo
1414 2383 1440 2412 se
1453 2383 1632 2420 transferant,
1650 2393 1703 2413 nec
1718 2384 1912 2451 negotientur,
1929 2393 1984 2414 nec
2000 2386 2066 2422 quic
2089 2395 2152 2415 uam
2168 2386 2270 2418 faciant
2287 2387 2368 2426 quod

1311 2422 1373 2459 ipsis
1387 2421 1596 2452 Flandrensrbus
1608 2421 1688 2452 cedat
1701 2422 1735 2451 ad
1779 2421 1952 2453 ommodum
1965 2422 2011 2454 vel
2034 2422 2074 2453 So
2100 2433 2181 2462 men,
2197 2424 2243 2455 seu
2264 2427 2293 2455 in
2315 2436 2368 2457 no-

1313 2460 1360 2490 stri
1373 2459 1463 2497 posset
1477 2458 1638 2490 Perniciem
1660 2459 1822 2490 redundare.

1350 2498 1402 2537 Et,
1420 2498 1440 2528 fi
1453 2498 1575 2536 placeret
1587 2498 1686 2528 vestrae
1701 2497 1924 2535 Magnificentiae
1939 2497 2014 2536 Ipsos
2028 2499 2176 2539 inducere,
2189 2509 2219 2531 ut
2232 2502 2266 2532 ad
2281 2511 2370 2540 partes

1314 2537 1411 2576 Regni
1423 2537 1529 2574 nostri,
1547 2546 1614 2567 cum
1629 2536 1795 2575 Mercibus,
1813 2538 1846 2568 δε
1860 2536 1894 2566 ad
1908 2537 2067 2567 faciendum
2084 2538 2163 2569 suum
2188 2538 2373 2579 Proficuum,

1315 2576 1451 2607 divertere
1465 2575 1492 2605 se
1505 2584 1651 2613 curarent,
1668 2576 1765 2606 revera
1778 2576 1814 2606 fic
1830 2585 1878 2605 eos
1890 2575 2045 2606 faceremus
2064 2575 2253 2609 favorabiliter
2271 2587 2374 2616 pertra-

1317 2615 1402 2651 Ctari,
1420 2614 1500 2651 quod
1516 2613 1651 2643 deberent
1661 2615 1763 2644 merito
1778 2615 1945 2644 contentari.

1354 2652 1408 2689 Et,
1426 2652 1445 2681 si
1466 2652 1517 2681 sint
1536 2652 1627 2690 aliqua
1649 2662 1698 2689 per
1719 2651 1830 2682 nostros
1846 2660 1945 2683 contra
1959 2652 2066 2683 vestros
2081 2653 2215 2685 Subditos
2228 2656 2374 2693 perperam

1318 2698 1493 2727 attemptata,
1512 2689 1556 2720 seu
1574 2699 1623 2727 per
1640 2689 1773 2727 Iniuriam
1788 2690 1921 2728 Dampna
1935 2690 2024 2729 faeta,
2041 2691 2086 2721 illa
2099 2691 2137 2722 fic
2150 2693 2284 2723 faciemus
2298 2694 2373 2724 cele-

1318 2731 1352 2760 ris
1365 2728 1686 2795 appofitionedRemedii
1702 2729 1864 2767 reformari,
1881 2729 1963 2768 quod
1975 2739 2035 2760 non
2050 2729 2180 2767 supererit
2196 2730 2267 2770 justa
2286 2739 2375 2763 mate-

1319 2778 1357 2798 na
1372 2777 1534 2805 conqueren
1558 2777 1573 2796 1.

1356 2805 1431 2836 Data
1444 2805 1517 2843 apud
1531 2804 1818 2836 Westmonasterium
1827 2828 1836 2844 ,
1856 2805 1972 2836 decimo
1984 2806 2090 2838 ocitavo
2103 2806 2149 2837 die
2163 2806 2271 2839 Martii.

1451 2953 1509 2989 Ad
1526 2953 1648 2987 eundem
1666 2957 1775 3001 Regem
1787 2955 1878 3001 fitper
1892 2956 2044 2989 ‘Ii‘aHatis
2061 2956 2247 3002 complendis-

1321 3042 1548 3104 MAgnifico,
1566 3041 1626 3077 ὠς.
1645 3049 1675 3071 ut
1680 3041 1765 3111 fissra
1780 3043 1859 3084 usqae
1874 3044 1928 3083 ibi,
1941 3054 2008 3076 curn
2022 3045 2122 3076 Salute.
2391 3055 2468 3085 Anu·
2480 3055 2521 3085 D,

1434 3081 1507 3111 Laeti
1526 3082 1684 3118 recepimus
1737 3082 1816 3120 egalis
1831 3083 1930 3113 vestrae
1946 3083 1998 3113 Ma
2019 3083 2167 3114 nificentiae
2182 3082 2285 3121 literas,
2302 3084 2373 3114 inter
2411 3102 2494 3132 ψῃ,

1321 3128 1437 3157 caetera,
1456 3121 1633 3149 continentes
1645 3129 1716 3157 vos,
1734 3130 1787 3157 pro
1802 3121 1979 3159 complendis
2046 3120 2202 3158 firmandis,
2221 3131 2285 3159 quse
2304 3123 2374 3153 inter
2391 3114 2442 3160 Aa).
2465 3141 2505 3159 ῃ,

1321 3157 1382 3188 Vos
1393 3159 1426 3188 &
1442 3157 1525 3195 Nos,
1543 3158 1792 3189 intervenientibus
1805 3158 1946 3197 Nunciis,
1964 3159 2025 3189 sunt
2038 3159 2167 3197 nattam,
2180 3161 2247 3190 citra
2261 3160 2375 3191 Festum
2393 3175 2411 3198 Ε
2444 3179 2468 3206 3,

1319 3195 1448 3264 Passshae,
1458 3196 1516 3234 jam
1530 3196 1673 3234 futurum,
1683 3205 1776 3227 certos
1791 3198 1809 3217 *Ξ
1826 3197 1961 3228 Nuncios
1974 3197 2008 3228 ad
2024 3197 2091 3227 Nos
2107 3198 2136 3226 in
2149 3199 2280 3237 Angliam
2292 3207 2378 3229 trans-
2395 3209 2496 3237 ibidem.

1321 3244 1361 3264 ml
1388 3244 1451 3264 UI‘OS
2395 3251 2407 3263 κ
2432 3250 2485 3273 1V.

1360 3259 1497 3311 Qoru⁷m
1507 3272 1666 3309 jocundum
1677 3272 1830 3304 adventum
1845 3273 1926 3304 avide
1940 3273 2151 3312 praestolamur,
2170 3275 2238 3304 ctim
2259 3274 2323 3305 felix
2344 3277 2376 3307 &
2396 3294 2460 3321 737⁴

1322 3310 1422 3342 festina
1442 3311 1644 3341 Tractatorum
1665 3310 1832 3349 Completio
1851 3312 1963 3342 insideat
1985 3313 2086 3342 intime
2108 3311 2188 3342 cordi
2208 3313 2322 3352 nostro,
2348 3323 2378 3344 ut

1323 3359 1391 3380 cum
1405 3351 1558 3388 augmentis
1571 3349 1697 3380 felicibus
1711 3350 1883 3386 prosperetur
1898 3349 2025 3381 Dilefflo
2041 3349 2123 3380 solida
2141 3351 2214 3388 (quse
2236 3352 2305 3381 inter
2329 3362 2379 3381 ve-

1323 3388 1407 3418 stram
1431 3389 1464 3419 &
1487 3387 1612 3417 nostram
1636 3387 1752 3417 Domos
1773 3388 1875 3426 Regias
1889 3388 1976 3426 viguit
1989 3389 2025 3419 ab
2039 3389 2166 3425 antiquo)
2182 3399 2265 3426 quam
2281 3390 2379 3420 hanste-

1323 3427 1393 3463 ntis,
1410 3425 1494 3457 vestri
1509 3425 1626 3463 Gratia,
1644 3435 1764 3463 pronam
1779 3427 1808 3455 in
1823 3426 1904 3456 vobis
1919 3428 2076 3456 invenimus
2091 3427 2126 3456 ab
2141 3435 2265 3464 experto.

1362 3464 1416 3502 Et,
1435 3464 1505 3494 curn
1527 3464 1618 3494 versus
1636 3464 1704 3493 Nos
1725 3465 1845 3494 innatam
1865 3464 1898 3494 ὃς
1919 3464 2028 3494 firmam
2048 3465 2108 3494 fore
2124 3464 2243 3494 vestram
2259 3464 2380 3497 Benivo-

1323 3503 1439 3534 lentiam
1453 3501 1639 3539 confidimus,
1658 3501 1781 3538 Regiam
1794 3502 1915 3533 vestram
1930 3501 2130 3532 Celfitudinem
2145 3504 2211 3532 totis
2230 3502 2379 3535 affeffibus

1324 3541 1518 3579 imploramus,
1537 3540 1682 3577 quatinus,
1695 3541 1772 3578 juxta
1787 3539 1911 3569 nostram
1932 3539 2081 3577 fiduciam,
2100 3539 2137 3569 [ιε
2161 3550 2222 3579 erga
2243 3541 2311 3572 Nos
2328 3552 2378 3573 ve-

1325 3580 1389 3609 strae
1402 3578 1585 3609 Gratitudinis
1597 3577 1764 3608 Constantia
1777 3578 1931 3615 perseveret
1943 3578 2113 3613 immobilis,
2132 3586 2161 3608 ut
2187 3578 2268 3609 nullis
2290 3581 2378 3618 (quod

1324 3617 1402 3653 abiit)
1427 3618 1561 3655 quatiatur
1583 3616 1790 3646 Malivolorum
1809 3615 1969 3646 nostrorum
1990 3616 2134 3652 obloquiis
2148 3639 2157 3653 ‚
2183 3626 2237 3647 nec
2256 3619 2272 3647 a
2295 3620 2378 3649 nobis

1325 3656 1437 3686 finistris
1451 3656 1574 3693 ipsorum
1590 3654 1802 3685 Induffionibus
1815 3663 1952 3684 avertatur
1974 3654 2034 3691 (qui
2052 3654 2187 3693 libenter,
2206 3663 2236 3685 ut
2258 3655 2379 3696 dicitur,

1325 3694 1447 3726 vestram
1470 3695 1486 3723 a
1505 3693 1589 3723 nobis
1609 3692 1797 3722 subtraherent
1820 3691 2001 3728 Amicitiam,
2026 3691 2045 3722 si
2066 3692 2199 3730 valerent)
2224 3694 2257 3724 &
2274 3717 2284 3732 ,
2302 3696 2380 3734 juxta

1325 3732 1509 3770 possibilitatis
1523 3730 1628 3761 nostrae
1642 3729 1816 3768 Modulum,
1834 3730 1916 3761 vobis
1931 3729 2046 3761 reddere
2067 3731 2197 3768 cupimus
2217 3732 2294 3763 vices
2316 3743 2381 3771 gra-

1328 3780 1374 3802 tas.

1365 3808 1433 3839 Dat.
1453 3816 1484 3838 ut
1496 3807 1583 3845 supra.

1424 3941 1482 3975 Ad
1499 3941 1678 3983 Confiliarios
1699 3939 1773 3972 disti
1787 3943 1873 3988 Regis
1880 3941 1970 3986 sisper
1988 3944 2108 3987 negotiis
2121 3940 2277 3987 praea'it‘lis.
2397 3953 2470 3982 Αῃη,
2484 3951 2526 3986 D}

1336 4029 1472 4090 REX,
1489 4030 1595 4074 Nobili
1608 4031 1689 4068 viro,
1704 4028 1833 4060 Ferando
1847 4027 1992 4069 Rodryes,
2005 4027 2174 4075 *Camerario
2194 4031 2302 4062 illustris
2320 4030 2379 4060 Re·
2392 4001 2450 4057 Αξι.)
2457 3999 2511 4063 ἷζε

1412 4078 1453 4108 gis
1468 4067 1621 4106 Ispanmae,
1638 4067 1779 4106 Salutem,
1797 4068 1831 4097 &
1843 4066 1957 4097 fincerae
1970 4067 2141 4099 Dilectloms
2152 4069 2295 4099 affeetum.
2390 4072 2419 4096 Ε.
2444 4078 2470 4103 3.

1371 4107 1453 4139 Cum
1467 4106 1598 4145 quaedam
1610 4105 1705 4138 Ardua
1720 4107 1791 4138 inter
1803 4106 1951 4174 {aefamm
1970 4106 2086 4146 Regem
2105 4108 2139 4139 &
2158 4107 2243 4145 Nos,
2260 4108 2389 4175 intermi-
2398 4107 2465 4136 ibid.
