2562 4279
718 192 831 232 ET
917 189 1189 231 ACTA

14 281 91 314 Ann.
103 278 144 309 D·
162 279 231 317 suis,
250 280 357 310 ratione
373 278 562 309 Decimarum
576 279 609 309 Sc
626 275 825 314 Auxiliorum,
845 275 1067 314 perDominum
1076 275 1231 317 Summum

42 327 126 359 1339.
164 317 353 355 Pontificem,
372 319 404 349 ὃς
421 319 476 355 ejus·
496 316 734 353 Praedeceffores,
754 316 844 345 Clero
860 315 954 354 Regni
976 313 1063 344 nostri
1083 314 1233 356 impolito-

15 360 82 387 Σίν.
101 366 128 393 3·
163 366 246 394 rum,
266 358 298 387 &
314 357 428 393 Nobis,
447 356 490 386 seu
509 355 740 394 progenitoribus
756 355 874 391 nostris,
894 363 943 390 per
958 352 1049 390 ipsum
1065 351 1232 381 Dominum

165 395 320 425 Summum
342 394 532 432 Pontificem,
551 394 584 423 &
605 394 689 423 etiam
712 402 760 430 per
782 392 917 421 Prtelatos
936 391 969 420 &
992 389 1111 419 Clerum
1134 389 1232 425 Regni

165 433 255 463 nostri
274 433 497 470 concessorum,
515 434 548 463 ὅτ.
572 442 636 470 qua:
659 432 694 460 ab
715 433 753 460 eis
772 441 821 468 per
834 429 1099 460 Summonitionem
1114 427 1234 458 Scacca-

166 473 198 501 rii
213 472 301 501 nostri
315 473 483 508 exiguntur,

204 510 274 540 Tibi
290 511 469 548 praecipimus
482 507 562 546 quod
579 506 758 544 Demandnc,

206 549 323 587 Quam,
340 547 501 578 Venerabili
517 546 611 584 Patri,
628 545 829 582 Neopoleoni,
849 542 934 573 dffitae
950 544 1093 574 Romanae
1100 542 1235 574 Ecclesiae

169 586 332 624 Cardinali,
352 584 555 615 Praebendario
570 583 735 613 Praebendae
749 582 786 611 de
806 582 927 620 Sutton,
947 583 975 611 in
997 581 1121 611 Ecclesia
1143 582 1235 612 Beatae

172 625 277 655 Mariae
299 623 505 654 Lincolniensis
521 646 530 661 ,
548 632 600 660 pro
622 621 758 658 aliquibus
781 619 914 649 Decimis
928 642 937 658 ,
957 620 1002 650 seu
1027 621 1144 650 Auxiliis
1161 643 1169 658 ,
1187 630 1235 658 per

169 663 282 693 dictum
299 662 464 692 Dominum
479 661 631 691 Summum
646 658 835 696 Pontificem,
855 658 900 688 vel
917 659 974 696 ejus
998 658 1235 696 Praedeceffores,

171 701 260 732 Clero
282 700 377 739 Regni
399 700 488 730 nostri
512 698 665 736 impositu,
683 698 717 727 &
742 696 857 733 Nobis,
876 696 922 726 seu
936 697 1168 736 Progenitoribus
1183 707 1236 727 no-

170 739 249 778 stris,
268 749 316 776 per
332 739 422 777 ipsum
438 738 601 768 Dominum
625 735 782 765 Summum
806 734 995 773 Pontificem,
1013 736 1057 766 vel
1080 736 1137 773 ejus
1158 735 1237 770 Prae-

170 777 347 815 decessores,
364 786 411 807 aut
424 777 507 806 etiam
524 784 574 812 per
587 773 720 803 Pi·ae¹.atos
743 774 775 803 δε
799 772 917 803 Clerum
938 773 1033 812 Regni
1056 774 1163 812 nosti-i,
1182 784 1237 804 no-

170 817 214 846 bis
235 814 393 853 concessis‚
411 815 519 844 ratione
539 811 704 842 Praebendae
725 812 778 842 suae
791 812 952 851 praediclae,
969 821 1015 843 aut
1029 812 1237 850 Ecclesiarum,

169 854 205 884 ad
218 854 338 884 eandem
353 851 541 883 Praebendam
553 850 754 893 spectantium,
774 850 858 880 nobis
869 850 1026 889 solvendae,
1044 861 1094 891 per
1101 851 1238 881 Summo-

172 894 311 923 nitionem
328 891 467 922 Scaccarii
482 887 609 926 praedich
625 889 708 925 facis,

209 929 390 969 Supersedeas
404 929 546 964 omnino,
565 928 597 957 δε
611 926 852 965 Disti·i5tionem,
870 927 889 957 fi
904 938 990 966 quam
1007 928 1032 958 ei
1053 927 1086 958 ea
1108 927 1237 958 occasio-

171 980 209 1000 ne
223 969 341 1006 feceris,
361 968 417 997 fine
430 966 564 996 dilatione
580 966 681 996 relaxes
694 966 796 996 eidem.

216 1044 307 1076 Teste
329 1041 472 1075 Edwardo
495 1042 583 1073 Duce
602 1042 762 1073 Cornubiae
784 1043 817 1073 &
838 1043 959 1073 Comite
982 1043 1103 1074 Cestriae
1118 1067 1127 1080 ,
1164 1042 1238 1072 Filio

172 1081 434 1153 ἓὲᾔξεήξῗῐίίῖῑῐηο,
443 1080 573 1112 Custode
586 1081 715 1121 Anglize,
731 1082 805 1120 apud
819 1082 862 1112 W
864 1082 999 1121 yndesore
1009 1083 1100 1121 ,seitto
1115 1081 1161 1111 die
1168 1081 1239 1120 Sep-

821 1161 875 1189 Per
891 1158 974 1199 ipfiaem
989 1159 1133 1198 Custodem.

24 1282 39 1300 ⁸
51 1284 155 1315 V·¹23·
338 1281 365 1308 ᾖ
392 1286 510 1316 [λίπ’-ηε
527 1282 562 1315 de
578 1283 760 1316 Protefflone
774 1294 830 1328 pro
851 1279 1074 1315 Cardinalilms.

26 1366 101 1398 Arm.
116 1364 155 1396 D.
179 1369 297 1425 REX
307 1392 317 1407 ,
333 1350 480 1399 Omnibus
495 1352 605 1398 Ai'nrcis
621 1368 654 1398 &
670 1364 810 1398 Fidelibus
827 1367 895 1405 suis,
915 1367 975 1398 sce.
996 1345 1128 1398 Sai'utem.

47 1414 132 1445 1339-
274 1408 374 1438 Sciatis
410 1407 470 1437 uOd

25 1449 76 1473 Aa.
95 1453 136 1479 13·
215 1445 295 1476 Cum
305 1469 315 1485 ,
333 1418 514 1476 Venqerabil’es
529 1446 556 1475 in
574 1444 693 1474 Christo
709 1443 803 1475 Patres
813 1469 822 1483 ,
836 1444 959 1475 Domini
976 1443 1009 1473 P.
1026 1444 1116 1474 Tituli
1130 1443 1243 1474 Sanetae

27 1488 55 1511 E·
78 1492 103 1518 3-
177 1483 504 1522 P1·axedis„Pi—esbite1·,
523 1486 555 1515 &c
578 1484 607 1513 B,
634 1483 743 1513 Sanum
770 1483 872 1513 Mariae
886 1485 916 1513 in
931 1484 1056 1521 Aquiro,
1076 1482 1242 1520 Diaconus,

24 1525 158 1550 Parem-
179 1522 358 1561 Cardinales,
376 1523 411 1553 ad
427 1533 478 1553 nos
494 1525 522 1552 in
557 1523 669 1552 roximo
685 1521 746 1552 sunt
760 1523 887 1559 venturi,

26 1560 158 1599 cess-Hom·
216 1562 397 1600 Suscepimus
414 1560 473 1591 Eos
490 1585 499 1599 ,
541 1560 665 1590 amiliam
682 1583 691 1598 ,
708 1559 786 1598 Res,
804 1561 838 1591 ὃς
859 1559 938 1591 Bona
957 1569 1073 1597 eorum,
1090 1560 1119 1589 in
1142 1558 1244 1589 Prote-

26 1598 104 1634 Angl.
124 1605 157 1628 &⁶
179 1600 309 1630 &ionem
325 1601 358 1631 ὃς
374 1599 579 1629 Defensioncm
595 1597 721 1629 nostram
734 1599 895 1638 specialem:
961 1622 967 1628 .
1185 1618 1189 1620 ν

26 1638 99 1673 Vasc.
118 1645 161 1671 ¹3·
218 1638 255 1669 Et
269 1639 335 1668 ideo
351 1649 402 1668 vos
418 1637 539 1668 Amicos
555 1645 702 1676 rogamus,
721 1636 861 1674 vobisque
878 1636 1020 1667 Fidelibus
1032 1635 1133 1666 nostris
1153 1636 1245 1674 injun-

12 1679 57 1704 Ἕ.
74 1685 99 1712 3.
123 1684 160 1701 m·
181 1678 276 1714 gimus
299 1677 332 1707 ὃ(
348 1676 530 1714 mandamuS,
548 1677 694 1714 quatinus,
712 1676 853 1712 praedic-stis
876 1675 1072 1705 Cardinalibus
1096 1674 1246 1706 Reveren-

31 1722 75 1748 14·
180 1717 249 1746 tiam
263 1715 389 1746 debitam
405 1715 616 1753 impendentes,
634 1724 695 1744 non
712 1713 852 1752 inferatis,
869 1714 932 1751 seu,
953 1721 1091 1751 quantum
1113 1713 1142 1742 in
1163 1712 1246 1743 vobis

179 1754 238 1793 est,
257 1754 293 1784 ab
313 1754 370 1784 aliis
391 1754 486 1784 inferri
505 1754 670 1790 permittatis
691 1751 811 1788 eisdem,
829 1761 876 1782 aut
901 1751 1028 1781 Familiae
1050 1752 1120 1789 suae,
1139 1752 1168 1780 in
1185 1750 1247 1780 Re-

180 1794 233 1823 bus
249 1816 259 1832 ,
276 1793 323 1823 seu
346 1791 476 1822 Personis
487 1815 496 1829 ,
516 1791 648 1829 Injuriam
664 1814 674 1827 ‚
694 1789 859 1820 Molestiam
870 1813 880 1829 ,
904 1789 1074 1828 Dampnum
1089 1812 1099 1828 ,
1122 1788 1248 1827 Impedi—

181 1840 312 1861 mentum
327 1830 442 1868 aliquod
455 1829 501 1860 seu
509 1829 689 1859 Gravamen:

218 1869 273 1906 Et,
288 1869 308 1899 si
332 1868 400 1907 quid
424 1869 462 1898 eis
480 1867 657 1898 forisfadimm
680 1866 779 1905 fuerit,
799 1866 828 1897 id
849 1867 888 1897 eis
910 1867 1016 1898 faciatis
1036 1866 1093 1898 fine
1114 1866 1249 1898 dilatione

179 1907 306 1947 qualibet
318 1906 474 1937 emendari.

215 1945 249 1977 In
265 1946 428 1983 cujus,&c.

254 1982 323 2015 Dat.
339 1983 504 2015 Valencien.
521 1993 556 2022 19
571 1983 617 2014 die
631 1983 821 2022 Septembris,
839 1982 928 2014 Anno
942 1991 973 2014 ut
988 1983 1073 2021 supra.

182 2111 233 2144 De
261 2108 466 2145 Advocatione
489 2112 649 2142 Priorasus
669 2109 705 2142 de
731 2112 841 2143 M‘onte
868 2110 970 2143 Aemo
994 2108 1252 2153 Concefffzsscomiti

659 2161 786 2192 Sarum.

32 2249 112 2282 Ann.
121 2247 163 2279 D.
184 2243 299 2300 REX
319 2243 482 2281 Omnibus,
503 2243 538 2274 ad
552 2253 640 2282 quos,
659 2243 719 2275 &c.
740 2242 873 2274 Salutem.

53 2297 139 2328 1339,
277 2283 374 2313 Sciatis
391 2283 472 2320 QLlOd
482 2306 492 2321 3,
1018 2295 1020 2297 ’

34 2331 88 2357 An.
105 2338 147 2364 13·
223 2320 322 2359 Cum,
342 2321 481 2351 Prioratus
504 2320 539 2350 de
562 2321 671 2351 Monte
691 2320 788 2351 Acuto
803 2344 813 2359 ,
831 2319 940 2351 dudum
963 2330 978 2350 a
1000 2319 1251 2360 progenitoribus,

34 2370 64 2394 Ε,
82 2375 108 2402 3,
185 2358 294 2390 Dileeti
310 2361 342 2391 ὃ(
358 2359 458 2389 Fidelis
473 2359 579 2397 nostri,
598 2359 749 2389 willielmi
761 2359 798 2389 de
819 2358 925 2389 Monte
941 2359 1056 2397 Acuto,
1073 2359 1252 2390 ComitisSa-

31 2405 96 2433 lbid,
184 2408 267 2436 rum,
287 2399 319 2429 Sc
336 2397 492 2427 Marescalli
508 2398 635 2436 Angiiae,
652 2397 929 2428 Denominationem
943 2399 1102 2436 acceperit,
1120 2397 1167 2442 de·
1179 2407 1253 2435 quo-

184 2446 250 2506 ffiin
270 2437 368 2466 Terris
389 2437 423 2468 ὃς
443 2435 665 2467 Posseffionibus
685 2436 776 2467 dietus
801 2435 944 2467 Prior-atus
966 2436 1090 2467 Dotatus
1113 2436 1252 2467 extitit&

218 2483 315 2513 iratus,

223 2513 293 2544 Nos
481 2528 485 2532 ·

190 2586 194 2591 ⁴
223 2551 272 2582 Ad
284 2536 359 2589 h'0c‚
378 2561 492 2582 necnon
504 2551 538 2582 ad
552 2551 730 2582 probitatem
744 2551 886 2589 strenuam
902 2551 973 2581 dieti
988 2550 1131 2590 Comitis,
1146 2561 1178 2581 ac
1195 2552 1254 2581 im-

185 2591 268 2630 pensa
282 2591 365 2621 nobis
385 2600 435 2627 per
457 2600 524 2620 eum
540 2590 686 2629 Obsequia
701 2591 857 2628 fructuosa,
875 2590 1133 2621 conlido-ationem
1146 2590 1254 2620 haben-

189 2639 230 2660 tes

226 2653 265 2698 E't
279 2667 416 2705 sperantes
431 2667 511 2704 quod
526 2666 603 2697 idem
619 2666 729 2697 Comes
739 2690 747 2704 ,
767 2674 883 2704 propter
897 2675 1002 2706 gratam
1022 2666 1166 2697 dietorum
1182 2666 1256 2697 Pro-

188 2708 352 2746 genitorum
367 2706 482 2736 suorum
498 2707 684 2742 memoriam,
703 2707 736 2736 ὃς
759 2713 874 2743 propter
896 2705 1111 2742 idempnitatem
1134 2705 1256 2744 Cogno-

190 2746 274 2774 minis
289 2744 344 2781 sui,
362 2745 395 2774 δε
411 2743 554 2773 Prioratfis
569 2744 715 2782 praedicti,
733 2744 824 2781 ipsum
836 2743 996 2774 Prioratum
1010 2745 1111 2783 gratius
1125 2753 1257 2783 protege-

188 2793 231 2813 ret
248 2783 281 2813 ὅ(
295 2782 425 2819 foveret,
441 2781 460 2810 si
476 2783 533 2818 ejiis
546 2781 623 2811 fieret
639 2782 821 2820 Advocatus,

227 2819 430 2850 Concessimus
443 2819 537 2849 eidem
553 2818 682 2857 Comiti,
701 2830 753 2857 pro
767 2820 884 2858 Nobis,
899 2821 932 2851 δε
946 2820 1118 2851 Haeredibus
1140 2821 1259 2860 nostris,

190 2857 426 2890 Advocationem
441 2856 587 2887 Prioratfis
600 2858 744 2896 praedicti,
763 2858 795 2887 H
806 2869 825 2889 A
835 2868 854 2888 Β
865 2868 883 2888 E
893 2867 915 2888 N
927 2868 947 2888 D
958 2869 977 2887 A
989 2867 1014 2889 M
1034 2860 1068 2890 &
1087 2860 1117 2889 T
1128 2868 1145 2888 E
1156 2868 1178 2889 N
1190 2870 1206 2890 E
1219 2869 1258 2889 N-

191 2905 279 2927 DAM
298 2896 359 2926 Sibi
371 2897 404 2926 ὅ(
418 2895 590 2926 l-laeredibus
604 2896 655 2926 suis
667 2896 704 2926 de
718 2897 801 2926 nobis
815 2897 849 2927 ὃς
865 2896 1036 2927 Haeredibus
1053 2897 1170 2935 nostris,
1188 2908 1257 2928 cum

191 2935 382 2972 Honoribus,
402 2933 599 2972 Praerogativis
612 2957 621 2972 ,
637 2933 753 2971 Juribus
768 2959 777 2972 ,
797 2936 830 2966 &
852 2935 992 2965 Proficuis
1015 2936 1257 2975 quibuscumque,

194 2974 347 3004 Advocato
369 2972 438 3002 disti
461 2971 605 3003 Prioratfis
623 2974 658 3002 ab
678 2973 794 3010 antiquo
814 2973 930 3011 debitis,
949 2973 1053 3012 absque
1066 2975 1160 3013 aliquo
1175 2976 1259 3005 nobis

194 3012 261 3044 inde
276 3010 440 3049 reddendo,
458 3010 508 3040 IM
518 3019 563 3041 PE
574 3019 624 3040 RP
637 3020 655 3041 E
667 3020 688 3041 T
699 3020 719 3042 U
730 3020 752 3042 υ
763 3019 800 3042 M.

230 3050 266 3081 In
273 3050 435 3089 cujus,&c.
550 3064 553 3066 ·
608 3052 609 3055 ’

234 3119 324 3156 Teste
343 3118 426 3158 Rege
447 3119 520 3158 apud
544 3119 719 3159 Kyenrayng
733 3145 742 3158 ,
767 3120 884 3151 decimo
904 3120 980 3152 sexto
1002 3119 1049 3151 die
1069 3120 1262 3161 Septembris,

198 3157 288 3188 Anno
302 3157 399 3197 Regni
414 3158 503 3189 nostri
515 3155 746 3191 Tertiodecimo.

220 3288 280 3318 Pro
299 3287 383 3318 Duce
402 3287 505 3319 Gelriae
522 3286 557 3319 de
574 3287 667 3320 Feodo
681 3297 737 3332 pro
757 3289 909 3334 Homagio
923 3286 1046 3333 praestito
1066 3291 1092 3320 ei
1111 3287 1238 3333 concejffb.

48 3381 125 3412 Ann.
138 3379 180 3411 D.
203 3371 255 3426 R

72 3428 155 3459 1339·

262 3370 320 3401 EX
339 3370 499 3408 Omnibus,
517 3371 552 3401 ad
567 3381 655 3410 quOS,
675 3371 735 3402 &c.
755 3372 890 3402 Salutem.

258 3422 260 3425 ’
301 3408 510 3447 Sciatisquod,

48 3462 102 3488 Aa·
123 3468 164 3495 ¹3·
237 3446 319 3490 Cum
334 3472 343 3485 ,
366 3446 480 3478 Illustris
501 3447 651 3491 Reinaldus
696 3447 898 3492 Dux-Gelriae
921 3449 1086 3492 &DCornes
1107 3449 1168 3480 Zut
1187 3449 1263 3488 ben,

48 3500 80 3524 Ε.
103 3506 127 3533 3,
206 3484 336 3529 Sororius
349 3485 444 3529 noster
458 3485 629 3523 carissimus,
647 3470 829 3528 Isiomagium
842 3487 875 3515 ὃς
886 3496 1002 3531 omnia,
1021 3498 1084 3529 quae
1100 3497 1166 3518 tene
1188 3498 1214 3518 at
1229 3489 1265 3532 dc

50 3538 108 3563 pm.
120 3537 184 3562 jnm
204 3523 338 3554 Domino
359 3522 493 3563 Philippo
513 3524 549 3564 de
570 3523 698 3562 Valelio,
716 3534 769 3561 pro
791 3523 876 3561 Rege
898 3524 1065 3555 Franciaeie
1079 3535 1207 3565 gerente,
1225 3537 1266 3557 ei-

48 3576 135 3609 Regm
148 3571 182 3605 ό,
203 3562 270 3606 dem
285 3561 434 3605 Philippo,
455 3562 604 3605 occasione
612 3561 804 3606 Adia-erent&5
817 3562 899 3592 nobis
913 3562 1015 3601 faetae,
1034 3564 1266 3604 reddiderit,uo-

50 3611 156 3647 diversos
203 3601 300 3638 bisque
312 3602 410 3631 fecerit
424 3599 603 3639 Homagium
619 3601 652 3631 δε
667 3600 690 3630 F
691 3600 817 3631 idehtatis
830 3600 1048 3639 Juramentum,

50 3651 184 3714 giga?
239 3639 424 3709 1§tii-{sidentes
435 3676 572 3707 ostensam
588 3676 670 3706 nobis
685 3686 733 3714 per
748 3677 897 3714 praefarum
913 3676 1032 3708 Ducem
1054 3677 1266 3709 Gratitudinem

57 3728 184 3759 13.E.m.
204 3717 233 3746 in
254 3717 306 3747 hac
327 3724 403 3754 parte
418 3740 428 3754 ,
453 3716 487 3746 &
512 3713 633 3753 proinde
655 3715 782 3745 volentes
800 3716 850 3746 sibi
871 3715 992 3747 Gratam
1013 3716 1107 3747 facere
1128 3717 1267 3755 Repensi-

53 3771 89 3790 Μ’
108 3770 137 3797 5'
203 3764 441 3823 var(nlonceffirnus
463 3793 488 3822 ei
511 3791 595 3822 Mille
618 3791 716 3821 Libras
734 3791 956 3829 Sterlingorum,
973 3773 1162 3830 percipiendas
1179 3793 1268 3824 Annis

203 3829 330 3870 singulis,
346 3831 381 3862 ad
401 3840 490 3861 tetam
511 3831 599 3859 vitam
618 3829 712 3866 ssiam,
730 3829 764 3858 ad
785 3829 865 3859 Festa
882 3830 977 3861 Sancti
1000 3830 1151 3860 Michaelis
1164 3832 1198 3861 &
1214 3832 1268 3862 Pa-

203 3868 297 3912 schaz,¹
315 3869 495 3914 peraequales
510 3868 717 3906 Portiones,‹ie
733 3866 878 3897 Custumis
893 3868 994 3898 nostris
1009 3870 1038 3898 in
1054 3869 1197 3900 Portubus
1204 3871 1268 3901 sub-

205 3905 522 3977 scrllgthorxt'udgizeiia'tis
536 3943 640 3974 nostrae
656 3944 836 3981 Lcnrloniae,
850 3944 1064 3983 Quinquaginta
1080 3945 1194 3983 Libras,

210 3980 386 4049 ῌὲῐέᾶξοῑω
399 3985 481 4015 Villae
494 3983 530 4014 de
545 3983 650 4013 Sancto
666 3982 810 4020 Botulplio
819 4005 828 4020 ,
839 3982 985 4012 Ducentas
999 3984 1032 4014 δε
1050 3983 1269 4023 Qinquaginta

234 4056 286 4125 ,ξπ
300 4041 431 4125 {gibana
445 4059 482 4090 de
497 4060 671 4103 Kyngeston
684 4058 763 4098 super
786 4058 878 4098 Hull,
895 4058 1042 4092 Ducentas
1063 4060 1097 4092 &
1118 4060 1272 4101 Qinqua-

208 4106 422 4165 g¹aoam.11.1³'.
445 4137 493 4172 IV,

1273 188 1304 228 P
1347 190 1386 229 U
1433 190 1465 230 Β
1503 191 1536 231 L
1574 191 1592 231 1
1632 191 1670 232 c
1708 192 1760 231 A.
1794 218 1796 221 >
2287 206 2333 246 51

1317 275 1398 313 Qas
1415 276 1532 313 quidem
1548 276 1631 306 Mille
1646 276 1746 308 Libras
1759 276 1877 316 praefato
1892 277 1990 318 Duci,
2007 277 2099 310 modo
2115 287 2174 321 quo
2194 280 2341 318 praemitti-
2357 260 2484 292 Anna

1276 320 1337 350 tur,
1356 313 1463 356 solvere
1478 316 1670 351 promittimus
1683 315 1760 346 bona
1775 315 1838 347 fide.
2375 309 2457 340 1339'

1314 349 1348 381 In
1360 353 1522 390 quuS‚&c.
2351 341 2419 376 Ede.
2437 349 2464 376 3'

1277 427 1470 496 tiolssaginagud
1485 427 1612 467 Bruxen,
1631 438 1667 459 21
1682 429 1728 461 die
1740 429 1930 471 Septembris,
1946 431 2036 463 Anno
2050 432 2147 472 Regni
2160 432 2249 464 nostri
2260 431 2337 463 Ter-

1479 587 1506 613 *
1534 590 1581 621 De
1598 587 1740 632 potestate
1756 589 1800 623 ad
1818 589 1929 628 Debita
1948 592 2137 629 remittenda.
2357 595 2487 632 *ll-¹²40

1283 671 1401 726 [REX=
1421 671 1624 719 OmnibiiS,ad
1641 675 1796 712 quos,&c.
1814 675 1946 707 Salutem.
2358 681 2435 712 Ann.
2445 679 2488 710 D.

1381 712 1478 740 Seiatis
1493 711 1573 753 quod
1588 711 1656 741 Nos
1666 734 1675 750 ,
2378 729 2465 760 1339.

1317 747 1367 778 De
1389 747 1565 779 Commodis
1584 750 1617 779 &

1336 787 1341 791 ”
1441 788 1445 792 .
1558 788 1563 793 ι
1614 789 1619 793 ”
1641 750 1749 795 Qiete
1771 750 1877 795 Populi
1890 752 1938 782 Re
1978 753 2086 784 inostri
2100 757 2206 787 atterite
2220 756 2339 795 soliciti,
2356 763 2467 794 A›1.i3.

1280 784 1314 814 &
1334 785 1448 817 instanti
1467 787 1526 824 Sup
1547 787 1688 825 licationi,
1707 787 1813 819 Dileeti
1834 791 1867 821 ὃς
1890 790 1922 820 Fi
1943 791 1991 821 elis
2013 792 2120 832 nostri,
2141 794 2292 825 Willielmi
2303 795 2340 826 de
2358 802 2387 824 Ε.
2408 807 2433 833 3.

1280 822 1387 855 Monte
1402 826 1498 856 Acuto
1520 866 1523 870 Δ
1544 826 1642 870 emitis·
1652 826 1752 870 Sarum
1775 827 1808 857 &
1830 828 1983 859 Marescalli
2007 830 2136 870 Angliae,
2155 835 2203 871 qui
2225 842 2340 872 propter
2357 839 2490 863 Panem-

1279 860 1336 892 hoc
1353 873 1383 893 er
1403 874 1417 893 a
1432 874 1483 907 nos
1497 864 1544 908 diu
1558 864 1657 895 institit
1668 864 1702 894 &
1717 864 1849 910 instanter
1859 889 1868 904 ‚
1886 867 2073 899 favorabiliter
2088 871 2227 910 inclinati,
2353 874 2405 911 cess.
2414 878 2493 902 Hom.

1318 901 1364 931 Ac
1400 912 1415 932 e
1429 901 1573 933 Fidelitate
1588 903 1621 933 &
1638 901 1923 944 Circumspectione‚
2360 913 2437 949 Angl.

1317 979 1456 1057 Εαῗυᾳνᾶι·
1471 982 1555 1009 Ducis
1576 978 1717 1010 cornubiae
1739 978 1778 1015 ὦ·
1793 979 1911 1020 Custodis
1928 981 2059 1021 Angliae,
2076 983 2140 1014 Filii
2159 984 2242 1024 nostri
2256 991 2339 1018 caris-
2358 952 2434 1027 ἕψῃ
2449 959 2493 1017 ¹n3³

1319 1028 1432 1085 Actmt,
2314 1069 2317 1071 ‚
2361 1037 2403 1064 ¹3-

1319 1080 1533 1124 Ver'ierabilium
1548 1095 1576 1124 in
1590 1093 1708 1124 Christo
1722 1093 1838 1126 Patrum
1847 1120 1856 1134 ,

1319 1131 1462 1169 Johannis
1477 1132 1676 1172 Cantuariensts
1691 1133 1886 1172 Archiepiftopi
1894 1158 1903 1173 ,
1922 1138 2006 1165 totius
2020 1136 2133 1174 Angliae
2149 1140 2281 1170 Primam

1317 1170 1447 1200 Richardi
1463 1169 1646 1210 Dunolmenfis
1661 1171 1779 1209 Episc'opi
1788 1196 1796 1209 a
2288 1163 2299 1178 ²

1320 1210 1362 1276 {t
1374 1208 1504 1239 Richardi
1519 1210 1709 1249 Londoniensis
1723 1210 1858 1248 Episc'opi,
1878 1211 2039 1245 Cancellarii
2051 1213 2148 1254 nostri,

1349 1257 1365 1277 C
1373 1270 1382 1285 2

1320 1285 1505 1316 Dileitorum
1521 1286 1553 1316 &
1568 1285 1591 1315 F
1593 1285 1708 1316 idelium
1723 1285 1904 1325 nostrorum,

1322 1324 1453 1353 Richardi
1463 1347 1472 1362 ,
1489 1323 1679 1362 Arondelliae,

1320 1364 1362 1391 Et
1378 1361 1520 1392 Willielmi
1528 1385 1537 1401 ,
1555 1363 1768 1400 Huntingdoniae
1777 1386 1786 1400 ‚

1321 1401 1493 1439 Comitum,

1323 1441 1436 1468 Henrici
1448 1440 1479 1468 de
1494 1442 1591 1480 Percy,

1322 1477 1458 1515 Radulphi
1473 1479 1504 1507 de
1519 1477 1633 1517 Nevill,

1323 1518 1365 1545 Et
1382 1518 1423 1545 W
1423 1514 1523 1545 illielmi
1537 1517 1568 1545 de
1581 1515 1610 1545 la
1624 1515 1686 1546 Pole
1694 1538 1705 1556 ,

1359 1553 1465 1584 Intime
1478 1554 1650 1585 confidentes
1658 1579 1668 1592 ,

1325 1629 1371 1661 Ad
1393 1630 1629 1670 concedendum,
1647 1631 1711 1662 vice
1729 1629 1827 1662 nostri
1869 1642 1918 1671 per
1942 1632 2044 1665 Finem
2064 1636 2260 1669 rationabilem
2280 1639 2348 1671 inde

1287 1669 1467 1708 faciendum,
1483 1671 1617 1701 omnibus
1640 1669 1817 1701 Hominibus
1839 1656 1934 1710 Regni
1957 1673 2047 1703 nostri
2061 1673 2298 1708 Pardonationem
2315 1678 2358 1711 &⁷

1289 1709 1400 1746 plenam
1419 1709 1631 1739 Remiffionern
1653 1708 1689 1738 de
1710 1710 1845 1739 omnibus
1861 1709 1990 1749 Debitis,
2007 1711 2156 1743 Summam
2170 1714 2285 1746 Decem
2301 1716 2353 1747 Li-

1290 1749 1404 1778 brarum
1427 1758 1488 1778 non
1510 1747 1728 1785 excedentibus,
1748 1757 1812 1785 quae
1833 1747 1868 1777 ab
1889 1748 1951 1786 iplis
1963 1773 1973 1787 ,
1991 1750 2037 1780 vel
2056 1757 2157 1781 eorum
2177 1753 2273 1791 aliquo
2288 1778 2298 1792 ,
2316 1754 2351 1786 ad

1289 1796 1360 1824 opus
1374 1785 1522 1824 nostrum,
1540 1796 1588 1826 pei·
1605 1786 1867 1816 Summonitionem
1882 1786 2020 1818 Scaccarii
2034 1788 2123 1819 nostri
2139 1789 2174 1820 de
2188 1791 2279 1822 Viridi
2293 1791 2361 1824 Ce-

1290 1826 1320 1864 ra
1356 1826 1504 1863 exiguntur
1513 1847 1522 1862 ‚
1541 1824 1586 1855 vel
1601 1833 1654 1861 pro
1667 1833 1798 1862 tempore
1811 1826 1955 1861 praeterito
1969 1827 2040 1865 exigi
2054 1836 2187 1864 poterunt
2198 1830 2226 1859 in
2240 1830 2334 1861 futuro
2343 1854 2353 1869 ,

1328 1849 1458 1893 Necnon
1481 1862 1718 1892 Pardonationem
1742 1861 1918 1894 Catallorum
1933 1887 1943 1902 ,
1969 1865 2009 1895 Fu
2030 1867 2190 1905 itivorum,
2214 1869 2248 1899 δε
2271 1869 2361 1898 Pelo-¹

1291 1911 1378 1940 num,
1388 1902 1431 1932 -&
1445 1901 1618 1932 Evalionum
1633 1900 1799 1939 Prisonum,
1815 1911 1867 1939 pro
1880 1903 1982 1940 quibus
2016 1904 2064 1933 icti
2076 1903 2222 1936 Homines
2235 1916 2284 1944 per
2290 1917 2355 1945 nos,

1291 1939 1447 1979 Haeredes,
1464 1940 1510 1971 vel
1525 1939 1675 1969 Ministros
1689 1939 1818 1978 nostros,
1835 1949 1882 1970 aut
1897 1940 2056 1972 Haeredum
2066 1942 2249 1983 nostrorum,
2265 1955 2353 1977 occa-

1294 1979 1392 2009 sionari
1404 1988 1538 2016 poterunt
1552 1977 1599 2008 vel
1613 1978 1763 2015 aliqualiter
1777 1979 1917 2017 impetiri,

1333 2017 1378 2048 Ac
1395 2019 1479 2048 etiarn
1493 2017 1528 2046 ad
1544 2015 1776 2047 Concedendum
1791 2017 1859 2055 illis,
1877 2019 1926 2055 qui
1939 2018 2041 2049 Finem
2056 2020 2252 2051 rationabilem
2269 2030 2356 2060 prop-

1293 2063 1335 2086 ter
1360 2056 1531 2093 hocsacere
1555 2056 1711 2096 voluerint,
1730 2063 1761 2085 ut
1775 2056 1803 2084 in
1819 2055 1900 2095 casu,
1940 2067 1977 2087 uo
1989 2057 2039 2095 ipsi
2052 2057 2232 2097 decesserint,
2251 2059 2356 2092 Haere-

1292 2094 1372 2125 dibus
1394 2095 1446 2125 suis
1468 2094 1540 2124 infra
1560 2102 1673 2124 aetatem
1696 2093 1892 2133 existentibus,
1911 2067 2085 2126 Executorcs
2099 2097 2243 2128 dictorum
2257 2096 2355 2130 Dece-

1293 2133 1439 2171 dentium,
1458 2133 1503 2163 vel
1519 2133 1641 2170 proximi
1657 2140 1784 2169 parentes
1800 2132 1945 2163 dfflcorum
1960 2133 2141 2173 Haeredum,
2153 2136 2187 2166 ad
2204 2147 2276 2175 quos
2283 2136 2356 2168 Hae-

1294 2171 1392 2202 reditas
1413 2181 1513 2202 eorum
1534 2181 1594 2201 non
1617 2171 1685 2201 esset
1706 2170 1771 2208 post
1793 2181 1917 2202 mortem
1939 2172 2016 2203 suam
2029 2173 2220 2213 devolvenda,
2239 2176 2359 2208 habeant

1293 2209 1462 2241 Custodiam
1477 2210 1633 2240 Terrarum
1650 2210 1682 2240 δε
1696 2209 1854 2240 Haeredum
1870 2210 2028 2249 hujusmodi
2044 2211 2258 2244 Decedentium
2282 2213 2358 2252 (Cu-

1294 2249 1390 2280 stodiis
1405 2249 1560 2279 Terrarum
1577 2249 1610 2279 &
1625 2247 1785 2278 Haeredum
1801 2247 1972 2288 Comitum,
1991 2250 2024 2281 ὃς
2039 2249 2189 2289 Majorum
2201 2251 2357 2292 Baronum,

1294 2288 1332 2318 sic
1347 2287 1537 2318 Morientium
1547 2309 1557 2325 ‚
1575 2286 1718 2317 dumtaxat
1733 2287 1866 2325 exceptis)

1333 2326 1458 2356 Praefatis
1472 2351 1481 2364 ,
1501 2325 1581 2355 Duci
1597 2349 1606 2363 ,
1627 2325 1850 2363 Archiepiscopo
1862 2350 1871 2364 ,
1893 2324 2054 2364 Episcopis,
2075 2327 2256 2368 Comitibus‚
2273 2329 2358 2361 H'en-

1295 2366 1375 2403 rico,
1394 2364 1564 2402 Radulpho,
1584 2364 1617 2394 δε
1638 2363 1800 2393 Willielmo
1819 2363 1854 2393 de
1876 2363 1901 2393 la
1916 2364 2002 2403 Pole,
2018 2365 2116 2405 0610,
2134 2366 2267 2405 Septem,
2287 2369 2358 2408 Sex,

1297 2401 1451 2442 Qiinque,
1469 2403 1502 2433 ὃς
1526 2403 1660 2439 Qatuor
1681 2412 1782 2432 eorum
1804 2402 1943 2440 (quorum
1966 2404 2098 2441 praefatos
2116 2404 2234 2436 Ducem
2254 2406 2288 2437 &
2302 2407 2368 2438 Ar-'

1295 2442 1508 2480 chicpiscopum
1532 2451 1564 2470 ac
1588 2440 1772 2478 Radulphum
1794 2440 1869 2470 Tres
1892 2440 1949 2471 effe
1970 2442 2120 2480 volumus)
2143 2443 2278 2482 plenam,
2304 2455 2358 2483 pro

1296 2482 1397 2550 Robis²
1416 2481 1449 2511 ὃς
1469 2478 1642 2510 Haeredibus
1661 2479 1780 2517 nostris,
1798 2479 1987 2510 concessimus
2007 2481 2040 2512 ὃς
2061 2482 2258 2513 commisimus
2272 2483 2370 2514 Potes

1323 2529 1406 2550 atem.

1332 2557 1365 2588 In
1381 2557 1542 2595 cujus,&c.

1332 2633 1421 2665 Teste
1444 2633 1527 2672 Rege
1539 2631 1612 2701 apud
1628 2631 1733 2662 Villam
1747 2632 1784 2676 de
1798 2631 1960 2672 Markoyn,
1978 2634 2050 2665 infra
2073 2634 2234 2666 Marchiam
2257 2636 2370 2669 Franc..

1299 2672 1438 2706 vicesimo
1454 2671 1532 2702 sexto
1567 2681 1593 2701 ie
1606 2670 1795 2709 Septembris,
1815 2671 1903 2702 Anno
1919 2672 2015 2712 Regni
2034 2673 2123 2704 nostri
2136 2674 2361 2707 Tertiodecimo.

1986 2749 2040 2778 Per
2054 2747 2137 2787 ipfitm
2149 2752 2255 2788 Regem.

1301 2892 1350 2923 De
1377 2892 1453 2936 Rege
1482 2901 1551 2922 cum
1576 2890 1741 2922 Excercitu
1770 2888 1874 2934 verfhs
1898 2891 2063 2922 Franciam
2082 2890 2235 2937 profesto,
2260 2896 2298 2932 ὠ·
2325 2893 2363 2928 de

1658 2939 1775 2970 Gratiis
1794 2935 1992 2973 concedendis.

1302 3022 1417 3081 REX
1435 3022 1595 3059 Omnibus,
1612 3021 1646 3052 ad
1661 3022 1818 3060 qu032&c.
1838 3022 1973 3054 Salutem.
2372 3023 2513 3057 'Ann.D.

1396 3062 1494 3092 Sciatis
1509 3061 1606 3098 qubd,
2368 3091 2372 3096 ,
2411 3073 2496 3104 1339.

1341 3099 1422 3130 Cum
1437 3098 1587 3137 nuper,de
1601 3097 1733 3129 Consilio
1747 3098 1780 3129 &
1797 3097 1914 3130 Affensu
1929 3099 2135 3139 Praelatorum,
2145 3100 2178 3132 &
2193 3101 2361 3142 Procerum,
2382 3106 2435 3131 An.
2454 3114 2461 3131 ι
2470 3113 2495 3140 3.

1303 3148 1336 3168 ac
1351 3138 1590 3174 Communitatis,
1610 3138 1706 3176 Regni
1720 3137 1827 3176 nostri,
1845 3137 2002 3177 Paffagium
2016 3138 2147 3169 nostrum
2163 3139 2198 3171 ad
2212 3149 2363 3178 partesas-
2386 3146 2415 3169 Ε.
2435 3151 2460 3178 3.

1303 3176 1498 3214 sumpserimus
1515 3174 1699 3213 Cisniarinas,
2386 3180 2489 3208 lbia'em.

1342 3215 1479 3252 Diffique
1491 3213 1616 3252 Praelati,
1636 3214 1791 3252 Proceres,
1810 3214 1843 3245 &
1858 3213 2043 3253 Comunitas,
2061 3216 2182 3254 inpleno
2195 3216 2422 3249 Parliamen-'m.
2442 3227 2483 3247 η.

1304 3262 1335 3284 to
1351 3253 1467 3291 nostro,
1487 3253 1568 3282 nobis
1582 3253 1761 3289 promiserint
1774 3263 1895 3283 omnem
1912 3253 2156 3293 Subventionem,
2173 3265 2259 3294 quam
2281 3265 2365 3294 pote-
2422 3284 2426 3286 ,

1305 3301 1382 3329 rant,
1402 3302 1453 3329 pro
1468 3291 1613 3328 Assumpti
1628 3290 1814 3328 Expeditione
1831 3291 1971 3329 Negotii,
1988 3292 2014 3322 se
2028 3292 2167 3330 facturos,

1346 3331 1389 3361 Ac
1406 3329 1594 3368 postmodum
1603 3354 1611 3367 ,
1630 3339 1744 3368 propter
1757 3329 1914 3359 Defeftum
1927 3329 2077 3369 Pecuniae,
2093 3331 2254 3371 Progressus
2266 3332 2364 3364 noster

1306 3369 1485 3399 Dilationem
1502 3368 1617 3407 longam
1633 3368 1665 3398 ὃς
1678 3367 1862 3405 periculosam
1879 3370 2014 3406 receperit
2029 3379 2062 3399 ac
2079 3371 2260 3409 probrosam,

1343 3407 1464 3444 Propter
1487 3409 1582 3444 quod,
1601 3416 1670 3436 cuin
1693 3405 1856 3436 difficultate
1875 3406 1997 3437 maxima
2013 3429 2023 3445 ,
2042 3407 2182 3438 Mutuum
2197 3433 2206 3446 ,
2226 3417 2364 3446 quantum

1308 3446 1451 3484 potuimus
1464 3468 1474 3483 ,
1499 3445 1549 3474 sub
1569 3445 1803 3480 obligationibus
1825 3445 1858 3474 δε
1878 3444 1976 3475 Poenis
2002 3445 2167 3483 gravissimis
2194 3448 2375 3478 contrahen-'

1306 3495 1346 3515 tes
1359 3508 1368 3520 ,
1386 3484 1478 3514 sumus
1493 3506 1503 3522 ,
1522 3493 1590 3513 cum
1614 3482 1725 3513 Grandi
1744 3481 1896 3513 Excercitu
1909 3507 1919 3520 ,
1937 3484 2029 3514 versus
2052 3484 2199 3515 Franciam
2217 3486 2276 3524 jam
2296 3496 2365 3524 pro-

1307 3524 1390 3561 ieci-i,

1344 3561 1431 3598 Nos,

1345 3599 1481 3630 Volentes
1497 3607 1655 3635 praecavere
1667 3597 1816 3635 PericuliS,
1833 3607 1897 3635 quae
1907 3596 2021 3635 Nobis,
2039 3607 2071 3628 ac
2089 3598 2217 3639 Amicis,
2234 3600 2268 3631 &
2283 3600 2381 3632 Fide·-

1308 3638 1380 3669 libus
1403 3636 1503 3667 nostris
1527 3637 1594 3673 (qui
1615 3636 1651 3665 Se
1671 3645 1723 3673 pro
1744 3635 1844 3666 Nobis
1865 3636 1986 3666 iimiliter
2006 3636 2186 3675 obligarunt)
2212 3639 2231 3659 ⁴*
2250 3649 2367 3670 necnon

1309 3678 1362 3706 toti
1384 3675 1490 3713 Regno
1512 3674 1610 3704 nostro
1631 3682 1764 3711 poterunt
1780 3697 1788 3712 ,
1813 3682 1846 3703 ex
1866 3673 1948 3704 dictis
1965 3674 2197 3712 obligationibus
2210 3699 2220 3716 ,
2245 3677 2296 3708 nifi
2319 3678 2368 3711 fiat
2382 3665 2512 3701 *ἰν-ἠ’

1309 3714 1463 3745 Conventa
1479 3713 1590 3743 Solutio
1598 3735 1607 3751 ,
1626 3713 1777 3750 provenire
1785 3735 1794 3749 ,

1347 3752 1527 3783 Venerabiles
1542 3751 1653 3788 Pan-es,
1668 3750 1830 3788 johannem
1843 3749 2072 3781 Cantuariensem
2094 3751 2368 3794 Archiepiscopum,

1304 3792 1342 3822 &
1357 3789 1533 3820 Richardum
1548 3789 1721 3826 Episcopum
1737 3788 1982 3827 Dunolmensem,
1999 3800 2049 3827 ac,
2069 3789 2219 3822 Dilestum
2233 3794 2267 3824 &
2285 3793 2369 3825 Fide-

1310 3830 1369 3859 lem
1389 3828 1534 3864 nostrum,
1557 3827 1749 3857 Willielmum
1769 3827 1805 3856 de
1824 3827 1849 3856 la
1870 3826 1956 3864 Pole,
1976 3837 2092 3865 propter
2106 3829 2164 3860 hoc
2201 3831 2234 3861 &
2249 3831 2284 3862 ad
2304 3832 2375 3862 insi-'

1310 3866 1453 3898 nuandum
1468 3866 1609 3903 Praelatis,
1625 3866 1658 3896 δε
1673 3865 1860 3903 proceribus,
1877 3875 1909 3895 ac
1924 3865 2150 3906 Communitati‚
2170 3852 2269 3906 Regni
2280 3871 2369 3901 nostri

1311 3905 1452 3943 praedietis
1473 3904 1585 3934 Statum
1607 3903 1803 3942 Negotioi·uni
1823 3903 1987 3933 nostrorum
2010 3905 2044 3935 δε
2062 3904 2189 3937 Pericula
2200 3908 2364 3946 suprad-zeta,

1310 3944 1344 3974 ad
1359 3953 1446 3981 partes
1458 3942 1552 3980 Regni
1566 3941 1671 3979 nostri,
1690 3952 1743 3979 pro
1759 3940 1904 3972 Remedio
1918 3942 1996 3981 super
2011 3943 2070 3974 hoc
2092 3945 2271 3986 ordinando,
2288 3947 2369 3977 duxi-

1311 3992 1374 4012 mus
1389 3981 1516 4012 celeriter
1529 3980 1772 4018 transmittendos,

1350 4020 1388 4051 Et
1410 4021 1475 4066 quia
1495 4018 1572 4057 grata
1598 4018 1740 4048 memoris.
1769 4017 1940 4049 recensentes
1962 4018 2108 4051 Profusam
2133 4021 2343 4053 Gratitudinem
2356 4026 2378 4060 ,’

1313 4068 1400 4097 quam
1411 4058 1512 4087 Llerus
1529 4059 1562 4087 &
1576 4055 1701 4094 Populus
1716 4057 1812 4093 Regni
1825 4057 1914 4088 nostri
1931 4059 2013 4088 nobis
2025 4059 2162 4093 haestenus
2179 4061 2372 4098 ostenderunt,

1315 4099 1349 4131 &
1361 4095 1481 4136 proinde
1493 4095 1621 4129 volentes
1636 4095 1673 4126 eis
1685 4103 1794 4134 gratam
1809 4095 1901 4166 faccfre
1916 4095 2124 4136 Repenfivam,
2334 4136 2363 4167 A

1879 4144 1897 4164 2
2364 4145 2384 4168 G
