2562 4279
157 111 187 151 4

16 179 93 213 Ann.
101 178 142 210 D.

16 229 74 286 zi}
85 228 125 279 ¹02

203 182 315 216 Eodem
331 182 422 214 modo
437 179 599 212 mandatum
613 176 655 209 est
669 173 805 215 praefatis,
822 171 967 204 Bernardo
980 171 1013 204 &
1022 171 1167 211 Jordano,
1182 171 1226 203 vi-

168 223 285 262 delicet,
303 223 407 253 culibet
423 230 525 251 eorum
541 228 590 256 per
604 217 637 247 se.
891 251 897 256 υ
999 250 1004 255 ἡ
1112 250 1116 255 ι

203 261 241 292 Et
255 261 416 292 mandatum
431 258 471 289 est
484 257 599 296 praefato
612 254 763 284 Amaneno
778 250 872 294 quod,
890 249 1018 288 mspestis
1032 248 1150 287 formis,
1164 245 1225 283 &c.

166 308 197 330 ut
223 310 289 340 upra
304 300 398 339 usque,
417 305 500 336 prout
516 294 603 333 Regis
617 289 813 322 commodum
825 289 914 329 diligit
928 289 962 321 &
976 288 1129 319 honorem.

205 375 274 408 Dat.
293 384 324 406 ut
338 374 425 413 supra.

170 499 229 534 Ad
247 502 355 546 Regem
374 499 580 536 Francorum,
605 492 641 526 de
656 503 765 525 mutua
784 491 890 535 visione
903 489 986 537 apud
1003 491 1165 522 Bononiam
1168 487 1227 533 fia

603 553 660 589 per
676 545 784 575 Mare.

23 631 100 664 Anu.
111 628 152 660 D.
173 632 228 694 E
238 628 465 676 Xcellentisfsrmo
479 625 624 672 Principi,
642 626 777 671 meino
791 635 824 655 ac
841 624 916 668 Patri
931 622 980 653 suo
995 619 1230 666 karissimo,Do-

45 679 131 710 1312·
251 680 329 700 mino
344 668 492 705 Philippo,
512 666 570 696 Dei
585 676 673 703 grana
687 665 761 694 Reor
776 664 901 694 Francia:
922 661 1022 691 Illustn
1032 685 1040 698 ,
1059 658 1229 695 Edwardus‚

22 713 75 738 An.
90 718 107 743 5
111 727 120 735 ·
172 710 291 748 ejusdem
305 706 406 746 gratia,
426 705 490 736 Rex
506 705 634 745 Angliae,
654 704 714 734 &c.
732 689 847 734 salutem
861 702 893 732 δε
903 723 911 739 ‚
929 699 964 730 ad
977 708 1044 730 vota
1059 722 1068 736 ‚
1094 697 1232 728 successus

24 752 55 776 13.
73 755 99 773 ²·
173 748 318 787 prosperos
332 755 364 775 ac
379 745 483 776 felices.
1108 775 1116 782 κ
1199 774 1203 779 ¹

211 786 257 817 Ad
275 784 510 815 consentiendum
523 807 533 820 .,
559 792 612 820 pro
631 782 714 811 nobis
733 780 767 810 ὃ(
787 779 907 809 nomine
927 775 1025 806 nostro
1039 799 1048 812 ‚
1067 785 1123 804 una
1136 774 1232 816 vobis-

174 835 257 862 cum,
276 823 355 860 super
377 821 476 853 mutua
498 821 605 851 visione
621 820 705 850 vestri
729 820 762 849 δε
778 817 884 854 nostri,
900 825 985 853 quam
998 815 1111 844 summo
1125 811 1231 856 deiide-

174 873 266 894 ramus
278 861 399 898 affeetu,
418 863 446 890 in
461 859 545 890 Festo
561 859 658 889 Sanc‘ti
672 857 820 888 Michaelis
834 856 965 893 proximo
981 853 1095 889 futuro,
1114 851 1159 881 vel
1174 850 1230 880 alio

172 903 306 940 sequente
325 901 449 931 termino
470 906 653 935 competente
666 921 675 934 ,
703 906 752 934 per
773 905 825 925 vos
845 892 1008 935 assignando
1022 914 1032 929 ,
1048 889 1122 934 apud
1136 889 1234 932 Bono:

171 942 248 971 niam
263 940 342 977 super
358 938 442 970 Mare
456 962 465 974 ,
492 938 511 966 si
527 936 625 966 vestrae
646 934 789 965 Serenitati
809 933 943 970 placuerit
958 954 968 968 ,
986 931 1019 961 &
1033 929 1067 959 ad
1082 927 1110 958 id
1126 927 1235 958 consilii

172 979 264 1010 nostri
280 977 398 1008 assensus
413 976 607 1013 concurrerit,
622 972 763 1010 facienda,

211 1016 332 1048 Dilectis
355 1017 388 1046 ὃς
406 1014 532 1044 fidelibus
552 1014 650 1043 nostris
667 1035 677 1050 ,
704 1009 865 1041 Alexandro
885 1007 921 1038 de
943 1006 1118 1045 Abernithy,
1135 1005 1169 1035 &
1181 1004 1236 1047 Jo-

172 1056 258 1087 hanni
272 1055 307 1085 de
321 1052 477 1084 Crumwill
486 1076 495 1090 ,
515 1051 674 1087 Militibus,
693 1060 725 1080 ac
742 1047 888 1085 hdagiitro
902 1045 1072 1088 Guillielmo
1085 1044 1120 1074 de
1135 1042 1234 1087 Calis‘,

169 1097 239 1135 juris
261 1093 415 1124 Proseil'ori
438 1091 486 1129 (de
508 1100 633 1128 quorum
655 1088 784 1119 fidelitate
798 1088 831 1118 &c
848 1084 1102 1128 circumspectione
1116 1082 1237 1120 plenarie

175 1131 356 1168 confidimus)
381 1140 414 1160 ac
437 1129 547 1160 duobus
571 1138 672 1159 eorum
693 1127 807 1164 plenam
820 1126 853 1156 &
866 1123 1031 1162 specialem,
1049 1130 1149 1152 tenore
1165 1130 1237 1158 prze-

176 1173 312 1207 sentium,
332 1169 540 1200 committimus
555 1166 731 1205 potestatem.

215 1210 253 1240 Et
268 1209 325 1238 hoc
341 1206 443 1238 vestrae
459 1206 618 1236 Paternitati
637 1203 786 1235 karissimae
809 1199 994 1240 significamus
1009 1209 1059 1238 per
1074 1197 1240 1236 praesentes,

179 1249 258 1289 sigilli
269 1245 358 1277 nostri
372 1246 530 1276 munimine
545 1245 697 1275 roboratas.

23 789 95 813 Rom.
104 782 137 815 &-

24 827 66 850 Fr.
85 831 113 855 5.

24 864 54 889 Ε.
72 869 97 886 2.
115 867 152 887 m.

25 906 70 926 ιο.
87 897 139 926 dor.

216 1324 286 1356 Dat.
305 1322 379 1363 apud
395 1321 519 1353 Novum
533 1319 666 1351 Castrum
681 1319 761 1356 super
773 1316 907 1356 Tynam,
929 1322 973 1353 15.
993 1314 1039 1344 die
1053 1313 1166 1352 Aprilis.

422 1446 480 1482 Ad
500 1444 622 1479 eundem
645 1447 753 1492 Regem
771 1442 806 1476 de
824 1440 995 1476 Credentia.

32 1530 109 1561 Ann.
125 1527 168 1559 D.

55 1577 140 1608 1312.

32 1612 86 1637 An.
106 1616 136 1642 5.

33 1650 64 1674 E.
87 1655 113 1672 2.

35 1682 150 1716 Rara&

36 1726 80 1750 Fr.
97 1731 124 1756 5.
138 1725 169 1748 E.

38 1769 111 1788 2.m.
126 1770 171 1787 20.

37 1799 91 1826 dor.

236 1612 250 1641 f
266 1573 388 1612 ejusdem
402 1572 503 1611 gratia,
522 1571 583 1602 &o
602 1569 717 1600 salutem
733 1569 784 1607 &‚
802 1568 836 1598 ad
852 1575 937 1605 vota,
952 1566 1090 1597 successus
1102 1565 1249 1603 prosperos

188 1623 220 1644 ac
247 1613 339 1642 elices.

224 1650 273 1682 De
295 1649 430 1680 fidelitatis
452 1646 610 1679 constantia
623 1670 633 1685 ,
658 1647 692 1678 &
707 1644 966 1682 circumspeffionis
982 1642 1115 1673 industrii
1129 1641 1249 1672 dilecsto-

187 1700 250 1720 rum
270 1690 303 1721 δε
322 1686 651 1723 fideliumnostrorum,
669 1683 817 1714 Alexandri
831 1683 867 1712 de
881 1682 1048 1718 Abernithi,
1067 1680 1251 1718 &johannis

187 1728 223 1758 de
244 1726 424 1758 Crumbwell
439 1750 449 1764 ,
475 1723 622 1762 Militum,
640 1734 673 1754 ac
695 1721 828 1759 Magistri
847 1720 1007 1751 Guillielmi
1030 1720 1066 1750 de
1087 1719 1166 1750 Casis
1183 1720 1251 1758 juris

189 1766 374 1802 profuturis,
390 1765 503 1802 plenam
516 1763 648 1794 fiduciam
663 1762 839 1799 optinentes,

225 1804 340 1835 Eisdem
362 1803 504 1834 Militibus
526 1803 560 1833 ὃς
581 1801 700 1831 Clerico
723 1799 853 1838 quaedam
874 1798 987 1838 negotia
1002 1820 1012 1835 ‚
1035 1806 1088 1827 nos
1101 1796 1252 1834 specialiter

188 1852 234 1875 tan
257 1844 346 1881 entia,
364 1842 533 1881 injunximus
546 1840 645 1877 vobis,
662 1848 697 1869 ex
713 1846 788 1876 parte
805 1835 898 1868 nostra
911 1861 921 1874 ,
939 1835 1063 1866 seriosius
1076 1835 1252 1873 exponenda.

227 1852 336 1912 &estrat
348 1882 431 1920 igitur
445 1879 605 1909 Paternitati
620 1876 768 1907 karissimae
782 1875 942 1906 affectuosis
964 1875 1094 1911 precibus
1115 1873 1253 1912 supplica-

191 1931 271 1957 mus,
290 1921 418 1958 quatinus
433 1917 551 1956 praefatis
561 1941 569 1956 ,
586 1915 746 1952 Militibus,
764 1915 797 1946 &
812 1914 948 1950 Clerico,
966 1923 999 1943 ac
1014 1912 1126 1943 duobus
1142 1922 1254 1952 eorum,

190 1961 220 1989 in
235 1960 287 1989 biis
298 1982 307 1996 ,
326 1967 390 1996 quae
410 1956 459 1996 ipsl
473 1980 483 1993 ,
509 1956 554 1986 vel
574 1954 633 1985 duo
651 1964 753 1984 eorum
772 1953 873 1990 vobis,
891 1961 925 1981 ex
941 1960 1018 1988 parte
1033 1949 1147 1988 nostra,
1165 1961 1253 1989 expo-

190 1998 293 2028 suerint
308 1995 374 2026 vivi
386 2005 478 2032 voce,
498 1994 586 2023 velitis
600 1993 686 2022 fidem
702 1991 849 2022 indubiam
864 1989 997 2020 adhibere
1012 2011 1022 2028 2
1039 1990 1072 2020 δε
1088 1998 1120 2018 ea
1134 1990 1255 2026 paterni-

190 2044 246 2066 tate
260 2034 391 2065 benivola
408 2032 551 2071 gratiosius
564 2031 702 2061 exaudire.

230 2111 298 2142 Dat.
317 2108 389 2148 apud
402 2108 528 2140 Novum
540 2106 677 2138 Castrum
693 2106 773 2144 super
788 2104 905 2144 Tynam
915 2128 924 2143 ,
947 2112 992 2144 15.
1010 2103 1056 2135 die
1070 2103 1181 2142 Aprilis.

189 2181 1244 2194 *ffl—

194 2236 243 2268 De
262 2236 484 2273 Matrimmzw,
511 2234 587 2262 inter
609 2233 756 2275 Rogerum
772 2228 808 2262 de
832 2226 1008 2276 Moubray,
1035 2231 1071 2265 ὠ
1090 2230 1259 2273 Margare-

273 2292 337 2314 tam
355 2280 468 2314 Filiam
484 2276 659 2312 Alexandri
677 2275 713 2308 de
728 2274 919 2325 Abbernythy
932 2302 943 2318 ,
968 2273 1176 2308 contrahendo.

49 2363 128 2396 Anu<
140 2361 184 2393 D-
201 2365 413 2430 VEnerabili
434 2364 464 2394 in
478 2362 595 2395 Christo
615 2361 715 2399 Patri,
741 2361 877 2391 Domino
898 2360 934 2391 A.
954 2359 1012 2390 Dei
1027 2359 1132 2398 gratia,
1150 2359 1261 2390 Sanetae

79 2411 166 2442 1312·
286 2404 389 2435 Mariae
411 2404 440 2433 in
460 2402 577 2433 Porticu
598 2399 736 2430 Diacono
750 2398 908 2437 Cardinali,
926 2399 1021 2429 amico
1034 2399 1084 2429 suo
1099 2398 1243 2428 karissimo

81 2453 85 2456 ·
142 2461 148 2467 ·
200 2443 371 2514 Ιῐὲἱιὲζναῑάυε,
390 2441 513 2481 ejusdem
527 2440 628 2480 gratia,
646 2439 707 2470 &c.
726 2437 839 2468 salutem
865 2439 898 2469 &
920 2437 1036 2468 sincerae
1048 2421 1262 2468 dileffionisass

214 2493 247 2513 ev
261 2492 319 2512 um·

241 2520 317 2552 Inter
336 2528 436 2551 caetera
451 2542 461 2557 ,
486 2517 588 2548 nostris
608 2515 703 2546 studiis
727 2514 936 2553 incumbentia,
954 2513 989 2544 ad
1001 2513 1078 2551 hoc,
1097 2513 1176 2552 quod
1189 2514 1263 2544 inter

202 2559 334 2591 homines
346 2557 440 2589 fideles
454 2559 487 2588 δε
505 2556 628 2587 subditos
640 2554 752 2585 nostros
767 2553 802 2583 de
815 2553 909 2584 Terra
933 2552 1030 2583 nostra
1050 2552 1157 2583 Scotiae
1171 2551 1263 2583 affini-

203 2600 265 2629 tatis
283 2599 317 2630 &
338 2597 471 2628 amicitiae
491 2595 582 2626 foedus
604 2592 794 2624 consolidetur
808 2615 818 2631 ,
850 2602 886 2622 eo
907 2591 1067 2628 diligentius
1086 2590 1262 2622 extendimus

202 2645 331 2668 mentem
346 2635 491 2673 nostram,
510 2643 569 2671 quo
584 2631 684 2662 exinde
698 2640 798 2669 pacem
811 2630 937 2660 nostram
951 2629 1058 2660 ibidem
1077 2629 1216 2667 speramus
1231 2640 1264 2660 u-

205 2675 298 2707 berius
311 2674 480 2711 confoveri,
497 2673 531 2704 &
551 2671 732 2702 salvationem
750 2670 911 2700 animarum
924 2693 934 2706 ,
952 2679 984 2699 ac
1000 2669 1125 2707 quietem
1141 2669 1175 2699 δε
1190 2676 1266 2699 tran-

205 2714 361 2754 quilitatem
375 2711 471 2752 populi
482 2710 571 2740 nostri
585 2718 667 2740 terrae
679 2707 822 2746 predictae
837 2707 966 2738 salubrius
980 2708 1136 2745 praeparari.

244 2752 325 2783 Cum
338 2753 433 2789 itaque
446 2749 684 2786 Matrimonium,
702 2748 772 2777 inter
789 2745 934 2776 Nobilem
949 2746 1063 2784 virum,
1084 2745 1118 2777 ὃς
1133 2745 1266 2776 nostrum

207 2790 346 2822 diledmm
361 2790 395 2820 &
408 2787 539 2825 fidelem,
558 2787 724 2817 Dominum
738 2785 888 2823 Rogerum
904 2784 940 2814 de
955 2783 1083 2814 Moubra
1107 2807 1116 2823 ,
1135 2794 1168 2814 ac
1186 2783 1267 2814 Mar-

207 2837 350 2867 garetam,
370 2827 468 2858 Filiam
480 2825 600 2856 Nobilis
611 2826 683 2863 viri,
700 2826 733 2855 ὅτ
751 2823 839 2853 nostri
859 2823 955 2854 dilecti
979 2823 1012 2854 &
1025 2793 1127 2860 fidelis,
1144 2822 1267 2852 Alexan-

208 2868 253 2898 dri
273 2867 310 2898 de
332 2865 519 2905 Abbernythy
541 2864 572 2894 sit
586 2886 595 2902 ,
615 2871 648 2893 ut
661 2862 862 2900 intelleximus,
880 2861 1084 2900 praelocutum,
1102 2861 1179 2899 quod
1195 2862 1267 2891 inter

209 2905 282 2945 ipsos
297 2905 316 2925 ’Β
336 2905 488 2942 Rogerum
502 2903 535 2933 ὅ(
552 2901 761 2938 Margaret-am,
779 2911 831 2939 pro
848 2911 884 2931 eo
900 2899 977 2938 quod
994 2901 1022 2929 in
1038 2899 1123 2939 gradu
1139 2899 1268 2930 Consan-

211 2945 354 2982 guinitatis
368 2943 530 2981 prohibito,
547 2948 578 2971 ut
594 2940 736 2977 asseritur,
750 2940 777 2969 se
792 2940 961 2976 contingunt
976 2961 985 2976 ‚
1009 2939 1112 2977 absque
1133 2937 1268 2976 dispensa-

211 2985 290 3015 tione
301 2981 378 3013 Sedis
391 2979 583 3019 Apostolicae,
603 2978 733 3009 contrahi
748 2987 806 3008 non
820 2979 923 3015 poterit
937 2978 1036 3015 quovis
1050 2976 1155 3007 modo:

251 3021 342 3058 Nos,
363 3018 537 3050 attendentes
556 3016 634 3054 quod
656 3026 704 3054 per
725 3015 1002 3046 confoederationem
1023 3014 1182 3053 hujusmodi
1197 3016 1268 3046 inter

214 3059 342 3092 Nobiles
365 3057 516 3097 praedictos
532 3079 542 3095 ,
564 3055 672 3086 statum·
687 3054 787 3084 Terrae
808 3054 950 3092 praediCrae
973 3053 1018 3092 (ad
1032 3053 1163 3084 nostrum
1177 3054 1272 3084 hono-

216 3108 278 3129 rem
287 3121 297 3135 ,
315 3098 348 3128 &
363 3106 423 3127 non
436 3095 581 3126 modicam
595 3094 720 3131 quietem
733 3093 765 3123 Sc
780 3093 996 3130 tranquilitatem
1002 3092 1103 3122 Terrae
1116 3092 1199 3129 illius)
1215 3093 1271 3122 irn-

239 3136 364 3166 osterum
379 3134 608 3173 permansurum,
621 3133 757 3169 sperantes
772 3132 855 3161 etiam
871 3131 948 3170 quod
962 3131 997 3162 ad
1010 3132 1225 3170 promotionem
1241 3131 1274 3161 il-

216 3146 327 3241 lporucrlr),
346 3184 410 3217 quae
425 3173 566 3203 honorem
576 3170 707 3201 nostrum
722 3179 916 3208 concernunt,
936 3180 1034 3200 manus
1047 3170 1136 3201 velitis
1149 3179 1271 3210 appone-

216 3223 247 3244 re
261 3223 275 3242 a
298 3222 421 3247 intrices,

255 3247 387 3281 Vestram
402 3249 600 3280 Paternitatem
614 3245 771 3277 afferstuose
782 3246 948 3284 requirimus
963 3245 996 3276 δε
1011 3255 1145 3283 rogamus
1157 3269 1166 3282 ,
1185 3247 1277 3284 quati-

220 3299 272 3322 nus
288 3312 299 3328 ‚
323 3296 355 3319 ut
375 3289 523 3326 negotium
546 3293 733 3323 praenotatum
753 3284 891 3315 effecium
913 3292 1042 3321 optatum
1063 3286 1095 3315 δε
1118 3284 1251 3314 festinum
1266 3308 1277 3323 ,

220 3336 304 3367 prout
324 3328 354 3357 in
373 3327 447 3357 votis
468 3325 594 3362 gerimus
610 3346 621 3363 ,
645 3323 768 3354 sortiatur
780 3345 791 3361 ,
815 3323 905 3353 velitis
925 3322 1018 3352 modis
1042 3323 1075 3354 ὃς
1089 3324 1157 3361 viis,
1176 3323 1278 3361 quibus

221 3366 321 3397 melius
341 3363 469 3402 expedire
490 3362 612 3394 videritis
628 3384 637 3400 ,
655 3371 723 3391 cum
737 3362 820 3392 omni
834 3360 959 3390 efficacia
973 3369 1060 3398 partes
1075 3361 1176 3392 vestras
1192 3363 1278 3392 inter-

223 3413 345 3444 ponere,
364 3404 397 3434 &
419 3400 558 3440 Magistro
580 3400 700 3439 Rogero
721 3399 758 3429 de
778 3399 898 3429 Wedale
914 3398 1046 3437 Clerico,
1061 3400 1110 3437 qui
1126 3409 1178 3437 pro
1189 3409 1280 3437 nego-

225 3444 268 3472 tio
280 3442 327 3472 illo
340 3441 374 3472 ad
391 3440 509 3471 Curiam
521 3439 686 3469 Romanam
697 3437 823 3475 accedit,
838 3439 867 3467 in
882 3437 1076 3476 prosecutione
1092 3437 1213 3476 ejusdem
1229 3447 1279 3470 ve-

229 3479 319 3511 strum
331 3480 470 3517 impertiri
483 3478 633 3509 consilium
647 3478 680 3508 &
691 3477 834 3514 juvamen.

52 2483 82 2507 E.
101 2463 131 2507 ¹2.

51 2521 122 2545 Rom.
137 2515 171 2550 ὁ*

54 2597 169 2622 Eam

58 2614 103 2668 13.
119 2615 178 2660 lior]

60 2906 77 2922 ⁶
93 2905 148 2933 111.

63 2952 126 2979 32¹-

265 3554 335 3585 Dat.
353 3555 425 3593 apud
436 3554 565 3586 Novum
577 3552 713 3584 Castrum
726 3552 806 3591 super
818 3551 933 3593 Tynarn
941 3577 950 3591 ,
972 3561 1018 3590 17.
1035 3552 1082 3583 die
1093 3552 1204 3591 Aprilis.

231 3629 366 3698 RESX
389 3629 550 3674 Venerabili
572 3631 602 3660 in
625 3627 742 3674 Christo
762 3628 837 3660 Patri
884 3628 1019 3674 Dbmino
1040 3628 1079 3673 R.
1099 3628 1156 3659 Dei
1172 3628 1258 3673 gratia
1272 3652 1282 3667 ,

333 3668 423 3698 andtae
443 3668 546 3699 Mariae
564 3668 666 3712 Novae
682 3668 817 3699 Diacono
836 3650 992 3707 Cardmalr,
1009 3677 1105 3700 amico
1117 3669 1167 3699 suo
1182 3667 1286 3698 kariffi-

233 3706 482 3783 ωἳῆιὲἳιῗὲῗέιὲῗ
498 3706 785 3784 sssseffs‘issfiffm
797 3705 945 3738 *ffefflun'

273 3817 346 3851 Dat.
363 3828 394 3850 ut
410 3819 496 3858 supra.

420 3893 533 3925 Eodem
546 3894 636 3925 modo
650 3895 778 3926 scribitur
790 3897 961 3935 subscriptis3
978 3896 1125 3936 videlicet,

273 4009 276 4013 ι
288 3971 411 4004 Domino
425 3970 580 4010 PidYavcxfi
594 3970 733 4010 szscopo,
749 3975 860 4003 Domini
871 3973 954 4010 Papae
967 3976 1136 4004 Camerario:

187 1532 480 1598 EXcellentiffimo
501 1531 628 1569 Principi
640 1555 649 1568 ,
675 1530 811 1560 Domino
825 1553 834 1567 ,
853 1526 914 1563 &a
932 1534 964 1557 ut
977 1526 1078 1570 fiaeprq,
1095 1525 1249 1557 Edwardus
1302 1543 1308 1547 -

606 57 1407 136 CONVENTIO'NEQ
1463 79 1863 131 LITERAE,

1304 168 1422 196 Domino
1433 165 1471 205 J.
1486 150 1691 199 Archidiacona
1703 169 1873 210 Dublinenfi.
1887 200 1891 208 ,
2346 175 2423 207 Ann.
2437 177 2479 208 D-

2369 224 2454 255 1312.

1310 296 1360 327 De
1367 291 1524 337 frustibus
1543 297 1581 333 (ῤ’
1599 293 1823 328 obventionibus
1842 295 1971 338 Ecclesiae
1990 293 2231 341 ‘I‘Z’mplariorum
2248 294 2285 328 de
2349 256 2415 284 Hv-
2433 264 2459 282 2.

1614 343 1791 377 Marnham
1807 343 1984 391 colligendis.

1268 425 1571 485 REX-omnibus,
1588 427 1622 459 ad
1636 438 1725 467 quos,
1742 428 1804 459 δῖε.
1822 427 1945 458 salutern.
2346 442 2372 473 Α
2438 443 2471 475 D

1283 503 1288 509 ¹
1361 465 1461 496 Sciatis
1476 467 1555 503 quod
1569 467 1768 497 constituimus
1780 466 1918 497 ‹liletstum
1931 465 2082 499 Clericum
2096 467 2225 498 nostrum
2234 466 2328 505 ‚Wil-
2375 453 2422 473 Μ’
2473 468 2482 476 ”

1269 502 1400 534 helmum
1421 504 1458 534 de
1476 503 1635 535 Bevercote
1647 528 1658 544 ,
1683 505 1718 535 ad
1740 505 1827 542 collig
1836 504 1956 543 andum,
1972 507 2006 536 δε
2021 507 2213 545 recipiendum
2227 515 2328 536 omnes
2345 492 2455 548 A¹31²'

1270 541 1380 587 studius
1396 542 1430 572 &
1443 543 1631 587 obventiones
1644 567 1655 583 ,
1674 545 1712 574 de
1726 543 1850 575 Ecclesia
1865 542 2098 581 Templariorum
2107 546 2144 576 de
2160 544 2332 582 Marnham,
2348 531 2443 587 E‘⁴'25'

1270 590 1300 609 m
1321 579 1473 625 Comitatu
1494 581 1715 622 Notmgharniae
1739 583 1816 620 (quae
1836 583 1866 612 in
1883 592 1969 612 manu
1983 582 2098 622 nostra,
2115 583 2279 622 quibusdam
2294 583 2330 614 de
2351 583 2379 626 Ε’-
2417 581 2424 588 ”

1270 620 1371 655 caulis,
1389 618 1492 662 existit)
1507 620 1738 658 qualitercunque
1749 622 1953 658 provenientes.
2353 609 2405 664 Ἐφ’
2426 608 2455 635 5⁶

1309 656 1517 687 Commihmus
1536 659 1622 688 etiam
1643 659 1734 689 eidem
1754 659 1914 690 Willieltno
1936 669 2038 690 omnes
2050 659 2189 699 Domos',
2208 661 2331 700 Terras,
2377 647 2424 665 '²'
2446 646 2483 666 Μ’

1272 695 1306 726 &
1321 695 1519 740 Tenementa,
1538 696 1572 726 ad
1595 697 1758 735 praedietam
1773 697 1929 728 Ecclesiam
1947 700 2112 736 pertinentia
2126 723 2136 737 ,
2153 698 2337 730 custodienda
2355 683 2384 710 4'

1272 734 1406 772 quamdiu
1421 734 1504 764 nobis
1519 735 1669 772 placuerit:

1305 771 1445 816 ‘Volentes
1456 772 1540 816 ⁴quod
1554 773 1630 804 idem
1645 774 1819 805 Willielmus
1833 775 1920 805 exitus
1934 775 1968 805 &
1984 777 2127 814 proficua,
2144 785 2159 806 a
2176 775 2259 806 Festo
2267 776 2339 807 San-

1272 809 1312 839 ἂι
1328 810 1500 855 Michaehs,
1512 814 1648 851 proximo
1665 815 1823 852 praeterito,
1841 814 1878 844 de
1892 812 2034 852 Ecclesia,
2055 814 2221 853 DomibuS,
2239 815 2338 846 Terris

1273 848 1307 878 &
1329 848 1514 893 Tenementis
1537 851 1675 888 prandistis
1699 861 1832 889 percepta
1846 876 1856 889 ,
1881 852 1997 889 habeat,·
2018 854 2054 883 ita
2071 853 2151 891 quod
2166 863 2220 890 pro
2236 853 2339 883 eisdem

1275 886 1454 932 Fruehbus,
1464 887 1714 928 Obventionibus,
1732 890 1831 920 Terris
1846 891 1878 921 &
1895 890 2099 928 Tenementis,
2118 902 2133 920 a
2146 891 2225 921 (1ιᾶὶο
2241 892 2339 930 Festo,

1275 924 1371 995 {arrigat
1387 928 1481 995 ηοῗιέ,
1502 927 1613 967 singulis
1630 928 1738 967 Annis,
1756 928 1791 958 ad
1805 928 1986 959 Scaccarium
2000 929 2129 960 nostrum
2143 953 2155 970 ,
2173 930 2341 971 quadragin-

1361 974 1416 995 tres
1442 976 1448 994 ι
1472 976 1528 1004 ras,

1312 1002 1432 1048 Unam,
1451 1004 1599 1042 videlicet,
1618 1004 1800 1035 medietatem
1814 1004 1848 1034 ad
1867 1004 2046 1036 Scaccarium
2061 1005 2193 1037 nostrum
2208 1007 2341 1039 Paschae}

1313 1040 1352 1072 Et
1364 1042 1446 1073 aliam
1463 1043 1642 1074 medietatem
1656 1044 1691 1074 ad
1705 1043 1885 1074 Scaccarium
1900 1043 2031 1074 nostrum
2045 1044 2141 1075 Samniti
2155 1045 2323 1085 Michaelis,

1316 1079 1406 1111 Prout
1420 1081 1555 1112 hactenus
1571 1092 1622 1120 pro
1636 1081 1739 1112 eisdem
1755 1082 1833 1112 reddi
1847 1082 2002 1113 consuevit.

1299 1118 1436 1162 „Proviso
1461 1121 1539 1163 quod
1559 1121 1634 1151 idem
1658 1120 1832 1151 Willielmus
1847 1145 1856 1159 ,
1879 1120 1949 1151 dum
1969 1119 2077 1151 fruetus
2099 1121 2133 1152 &
2153 1121 2344 1154 obventiones

1278 1157 1402 1195 ejusdem
1425 1158 1560 1190 Ecclelrae
1573 1161 1723 1197 receperit,
1742 1160 1775 1191 ὃς
1793 1158 1952 1190 custodiam
1965 1159 2151 1198 Domorum,
2170 1160 2344 1201 Terrarum,

1283 1197 1318 1226 &
1333 1197 1584 1228 Tenementorum
1599 1197 1801 1236 praedictorum
1815 1198 1943 1229 habuerit
1956 1221 1966 1235 ,
1987 1207 2020 1228 ut
2039 1197 2151 1228 dietum
2170 1198 2228 1238 est,
2242 1200 2345 1238 praedi·

1279 1235 1481 1305 &aangcleliae
1480 1260 1513 1307 ἐι
1516 1242 1599 1274 prout
1610 1236 1708 1275 decet,
1725 1238 1755 1267 in
1769 1237 1904 1267 omnibus
1918 1237 2001 1268 faciat
2016 1236 2157 1268 deserviri.

1387 1285 1443 1313 ujus
1452 1298 1462 1314 ‚
1503 1285 1542 1306 ἐ.

1282 1350 1408 1419 lisTeste
1422 1351 1504 1392 Rege
1515 1352 1588 1391 apud
1599 1351 1730 1385 Novum
1743 1351 1876 1383 Castrum
1887 1351 1967 1391 super
1980 1351 2097 1392 Tynam
2105 1375 2116 1392 ,
2131 1361 2180 1383 20.
2199 1352 2247 1385 die
2255 1352 2342 1394 Apri·

1969 1469 2024 1498 Per
2037 1467 2120 1507 ipsimi
2134 1470 2242 1507 Regem.

1288 1594 1337 1626 De
1357 1592 1509 1626 Condue't'u
1518 1604 1574 1640 pro
1581 1594 1720 1641 Epifiopo
1730 1591 1929 1640 Lichfeldenfi
1938 1592 1983 1626 ad
1992 1602 2096 1641 panes
2112 1593 2350 1640 transmarinas.

1289 1677 1415 1736 REX
1442 1680 1578 1710 omnibus
1590 1681 1706 1719 amicis,
1723 1680 1757 1710 ad
1793 1689 1844 1710 uos
1851 1695 1861 1718 ·,
1879 1678 1941 1710 ὅτε.
1960 1678 2088 1711 salutern.
2367 1685 2434 1717 Am
2459 1688 2493 1720 1)

1302 1754 1313 1761 ἡ
1340 1757 1345 1761 ”
1384 1716 1463 1748 Cum
1479 1718 1653 1749 Venerabilis
1669 1719 1767 1756 Pater,
1821 1741 1838 1755 ¹.
1857 1716 2070 1750 Ooventrienfis
2091 1718 2126 1749 ὅ(
2141 1717 2353 1757 Lychfddenfis
2391 1711 2466 1766 131'2
2493 1712 2502 1721 ”

1290 1754 1449 1794 Episcopus
1463 1780 1473 1795 ,
1495 1757 1693 1801 Thesaurarius
1713 1757 1809 1788 noster
1820 1780 1830 1796 ‚
1847 1756 1882 1787 ad
1899 1764 1987 1795 partes
2002 1757 2210 1795 transmarinas,
2227 1767 2280 1795 pro
2291 1758 2355 1796 qui-
2369 1769 2421 1794 An.
2439 1751 2475 1801 ς..

1290 1794 1406 1838 busdam
1421 1797 1544 1833 negotiis
1557 1796 1659 1826 nostris
1673 1820 1683 1836 ,
1707 1806 1758 1834 per
1773 1805 1826 1826 nos
1848 1795 1899 1826 sibi
1912 1795 2060 1835 injunctis,
2077 1795 2187 1826 ibidem
2201 1795 2355 1835 expedien-
2368 1807 2399 1831 E.
2421 1815 2448 1833 2,

1291 1832 1331 1863 dis
1368 1833 1404 1863 de
1418 1834 1553 1866 mandato
1565 1834 1682 1874 nostro,
1700 1835 1727 1866 se
1741 1834 1877 1873 divertat3
2369 1846 2419 1870 rat
2439 1854 2458 1879 5

1329 1856 1390 1916 <fos
1410 1874 1519 1903 amicos
1537 1883 1667 1913 rogamus
1680 1898 1690 1913 ,
1716 1874 1798 1906 vobis
1819 1872 1947 1904 fidelibus
1967 1873 2146 1910 mandantes,
2165 1872 2244 1911 quod
2258 1872 2351 1904 eidem
2371 1885 2440 1911 1212
2459 1890 2485 1921 p.

1292 1909 1453 1955 Episcopo,
1471 1920 1517 1942 aut
1529 1911 1694 1942 hominibus
1706 1912 1775 1951 suis,
1791 1912 1888 1943 secum
1902 1913 1932 1942 in
1945 1911 2090 1944 Comitiva
2102 1913 2148 1942 sua
2163 1911 2352 1950 existentibus,
2372 1929 2398 1949 2,
2415 1931 2442 1949 m
2459 1922 2488 1949 6,

1293 1959 1323 1979 m
1346 1950 1466 1987 personis
1513 1959 1560 1981 aut
1578 1951 1660 1982 rebus
1679 1951 1732 1982 suis
1745 1975 1755 1989 ,
1781 1950 1875 1981 eundo
1894 1950 1928 1980 ad
1986 1958 2040 1981 rtes
2060 1950 2209 1989 praedietas
2221 1950 2354 1988 ,ibidem
2445 1944 2449 1951 ⁴

1293 1988 1453 2026 morando,
1467 1973 1513 2019 ίῖτιι
1528 1989 1629 2020 exinde
1643 1991 1673 2019 in
1688 1989 1821 2028 Angliam
1833 1988 1937 2024 redeun
1958 1999 1994 2026 0,
2012 1999 2074 2019 non
2087 1989 2225 2026 inferatis,
2241 1989 2304 2020 &c.

1329 2025 1382 2069 Set
1404 2025 1510 2056 salvum
1536 2027 1570 2058 &
1592 2028 1721 2058 securum
1739 2027 1914 2059 couduetum
1928 2050 1938 2065 ‚
1963 2027 2117 2065 sumptibus
2131 2027 2200 2065 suis,
2215 2026 2302 2058 nostri
2314 2027 2358 2057 in-

1295 2071 1385 2102 tuitu,
1400 2064 1504 2094 habere
1522 2065 1542 2084 ²*
1555 2065 1684 2110 *faciatis-,⁴
1699 2070 1769 2110 cum
1780 2066 1816 2096 ab
1830 2065 1889 2103 ipso
1903 2064 2046 2104 Episcopo
2060 2066 2139 2104 super
2151 2066 2227 2104 hoc,
2244 2073 2278 2096 ex
2293 2072 2359 2104 par-
2375 2080 2395 2100 *
2416 2081 2461 2111 111

1296 2109 1325 2132 te
1339 2101 1450 2141 nostra,
1468 2102 1574 2133 fueritis
1586 2107 1717 2142 requliltl.
2464 2103 2473 2113 '

1334 2138 1369 2170 In
1383 2142 1480 2179 cujus,
1497 2142 1557 2172 &c.
1576 2149 1627 2179 per
1640 2151 1730 2171 unum
1744 2150 1852 2172 annum
1865 2140 2016 2172 duraturas.
2381 2129 2447 2158 3²²*

1335 2216 1422 2248 Teste
1436 2217 1516 2258 Rege
1527 2217 1602 2256 apud
1617 2217 1746 2249 Novum
1763 2215 1896 2247 Castrum
1911 2216 1990 2255 super
2003 2215 2139 2256 Tynam,
2160 2225 2184 2246 1.
2201 2215 2249 2247 dic
2263 2215 2346 2248 Maii.

1391 2292 1419 2310 ⁴*
1984 2295 2038 2324 Per
2051 2291 2133 2332 ipfitm
2149 2295 2255 2331 Regem.

1301 2452 1351 2484 De
1364 2448 1501 2494 Epist-opo
1520 2445 1732 2491 Lichfe’ldensi,
1753 2455 1899 2492 praetexm
1916 2442 2037 2491 Officii,
2063 2452 2167 2476 contra
2182 2442 2365 2477 Ordinatio·

1421 2507 1488 2538 nes,
1513 2493 1552 2528 ab
1575 2495 1632 2542 ipfh
1645 2497 1792 2541 juratas,
1815 2497 1946 2540 accepti,
1971 2495 2240 2527 excommunicato.

1305 2585 1418 2648 PAP
1431 2583 1474 2616 AE
1490 2582 1555 2614 Rex
1569 2583 1672 2628 devota
1686 2582 1792 2620 pedum
1807 2581 1901 2613 oscula
1915 2581 2074 2627 beatorum.
2117 2619 2123 2625 Ι
2383 2605 2410 2636 Α
2515 2611 2519 2615 ,

1392 2622 1550 2661 Oppressos
1570 2633 1599 2652 m
1610 2632 1673 2652 urus
1692 2622 1815 2665 relevare
1834 2621 1975 2652 salubriter
1997 2628 2175 2651 meritorium
2187 2627 2366 2660 reputamus,
2412 2615 2460 2637 ¹¹¹¹·
2474 2606 2518 2639 Β·

1304 2664 1339 2694 &
1353 2665 1460 2701 quanto
1472 2661 1576 2698 Oppre
1600 2669 1679 2697 iones
1691 2659 1830 2704 injuriosae
1844 2659 1968 2698 illis,qui
1984 2657 2083 2696 Regiis
2096 2657 2245 2688 affe-stibus
2259 2657 2366 2696 specia-
2403 2654 2490 2685 ¹312·

1306 2702 1368 2732 liter
1387 2702 1614 2739 conjunguntur,
1634 2699 1668 2730 δε
1688 2707 1769 2738 gratis
1783 2697 1903 2729 consiliis
1918 2697 2002 2727 nobis
2015 2695 2158 2735 affistunt‚
2175 2706 2211 2726 eo
2225 2704 2362 2734 praetextu
2381 2687 2484 2750 ‘g'h25-

2386 2765 2457 2789 Rom.
2473 2759 2509 2794 ό·

2389 2802 2431 2827 Fr.
2450 2808 2477 2832 5.

2391 2842 2420 2864 E.
2431 2846 2502 2864 2.m.

2396 2884 2438 2910 19.
2454 2875 2510 2903 dor.

1306 2740 1481 2777 inferuntur,
1497 2740 1577 2769 tanto
1591 2747 1636 2767 eas
1653 2738 1771 2768 celerius
1782 2736 1917 2774 subduci,
1934 2736 1968 2767 &
1981 2735 2130 2766 inferentes
2143 2745 2192 2773 per
2215 2734 2302 2766 vestri
2325 2735 2367 2766 A-

1307 2777 1462 2823 postolatfis
1478 2775 1676 2808 rectitudinem
1690 2801 1700 2815 ,
1725 2783 1811 2815 prout
1832 2775 1915 2806 decet
1930 2796 1942 2814 ,
1956 2773 2036 2813 super
2053 2774 2106 2805 hiis
2127 2774 2260 2812 cupimus
2283 2773 2368 2805 refre-

1309 2827 1383 2848 nari:

1346 2855 1438 2893 Sane,
1454 2853 1537 2884 Pater
1551 2852 1746 2892 Sanffiffime,
1761 2851 1963 2883 Venerabilem
1976 2850 2090 2883 Patrem
2108 2850 2163 2882 W.
2185 2849 2370 2881 Coventrien.

1310 2895 1343 2926 &
1358 2892 1545 2933 Lychfelden.
1561 2892 1751 2930 Episcopum,
1769 2901 1784 2921 a
1802 2891 1900 2922 favore
1915 2891 2008 2930 Regio
2025 2889 2135 2920 dudum
2158 2888 2299 2926 alienum,
2317 2898 2372 2918 nu-

1309 2944 1359 2972 per
1372 2932 1406 2963 ad
1421 2931 1547 2963 nostram
1563 2931 1785 2961 benivolentiam
1801 2930 1924 2968 gratiose
1938 2930 2167 2965 reconciliantes,
2183 2936 2216 2956 ac
2238 2925 2275 2956 de
2288 2926 2372 2964 ipfius

1310 2971 1441 3003 fidelitate
1454 2971 1486 3002 &
1501 2969 1635 3000 industria
1649 2968 1854 3006 circumspecta
1869 2968 1978 3006 plenius
1992 2977 2030 2999 co
2052 2999 2056 3002 ,
2071 2967 2182 3002 dentes,
2200 2963 2251 2994 fibi
2266 2964 2371 3004 invito,

1311 3012 1345 3042 δε
1363 3010 1463 3049 pluries
1477 3009 1657 3046 reclamanti,
1672 3007 1816 3039 Officium
1830 3007 2021 3038 Thesaurariae
2033 3014 2053 3034 n
2075 3003 2138 3034 strae
2154 3012 2256 3034 vacans
2282 3003 2368 3041 usque

1310 3049 1344 3079 ad
1358 3050 1521 3087 proximum
1536 3046 1757 3078 Parliamentum
1770 3045 1918 3083 nostrum,
1927 3042 2098 3083 regendum,
2115 3041 2152 3072 de
2163 3041 2227 3072 sano
2243 3025 2373 3073 Consilio

1311 3088 1394 3119 nobis
1406 3096 1475 3118 tunc
1487 3085 1688 3124 assistentium,
1704 3085 1835 3116 duximus
1847 3080 2100 3114 committendum.

1351 3125 1441 3165 Cujus
1463 3133 1598 3163 praeteXtu
1618 3123 1792 3154 Venerabilis
1812 3121 1894 3151 Pater
1917 3119 1957 3150 R.
1974 3118 2109 3156 Archiep.
2132 3117 2264 3150 Cantuar.
2289 3119 2375 3150 totius

1315 3163 1553 3205 AngliaePrimaS,
1571 3161 1689 3200 quaefito
1701 3160 1815 3197 colore,
1832 3158 1950 3189 asserens
1968 3157 2114 3195 prefatum
2135 3156 2311 3195 Episcopum
2329 3158 2374 3195 ip-

1317 3204 1377 3234 sum
1409 3201 1553 3232 Officium
1582 3208 1683 3231 contra
1713 3199 1838 3229 formam
1858 3195 2044 3235 quarumdam
2063 3195 2274 3226 ordinationum
2289 3218 2300 3235 ‚
2323 3205 2374 3233 per

1318 3242 1428 3272 die'tum
1445 3238 1714 3278 Archiepiscopum‚
1733 3236 1767 3267 &
1781 3244 1899 3267 caeteros
1914 3234 2064 3272 Praelatos,
2083 3235 2117 3266 &
2134 3233 2266 3265 Comites
2279 3233 2376 3272 Regni

1318 3279 1425 3317 nostri,
1443 3278 1594 3315 saetarum,
1613 3275 1647 3307 ad
1668 3284 1788 3314 quarum
1806 3274 2034 3305 observationem
2056 3271 2132 3303 idem
2154 3272 2326 3311 Episcopus,
2344 3279 2376 3302 ut

1319 3318 1443 3349 asseritur
1457 3340 1467 3354 ‚
1482 3315 1628 3353 corporale
1641 3314 1834 3352 juramentum
1857 3312 1989 3352 praestitit
2000 3335 2009 3349 ,
2027 3310 2167 3341 admisisse
2179 3334 2189 3350 ,
2209 3311 2243 3342 &
2262 3319 2298 3340 ex
2320 3309 2375 3340 hac

1320 3355 1402 3387 causa
1423 3356 1532 3386 crimen
1552 3353 1663 3392 perjurii
1682 3350 1854 3383 commisisse
1875 3351 1959 3389 (licet
1980 3349 2090 3380 dietum
2112 3348 2254 3380 Officium
2275 3355 2375 3378 contra

1320 3396 1444 3426 formam
1460 3393 1625 3424 earumdem
1645 3389 1863 3421 Ordinationum
1885 3389 2005 3418 minime
2027 3386 2182 3426 recepisset)
2205 3387 2238 3415 in
2251 3385 2374 3416 eundem

1323 3433 1497 3473 Episcopum
1509 3431 1672 3462 sententiam
1686 3428 2003 3466 excommunicationis,
2019 3427 2084 3464 juris
2096 3425 2194 3456 ordine
2205 3425 2376 3464 praerermis-

1321 3472 1370 3510 so,
1387 3471 1477 3501 modo
1489 3469 1647 3508 exceffivo,
1665 3476 1767 3500 coram
1781 3468 1886 3507 ingenti
1899 3465 2077 3497 multitudine
2097 3462 2285 3502 congregata,
2302 3471 2376 3502 prae-

1323 3511 1471 3548 cipitanter
1484 3508 1658 3540 fulminavit:

1363 3547 1402 3579 Et
1413 3548 1530 3578 eandem
1542 3546 1722 3584 sententiam,
1742 3543 1914 3583 quamquam
1928 3542 2018 3574 dictus
2031 3539 2184 3578 Episcopus
2205 3539 2241 3569 ab
2258 3538 2376 3577 eadem,

1326 3587 1461 3625 tanquam
1473 3586 1508 3616 ab
1522 3584 1622 3616 in'usta
1636 3585 1669 3615 &
1683 3583 1795 3621 iniqua,
1812 3584 1846 3613 ad
1860 3582 1958 3613 vestrae
1973 3579 2129 3612 Sanititatis
2143 3576 2262 3608 Curiam
2286 3578 2375 3616 legiti-

1326 3627 1376 3656 me
1396 3623 1522 3663 provoca
1547 3631 1575 3654 et
1595 3623 1630 3654 &
1649 3619 1825 3661 appellasset,
1843 3621 1987 3652 Sanffitati
2002 3616 2106 3660 vestrae.
2122 3625 2182 3646 non
2202 3615 2378 3660 deferendo,

1327 3664 1422 3694 nititur
1441 3671 1605 3702 aggravare,
1623 3661 1657 3692 &
1673 3660 1821 3698 praefatum
1843 3659 2015 3698 Episcopum
2026 3653 2120 3686 modls
2132 3655 2166 3685 &
2179 3663 2231 3687 viis
2246 3653 2376 3684 volunta-

1329 3703 1376 3733 riis
1397 3702 1431 3732 &
1455 3701 1584 3731 indebitis
1607 3699 1756 3737 infestare,
1773 3707 1858 3738 prout
1877 3707 1928 3737 per
1937 3693 2058 3727 eundem
2073 3691 2262 3739 Episcopum,
2281 3693 2330 3730 qui
2343 3691 2379 3723 ad

1327 3739 1427 3772 vestrae
1448 3739 1604 3770 Sanetitatis
1624 3738 1797 3776 praesentiarn
1816 3733 1922 3769 accedit
1942 3742 1976 3765 ex
1986 3732 2041 3766 hac
2055 3740 2155 3770 causa,
2171 3738 2276 3768 poterit
2289 3729 2380 3762 vestra

1327 3777 1475 3811 Beatitudo
1483 3776 1590 3816 plenius
1600 3777 1755 3807 informari.

1372 3816 1453 3847 Cum
1466 3817 1578 3855 itaque,
1594 3816 1640 3853 pie
1651 3815 1747 3854 Pater,
1764 3814 1830 3850 inse,
1861 3813 1951 3843 tiones
1963 3805 2141 3853 hujusmodi,
2158 3805 2178 3836 sl
2202 3806 2318 3851 praefato
2341 3804 2382 3850 Ε-

1336 3855 1454 3897 ‘piscopo
1468 3855 1672 3894 irrogarentur,
1690 3861 1736 3884 aut
1749 3854 1827 3889 idern
1867 3849 1993 3887 piscopus
2003 3855 2053 3885 per
2064 3844 2383 3889 1mmoderationem1n-

1340 3893 1482 3933 debitam,
1499 3892 1578 3931 qu'od
1591 3892 1677 3931 absit,
1693 3891 1910 3932 praeeipltaretur
1921 3888 1951 3918 in
1962 3886 2015 3916 hac
2030 3889 2127 3924 parte,
2140 3893 2170 3914 m
2191 3883 2280 3914 nostri
2299 3882 2385 3914 dede-

1340 3941 1390 3969 cus
1405 3931 1554 3962 noscantur
1565 3940 1625 3962 non
1638 3930 1818 3962 mediocriter
1828 3925 1996 3958 redundare:

1332 3977 1337 3981 ’
1378 3969 1528 4004 sanctitati
1540 3969 1657 4010 vestre,
1674 3975 1761 4010 quam
1779 3966 1897 3999 honoris
1914 3962 2004 3996 nostri
2017 3961 2051 3994 δε
2064 3959 2214 3994 commodi
2222 3960 2388 4028 zelatricfzm

2253 4011 2256 4014 .
2360 4006 2388 4028 r,
