2562 4279
796 230 906 276 ET
988 229 1252 275 ACTA

35 320 112 358 Ann-
128 320 172 353 D·
184 333 228 358 ter
243 322 353 358 AEtates
368 323 516 362 Sexaginta
530 324 563 354 &
576 322 725 354 Sexdecim
741 321 892 352 Annorum
907 319 1071 357 existentes,
1090 328 1123 349 ac
1136 327 1238 348 omnes

59 362 141 401 ¹336-
184 364 230 395 alii
251 363 415 401 HomineS,
433 363 492 394 tam
513 361 637 399 Milites,
656 362 742 399 quam
765 360 925 397 Armigeri,
941 358 975 388 ad
990 357 1171 396 pugnandum
1186 366 1240 394 po-

35 404 101 432 Ἐάν.
121 410 148 438 3·
182 411 292 441 tentes,
307 401 358 433 sub
371 400 464 431 Poena
478 399 660 430 forisfactum
676 399 701 429 V
706 400 750 430 itae
772 399 805 429 δε
826 391 1047 439 Membrorum,
1065 395 1238 432 Terrarum,

182 439 451 477 Tenementorum,
469 438 616 469 Bonorum
632 440 664 469 ὃς
679 436 871 474 Camillorum,
888 445 920 466 ac
939 434 1085 464 Omnium
1103 443 1166 471 quae
1187 443 1240 463 no-

182 481 226 510 bis
238 478 400 510 forisfacere
414 485 563 515 poterunt,
582 477 675 506 Armis
689 475 933 513 competentibus,
947 474 1024 510 juxta
1035 473 1159 502 formam
1173 471 1242 515 ‘Sta'-

181 519 252 557 tuti,
269 527 358 555 nuper
378 515 453 553 apud
474 514 664 555 Wyntoniam
684 514 751 545 editi
767 536 776 551 ,
792 513 826 543 δε
847 511 988 554 cujusdam
1009 510 1242 554 Proclamathionis

183 557 253 587 inde
274 556 304 586 in
325 554 406 586 dieto
425 553 593 591 Comitatu,
611 553 681 583 sicut
704 553 732 581 in
753 550 859 581 caeteris
874 549 1065 579 Comitatibus
1079 549 1242 591 Regni-no-

184 595 252 634 stri,
268 594 306 625 de
321 592 461 624 Mandato
474 591 576 622 nostro
588 600 677 629 nuper
690 590 789 628 fastae,
805 588 832 618 se
845 589 972 619 muniant
986 587 1088 626 absque
1108 587 1243 618 dilatione

186 642 445 711 qllft‘iiuctixrligkdefpffi
462 669 559 700 Armis
570 666 799 705 competentibus
812 664 849 695 fic
865 665 986 704 muniti,
1006 663 1138 702 Prompti
1152 663 1243 694 sirit&

187 708 281 742 Parati
301 709 336 740 ad
355 706 589 749 proficiscendum
606 716 660 746 pro
680 703 842 735 defensione
863 704 910 734 Re
929 704 958 733 ni
971 702 1074 742 nostri,
1092 704 1125 734 δε
1136 712 1246 740 expug-

186 748 315 780 nandum
335 756 437 778 omnes
457 747 518 779 illos
532 747 579 784 qui
594 744 672 775 idem
685 743 822 782 Regnum
834 753 883 781 per
929 753 1019 774 erram
1029 765 1039 781 ,
1056 743 1101 773 vel
1115 752 1163 780 per
1179 740 1246 771 Ma-

188 798 238 826 re,
250 786 405 824 invadere,
421 793 468 816 aut
479 784 623 822 Populum
638 781 769 812 nostrum
789 791 920 819 gravare,
939 782 985 812 seu
1007 781 1058 811 alia
1081 780 1158 811 Mala
1179 786 1244 817 per-

186 830 295 864 petrare
306 823 542 865 praesumpserint,
559 830 629 852 cum
644 820 678 851 &
692 826 776 858 prout
788 820 866 858 super
878 821 936 852 hoc
949 828 983 851 ex
995 829 1072 858 parte
1086 818 1249 850 nostrafue-

191 875 248 895 rint
283 872 439 894 I‘aemunltU

229 875 310 933 Scssire
324 902 427 933 faciens
441 900 479 930 eis
515 897 592 936 uod,
611 897 630 927 si
641 896 781 928 Maiidato
794 897 891 927 nostro
905 897 1042 936 praedieto
1054 896 1250 927 inobedientes

191 941 310 980 fuerint,
326 949 374 979 per
386 937 463 976 quod
519 936 595 967 alum
609 936 729 973 Nobis,
743 945 789 966 aut
813 936 857 966 Re
878 947 916 966 no
936 936 1053 972 nostro,
1071 935 1116 966 seu
1137 934 1250 973 Populo

192 980 293 1011 nostro
307 977 461 1018 praedieto,
478 976 624 1006 immineat
640 975 731 1013 (quod
746 975 825 1011 absit)
840 945 876 1005 a}
888 975 959 1013 ipsos
974 975 1094 1014 graviter
1109 975 1251 1012 capiemus

194 1028 230 1049 ex
244 1019 296 1047 hac
307 1014 405 1052 cansa,
424 1016 457 1046 &
470 1014 528 1044 hoc
544 1014 699 1043 nullatcnus
714 1014 835 1043 omittas.

230 1054 319 1087 Teste
332 1052 413 1093 Rege
426 1052 500 1091 apud
514 1052 726 1092 Walsingham‚
743 1051 859 1083 decimo
874 1051 951 1082 sexro
963 1050 1011 1082 die
1028 1049 1179 1081 Februarii.

233 1130 349 1163 Eodem
362 1129 454 1160 modo
467 1129 630 1161 mandatum
644 1129 687 1160 est
700 1129 808 1169 singulis
817 1124 1044 1160 Vicecomitibus
1057 1137 1106 1166 pei·
1114 1124 1257 1165 Angliam.
1300 1130 1307 1139 “

237 1167 328 1200 Teste
342 1178 373 1200 ut
387 1169 475 1206 supra.

338 1291 398 1327 Ad
411 1295 519 1340 Regem
537 1287 661 1335 Castellae
673 1318 682 1334 ,
700 1290 796 1337 ficper
811 1286 960 1323 T'raHatn
984 1282 1126 1321 habenda

54 1382 131 1416 Arm.
146 1379 187 1411 D.
205 1374 414 1439 MAgnifico
435 1377 575 1415 Principi,
592 1376 728 1407 Domino
748 1374 868 1406 Alfonso
881 1398 891 1414 ,
910 1373 969 1404 Dei
992 1373 1095 1414 gratia,
1111 1372 1262 1417 Castelloe,

75 1422 161 1463 1336.
300 1417 454 1455 Legionis,
471 1416 586 1453 Toleti,
604 1415 745 1453 Galiciae,
763 1414 868 1445 Sibiliae
881 1438 890 1451 ‚
909 1412 1066 1443 Cordubiae
1081 1435 1090 1449 ,
1110 1412 1262 1450 Muriciae,

52 1467 104 1492 An.
129 1471 170 1490 10.
204 1457 374 1497 Gyhennae‚
392 1464 475 1494 atque
487 1454 522 1484 Al
543 1453 628 1484 arbiae
653 1453 747 1492 Regi,
765 1463 798 1483 ac
814 1451 981 1483 Comitatus
996 1451 1103 1481 Molirii
1118 1450 1262 1488 Domino,

53 1507 84 1531 E.
106 1510 130 1537 3.
201 1496 315 1529 Consan
337 1496 419 1525 uineo
434 1494 501 1531 suo,
520 1463 689 1531 {dwardus,
707 1491 830 1531 ejusdem
846 1490 949 1530 gratia,
967 1490 1028 1521 διε.
1044 1489 1185 1520 Fcelicem
1194 1498 1262 1526 reg-

54 1541 158 1569 lbi'dem.
200 1534 284 1566 nandi
297 1544 314 1571 g
326 1534 413 1567 oriam
429 1542 496 1562 curn
513 1531 613 1562 Salute.
1051 1567 1056 1572 ι
1148 1565 1153 1572 .
1178 1567 1183 1572 1
1200 1566 1205 1572 ,

54 1589 91 1606 m.
106 1576 186 1614 4i.d.
237 1573 257 1593 ²*
276 1573 326 1605 De
348 1571 520 1604 Dileetionis
538 1568 719 1602 exuberantia
740 1568 863 1607 specialis
884 1567 918 1598 &
942 1566 1070 1597 Honoris
1091 1566 1264 1596 exhibitione

56 1616 76 1636 ἢ·
111 1620 145 1645 v.
200 1612 280 1643 multi
302 1611 360 1641 licis

56 1619 121 1683 ⁶83
239 1621 320 1689 Qilas
333 1632 417 1679 no’bis
433 1649 462 1682 in
475 1647 638 1686 receptione
650 1645 786 1679 benivoli
797 1646 830 1677 &
844 1643 1031 1682 Expeditione
1048 1642 1167 1682 gratiosa
1173 1641 1265 1672 Num

201 1689 314 1720 ciorum
332 1687 514 1724 nostrorum,
532 1696 619 1724 nuper
640 1686 675 1716 ad
695 1684 798 1714 vestrae
821 1683 933 1713 Reoaiis
947 1681 1129 1712 Excellentiae
1144 1681 1265 1721 praesen-

202 1728 270 1758 tiam
282 1725 521 1762 transmissorum,
540 1733 641 1762 prout,
660 1723 723 1761 ipsis
738 1707 938 1759 referentii’aus,
952 1720 1130 1758 audivimus,
1147 1720 1262 1750 tambe-

204 1766 302 1798 nivole
315 1765 430 1802 tamque
443 1762 589 1797 liberaliter
605 1760 783 1798 ostendistis,
882 1798 887 1804 Ι

239 1804 330 1834 Vobis
344 1803 447 1833 Grates
461 1803 494 1833 ὃ(
511 1801 621 1831 Gratias
635 1801 782 1830 referimus
797 1797 952 1828 Cordiales.

241 1842 280 1875 Et
302 1841 417 1880 quidem
438 1840 475 1871 de
494 1839 654 1876 Traeiatis,
668 1839 702 1869 &
724 1836 932 1875 Concordatis,
947 1837 1020 1866 inter
1040 1831 1102 1866 Vos
1126 1836 1160 1867 ὃ(
1174 1835 1267 1866 ἀῐᾶοε

203 1881 317 1912 nostros
337 1879 492 1916 NunciOS,
509 1878 620 1915 optime
640 1884 856 1911 contentamur3
874 1874 1057 1906 desiderantes
1069 1884 1103 1905 cx
1118 1875 1222 1904 intimis
1236 1883 1268 1905 ut

205 1919 333 1957 Omnia,
352 1918 390 1948 fic
411 1915 610 1955 Concordata,
626 1915 770 1946 securitate
785 1914 873 1945 solida
888 1913 1016 1944 celeriter
1033 1915 1067 1944 δε
1080 1913 1200 1944 feliciter
1215 1923 1265 1943 ro-

205 1959 350 1990 borentur.

242 1995 320 2027 Velit
342 1995 441 2034 igitur,
460 1994 595 2032 petimus,
614 1992 706 2031 Regia
728 1991 819 2022 vestra
838 1990 991 2021 sublimitas
1010 1990 1118 2028 aliquos
1134 2014 1144 2028 ,
1162 1989 1198 2020 de
1217 1999 1269 2020 ve-

205 2033 284 2072 stris,
302 2033 337 2066 ad
349 2032 419 2064 Nos
433 2033 462 2062 in
476 2031 628 2070 Angliam,
647 2040 716 2061 cum
731 2030 869 2060 celeritate
889 2028 1067 2068 commoda,
1085 2029 1268 2060 transmittere

203 2082 258 2112 pro
274 2071 469 2108 completione
483 2069 591 2107 placida
605 2069 830 2108 praemifforum3

223 2110 225 2113 ’
243 2109 282 2140 Et
301 2109 383 2140 nobis
402 2118 451 2146 per
471 2118 535 2145 eos,
554 2108 613 2137 tarn
636 2107 715 2146 super
737 2106 821 2145 Hiis,
840 2107 926 2145 quam
949 2105 1037 2144 Aliis,
1056 2115 1121 2144 quae
1136 2116 1185 2144 per
1199 2104 1269 2136 Nos

205 2147 265 2181 fieri
287 2156 421 2186 poterunt
457 2145 609 2178 rescribere
625 2154 692 2176 vota
711 2145 818 2184 vestra,
836 2145 871 2175 ad
892 2154 1018 2183 quorum
1037 2145 1169 2174 votivum
1183 2154 1270 2175 com⁴

206 2186 385 2225 plementum
406 2170 475 2217 rios
494 2184 602 2223 semper
623 2185 769 2216 invenietis
789 2193 824 2215 ex
836 2184 933 2215 animo
947 2183 1123 2215 voluntarios
1139 2185 1172 2215 δε
1192 2192 1270 2223 para⁴

213 2234 267 2256 tos.

246 2263 317 2296 Dat.
329 2262 402 2302 apud
413 2261 725 2301 westmonasterium,
742 2261 825 2294 tertio
839 2259 885 2291 die
899 2259 1008 2292 Martii.

518 2390 613 2434 Super
630 2386 780 2421 Trae‘batu
792 2384 955 2434 praelibato.

214 2474 350 2535 REX,
369 2473 476 2505 Nobili
495 2472 585 2512 Viro,
602 2471 737 2505 Domino
756 2472 904 2504 Fernando
925 2470 1019 2505 Sancii
1041 2470 1077 2502 de
1089 2470 1170 2502 Valle
1186 2471 1272 2511 Leti,

292 2512 406 2543 illustris
425 2512 515 2551 Regis
535 2511 670 2549 Ispanniae
691 2511 867 2543 Conciliario
883 2533 894 2550 ,
910 2511 1021 2542 Amico
1042 2511 1092 2543 suo
1114 2511 1273 2550 cariffimo,

212 2549 355 2591 Salutem,
372 2552 405 2582 &
421 2551 535 2580 sincerae
548 2550 708 2581 dilectionis
720 2549 866 2581 affeetum.

251 2589 380 2622 Honoris
402 2589 436 2620 &t
457 2589 572 2619 Favoris
591 2589 753 2627 impendia,
772 2589 872 2627 quibus
892 2587 1029 2619 Nuncios
1044 2587 1155 2618 nostros
1172 2588 1274 2626 (nuper

215 2628 250 2660 ad
271 2629 339 2660 dicti
360 2627 484 2658 Domini
505 2626 597 2664 Regis
616 2627 648 2657 Is
661 2628 750 2658 anniae
761 2627 935 2664 praesentiam
948 2626 1109 2664 destinatos)
1125 2628 1273 2658 liberaliter

213 2666 401 2707 praevenistis3
421 2675 537 2703 necnon
549 2637 710 2704 praesidium
726 2665 844 2704 efficax,
862 2665 940 2704 quod
955 2665 989 2697 ad
1002 2665 1125 2696 faelicem
1147 2666 1271 2702 ipsorum

213 2706 426 2744 expeditionem
440 2706 537 2743 (prout
551 2714 583 2735 ex
599 2714 702 2735 eorum
714 2704 848 2734 relatione
862 2704 1031 2742 recepimus)
1047 2713 1082 2734 ex
1094 2705 1192 2735 animo
1199 2715 1274 2743 prae-

212 2744 333 2782 stitistis,
348 2744 437 2781 plenis
450 2743 644 2783 prosequimur
657 2743 816 2774 strionibus
831 2741 1004 2774 Gratiarum.

251 2783 416 2813 Amicitiam
435 2781 556 2812 vestram
579 2790 613 2811 ex
631 2781 719 2812 corde
738 2790 889 2820 roganteS,
914 2790 1048 2819 quatenus
1062 2804 1072 2819 ,
1096 2779 1274 2812 Continuata

212 2819 409 2851 Benivolentia
422 2843 431 2856 ,
447 2819 557 2849 distum
578 2818 743 2850 Dominum
764 2819 880 2859 Regem
897 2819 1033 2851 solicitare
1053 2819 1144 2851 velitis
1157 2843 1166 2856 ,
1188 2828 1273 2857 prout

213 2858 345 2897 expedire
356 2857 497 2896 videritis,
515 2867 583 2888 cum
597 2854 722 2895 effeistu3
741 2866 790 2895 ut,
807 2868 877 2889 cum
890 2858 1029 2889 celeritate
1040 2858 1274 2895 commodatae-

214 2897 246 2927 lit
261 2897 384 2935 aliquos,
397 2895 434 2926 de
449 2895 515 2935 suis,
532 2895 567 2925 ad
580 2894 649 2925 Nos
664 2897 694 2925 in
708 2896 842 2934 Angliam
857 2896 1044 2928 transmittere
1055 2906 1107 2933 pro
1123 2896 1274 2927 Coiidic‘ris

215 2936 250 2966 &
271 2934 481 2972 Concordatis,
498 2935 581 2965 vobis
604 2934 829 2971 cooperantibus
839 2957 848 2972 ,
864 2934 935 2965 inter
957 2934 1053 2971 Ipsum
1066 2935 1099 2965 ec
1114 2934 1206 2965 ἀίἃοε
1220 2944 1274 2965 no-

216 2973 290 3004 stros
309 2972 464 3011 Nuncios,
482 2971 660 3010 complendis
679 2972 824 3010 celeriter,
839 2973 872 3004 &
894 2971 1026 3004 firmitate
1039 2972 1126 3004 solida
1138 2974 1276 3004 roboran-

216 3012 266 3043 dis.

254 3050 308 3088 Et,
325 3050 346 3080 si
369 3048 430 3079 fieri
449 3049 568 3088 poterit,
585 3047 721 3078 adventus
737 3047 829 3080 vester
847 3057 882 3078 ex
903 3048 956 3079 hac
978 3049 1062 3080 causa
1074 3049 1174 3080 Nobis
1184 3057 1277 3089 gratus

220 3088 288 3119 cffet
304 3097 363 3126 prae
377 3087 485 3118 caeteris
498 3088 531 3118 ὃς
546 3095 694 3124 acceptus;
711 3087 800 3125 cum,
817 3097 866 3124 per
880 3086 981 3118 vestrae
993 3086 1177 3125 Discretionis
1194 3088 1280 3126 Mag-

220 3126 396 3196 fflmdinzm,
413 3126 506 3169 posset
525 3126 636 3157 die'tum
659 3122 826 3165 Negotium
847 3125 968 3155 ordinari
986 3125 1138 3156 consulniis
1160 3126 1193 3156 δε
1214 3126 1280 3156 soli-

253 3175 285 3195 us
302 3174 336 3195 ro
358 3173 441 3194 orari.

259 3202 335 3233 Haec
353 3211 448 3232 autem
467 3203 587 3240 petimus
606 3202 742 3233 insideant
762 3201 846 3233 vobis
866 3201 966 3240 cordi,
982 3202 1016 3232 &
1030 3201 1065 3231 ad
1080 3211 1112 3231 m
1123 3225 1133 3239 ,
1148 3211 1213 3239 quae
1228 3211 1280 3232 vea-

221 3241 344 3311 grgrum
357 3241 471 3271 honoris
486 3242 519 3272 ὃς
535 3242 688 3273 commodi
700 3249 831 3279 poterunt
844 3243 1021 3273 incrementa
1034 3239 1281 3278 concernere,ha—

245 3290 260 3310 e
282 3287 323 3310 itis
341 3289 391 3309 nos
404 3287 520 3317 paratos.

259 3317 329 3349 Dat.
344 3326 374 3349 ut
384 3316 470 3355 supra⁴

65 2489 143 2521 Ann.
153 2486 195 2518 D.

93 2527 178 2568 1336.

65 2571 118 2596 An.
137 2577 179 2594 10.

66 2610 94 2633 Ε.
117 2615 141 2642 3·

65 2644 129 2673 lbid.

550 3445 600 3477 De
613 3441 763 3476 Trac'latu
770 3442 956 3488 fhpradiflo.

77 3525 153 3557 Ann.
169 3524 211 3557 D.
226 3525 372 3587 REX,
386 3526 493 3559 Nobili
509 3526 599 3566 Viro,
618 3526 761 3558 Guitardo
778 3526 815 3557 de
832 3527 971 3558 Lebretto
984 3550 993 3566 ‚
1011 3526 1189 3559 Vicecomiti
1209 3524 1285 3559 Tar-

99 3565 185 3606 1336-
300 3575 357 3605 tm,
374 3566 483 3598 Amico
497 3565 546 3597 suo
560 3565 718 3604 cariffimo,
735 3566 876 3605 Salutem,
894 3567 928 3597 &
939 3565 1053 3596 sincerae
1067 3566 1227 3597 dilee'kionis
1240 3567 1284 3598 af-

78 3608 131 3632 An.
150 3614 192 3633 io.
229 3605 349 3638 festum.

80 3646 111 3669 Ε·
133 3651 159 3678 3·
262 3643 392 3676 Honoris
407 3644 441 3675 &
455 3643 570 3675 Favoris
582 3642 725 3681 impendia
740 3643 840 3680 quibus
853 3641 990 3674 Nuncios
1003 3641 1116 3673 nostros
1131 3643 1234 3681 (nuper
1249 3642 1285 3674 ad

79 3679 186 3721 Ibiden3.
224 3681 397 3714 Sereniffimi
419 3682 557 3721 Principis
577 3681 702 3712 Domini
721 3681 809 3721 Regis
829 3681 993 3718 Hispanniae
1008 3681 1183 3719 praesentiam
1199 3681 1285 3712 desti-

223 3722 324 3766 natos)
343 3720 490 3753 liberaliter
511 3719 700 3760 praevenistis,
716 3719 804 3758 plenis
821 3720 1016 3758 prosequimur
1038 3720 1197 3751 actionibus
1209 3719 1286 3751 Gra-

225 3768 338 3792 narum.

171 3794 178 3803 ‘
263 3798 430 3830 Amicitiam
450 3798 573 3831 vestram
592 3806 626 3828 ex
647 3795 735 3827 corde
753 3804 882 3836 rogantes
894 3819 904 3834 ‚
922 3804 1057 3835 quatenus
1072 3819 1083 3835 ,
1100 3794 1285 3835 Conceptam

228 3844 296 3880 erga
309 3836 379 3868 Nos
392 3838 425 3869 &
438 3837 566 3876 nostros,
584 3835 808 3868 Benivolentiam
823 3836 988 3870 continuare
1000 3835 1109 3873 velitis,
1125 3837 1286 3875 augmentis

229 3872 390 3913 foelicibus‚
405 3877 435 3907 in
451 3875 595 3914 futurum3

266 3909 499 3945 Transcribentes
518 3915 601 3945 nobis
621 3923 654 3944 ea
673 3921 736 3952 quae
756 3910 848 3942 facere
866 3912 1022 3950 poterimus
1042 3911 1128 3944 vobis
1139 3920 1230 3953 grata,
1247 3912 1283 3945 ad

229 3949 417 4021 ssussaftensspesr
429 3963 482 3985 nos
495 3953 642 3987 invenietis
655 3951 827 3986 voluntarios
840 3951 873 3983 &
887 3958 1006 3991 paratos.

330 4009 338 4017 ·
407 4000 482 4031 ¹¹P¹²³

1336 231 1816 273 PUBLICA.
2273 239 2346 284 143

2360 340 2436 373 Anti.
2451 333 2491 373 DJ.

1287 405 1343 436 Pro
1370 400 1522 449 Aiagistro
1546 406 1582 442 ὠ·
1608 403 1779 437 Scolaribns
1804 407 1888 439 Andre
1910 406 2120 448 Universttatis
2137 403 2344 451 Cantabrigiae.
2363 383 2473 447 E1336.

2385 427 2430 448 av.
2449 430 2475 456 32

1290 486 1587 557 REPfianAEbus,
1605 488 1639 519 ad
1655 492 1743 527 ques,
1759 490 1820 520 &c.
1838 490 1973 521 Salutem.
2360 498 2413 522 Aa.
2432 500 2475 522 io·

1416 535 1470 557 icet
1525 536 1562 557 rc.
2286 556 2290 559 .
2345 538 2389 561 -Ε,
2432 554 2437 559 .

1325 562 1463 594 Velentes
1476 550 1569 594 t'amen
1586 559 1727 604 Magistro
1741 565 1776 596 ὃς·
1789 565 1947 597 Scolaribus
1961 566 2042 597 Aulae
2054 566 2253 598 Universitatis
2263 565 2343 598 Cari-
2363 543 2424 599 Par?
2445 574 2485 599 ω’Δ

1286 602 1413 646 tabrigice
1426 604 1541 642 gratiam
1555 603 1647 634 facere
1663 604 1827 641 specialem,
1844 604 2049 642 conceffimus,
2067 606 2100 635 &
2115 606 2274 636 Licentiam
2295 606 2345 636 de·
2362 614 2391 637 Ε.
2402 614 2458 646 3.p.
2472 611 2496 636 ra

1287 639 1398 679 dimus,
1416 649 1469 678 pro
1490 641 1604 680 Nobis,
1621 643 1654 673 &
1672 641 1844 672 Haeredibus
1861 642 1977 681 nostris,
1996 653 2134 680 quantum
2158 645 2188 674 in
2199 645 2281 675 nobis
2294 644 2345 682 est,
2361 656 2398 676 m.
2415 655 2463 686 33.

1290 678 1414 709 Dsseetae
1428 678 1654 723 consanguinea
1663 680 1767 710 nostrae
1798 680 1973 711 Elizabethae
1990 681 2026 711 de
2036 681 2137 720 Bur-go.

1329 716 1425 786 <god
1439 716 1498 761 Ipsa
1507 717 1743 761 'Advocationem
1758 703 1894 750 lsscclesiae
1907 717 1944 749 de
1966 718 2148 759 Lytlington,
2166 721 2195 751 in
2217 719 2350 752 Comita-

1291 763 1323 825 tSu
1352 757 1555 825 laangabrigiae,
1575 754 1653 786 Dare
1673 756 1757 794 poffit
1776 757 1811 787 &
1831 756 1994 795 Affignarre
2007 759 2142 797 praetatis,
2161 758 2302 798 Magistro
2315 761 2349 791 &

1314 804 1351 825 co
1378 804 1400 824 ri
1423 804 1454 825 us

1332 834 1350 853 ³¹*
1377 818 1618 863 HAB'ENDAM
1645 833 1678 864 &
1702 832 1945 864 TENENDAM
1967 831 2053 873 Sibi,
2077 830 2112 866 &
2141 835 2383 871 Successoribusa
2401 845 2453 883 ᾗ),

1294 871 1347 902 suis
1369 870 1704 902 IMPERPETUUM.
2366 893 2401 920 68
2446 873 2455 881 ⁰

1334 909 1370 940 Et
1390 909 1492 940 eisdem
1508 933 1517 948 ,
1538 909 1676 948 Magistro
1697 910 1732 940 &
1752 909 1929 948 Seolaribus,
1948 910 2027 948 quod
2048 909 2102 948 Ipsi
2123 911 2353 944 Advocationem
2405 902 2434 928 ⁹⁰

1295 949 1373 979 illam
1394 959 1410 978 a
1429 948 1540 986 praefata
1561 948 1726 978 Eli'zabetha
1740 950 1878 986 recipere,
1897 949 1930 979 &
1945 949 2100 979 Ecclesiam
2113 951 2276 987 praeditftam
2291 952 2354 990 Ap-

1298 987 1461 1025 propriare',
1477 989 1510 1018 ὅτ
1525 996 1587 1016 eam
1605 987 1821 1028 Appropriatam
1833 988 1863 1016 in
1878 986 2013 1025 Proprios
2030 987 2104 1018 Usus
2116 997 2226 1027 tenere,
2245 989 2351 1027 poffint

1299 1026 1375 1062 Sibi,
1394 1027 1426 1056 ὃ(
1449 1026 1660 1055 Successoribus
1679 1025 1730 1055 suis
1749 1026 1973 1064 imperpetuum,
1991 1034 2090 1057 tenore
2112 1026 2304 1066 praesentium,
2321 1029 2359 1059 si-

1301 1064 1404 1094 militer
1418 1064 1576 1094 Licentiam
1590 1063 1717 1093 dedimus
1731 1064 1893 1101 specialem}

1340 1101 1375 1131 N
1377 1103 1484 1132 olentes
1498 1101 1578 1139 quud
1593 1101 1724 1139 praedicta
1739 1101 1917 1141 Elizabetha,
1935 1102 1981 1133 vel
1995 1102 2131 1133 Haeredes
2147 1102 2203 1142 sui,
2221 1111 2267 1134 aut
2285 1114 2358 1142 prae=

1302 1140 1373 1177 fati,
1402 1140 1538 1179 Magister
1558 1141 1591 1170 ὃς
1612 1139 1739 1170 Scolares
1752 1163 1761 1176 ,
1780 1140 1826 1169 seu
1847 1140 2025 1171 Succeffores
2047 1142 2085 1172 sui
2099 1165 2109 1179 ,
2129 1142 2237 1172 ratione
2259 1142 2360 1173 Statuti

1303 1179 1448 1216 praeditsti,
1468 1186 1515 1216 per
1538 1177 1622 1216 Nos,
1640 1178 1685 1208 vel
1707 1177 1843 1208 Haeredes
1862 1179 1990 1217 nostros,
2007 1179 2074 1210 inde
2094 1180 2309 1210 occasionentur
2329 1183 2360 1211 i'n

1303 1218 1419 1255 aliquo,
1438 1218 1482 1248 seu
1496 1225 1659 1256 graventur·
1681 1216 1759 1247 salvis
1774 1225 1869 1246 tamen
1883 1216 2056 1255 Capitalibus
2069 1217 2205 1249 Dominis
2219 1218 2308 1249 Feodi
2328 1220 2365 1249 il-¹
2396 1223 2418 1244 a·

1305 1256 1356 1324 liu}
1372 1256 1494 1300 Serxsitiis
1501 1255 1595 1326 k(inde
1607 1241 1720 1286 De⁷bitis
1734 1257 1768 1287 &t
1783 1253 1941 1286 Consuetis.

1359 1304 1377 1323 ri
1391 1305 1427 1324 cu
1439 1304 1469 1324 us
1540 1304 1566 1324 c.
2268 1322 2271 1326 ,

1378 1304 1466 1364 Teste
1475 1318 1567 1372 ³Rege
1581 1332 1655 1372 apud
1669 1330 1974 1373 Westmonasterium,
1990 1331 2164 1364 duodecimo
2177 1332 2224 1364 die
2238 1333 2348 1365 Martii,

1995 1410 2049 1439 Per
2063 1408 2144 1449 ipfrtm
2157 1411 2262 1446 Regem.

1354 1527 1413 1570 De¹
1427 1536 1510 1569 Clero
1538 1533 1673 1568 Ebornm
1702 1536 1864 1616 Provinczi'e
1889 1532 2076 1616 ‘cionvocando
2092 1561 2103 1578 ,
2126 1537 2163 1572 ὠ*
2190 1531 2323 1578 Subfidia

1748 1595 1833 1617 conce
1854 1595 1888 1616 en
1910 1596 1935 1616 οι

1316 1667 1452 1725 REX,
1470 1667 1629 1699 Venerabili
1646 1669 1674 1699 in
1688 1666 1806 1702 Christo
1816 1667 1912 1706 Patri,
1926 1667 1980 1697 W.
2002 1667 2103 1698 eidem

1395 1708 1512 1746 piscopo
1530 1708 1678 1744 Eborum,
1697 1705 1811 1743 Angliae
1827 1706 1960 1744 Primati,
1980 1705 2111 1736 Salutem.
2419 1724 2493 1754 1w6

1349 1745 1486 1786 Regnum
1507 1747 1540 1777 ὃς
1564 1744 1777 1783 Sacerdotium,
1795 1745 1872 1776 velut
1893 1744 1928 1774 ab
1942 1755 2001 1775 uno
2016 1745 2197 1783 procedentia
2211 1745 2372 1784 Principio,
2389 1768 2430 1791 An
2441 1745 2504 1789 'io‘

1310 1783 1376 1822 Jesu
1396 1785 1530 1823 Christo,
1549 1784 1624 1814 illam
1647 1784 1696 1814 sibi
1710 1783 1864 1814 vendicant
1876 1782 2047 1822 Unionem,
2065 1792 2095 1814 ut
2110 1784 2139 1813 iri
2155 1786 2372 1822 opportunitati-
2392 1807 2410 1829 E
2436 1786 2441 1791 “
2498 1783 2505 1789 ”

1313 1824 1365 1853 bus
1381 1825 1530 1854 alterutrim
1545 1822 1682 1862 gaudeant
1697 1822 1723 1852 se
1738 1823 1841 1852 mutuis
1856 1821 1987 1852 Subfidiis
2010 1823 2182 1861 praevenire,
2200 1824 2268 1853 cum
2290 1823 2374 1859 Reg-
2389 1824 2473 1877 ciffis
2483 1850 2523 1866 10.

1314 1871 1386 1893 num
1408 1862 1584 1893 Aueroritate
1604 1860 1774 1891 Sacerdotali
1794 1860 1931 1897 dirigatur
1944 1860 2118 1898 spiritualiter
2131 1861 2165 1891 ad
2182 1861 2324 1900 Salutem,
2340 1862 2372 1891 &
2392 1856 2418 1906 E‘
2441 1890 2450 1896 ,
2470 1861 2475 1866 “
2495 1862 2523 1905 n*

1313 1900 1510 1932 Sacerdotium
1525 1899 1645 1931 Brachio
1661 1899 1766 1936 Regiae
1778 1898 1919 1928 Potentiae
1933 1898 2143 1936 Temporalitei·
2154 1899 2319 1930 defensetur.
2411 1918 2426 1944 6
2441 1901 2472 1945 ᾗ)
2487 1890 2495 1905 ²
2518 1899 2522 1904 “

1352 1939 1452 1970 Vestra
1466 1938 1601 1977 siquidem
1615 1937 1766 1968 Paternitas
1781 1937 1857 1967 bene
1871 1938 2093 1975 novit‚qualiter
2108 1937 2141 1968 ad
2154 1947 2243 1976 partes
2257 1938 2375 1977 Scotiae',
2393 1927 2405 1954 3
2432 1938 2437 1944 '
2473 1939 2481 1946 ⁰

1314 1977 1352 2008 de
1364 1978 1477 2016 vestro,
1496 1976 1529 2008 ὃ(
1547 1977 1667 2007 aliorum
1690 1974 1896 2015 Praeiatorum,
1914 1977 1948 2006 &
1972 1975 2143 2015 Magnatum
2163 1976 2258 2015 Regni
2271 1977 2378 2015 nostri,

1317 2015 1448 2047 Consilio
1462 2038 1472 2055 ,
1505 2015 1539 2046 ad
1561 2013 1801 2054 compescendum
1829 2014 1984 2045 Scotorum
2006 2013 2194 2045 Inimicorum
2213 2015 2380 2046 nostrorum

1318 2050 1461 2086 Malitiam
1476 2055 1536 2092 (qui
1547 2063 1646 2085 contra
1659 2053 1728 2083 Nos
1746 2052 1852 2083 ibidem
1866 2052 1902 2082 de
1909 2052 2023 2083 Guerra
2037 2053 2174 2084 hostiliter
2190 2053 2378 2094 surrexerunt)

1317 2094 1351 2124 ὃς
1373 2093 1443 2124 Nos
1464 2102 1553 2130 nuper
1574 2091 1668 2122 Manu
1692 2089 1770 2121 Forti
1791 2090 1999 2129 transtulimus,
2018 2093 2137 2131 propriis
2157 2102 2216 2122 non
2232 2102 2381 2130 parcentes

1317 2131 1494 2170 Laboribus,
1513 2131 1552 2162 set
1565 2129 1700 2161 infinitam
1715 2128 1931 2167 quodammodo
1951 2129 2126 2169 Pecuniam,
2144 2131 2213 2161 sicut
2236 2141 2256 2160 o
2298 2132 2380 2170 nuit,

1317 2169 1497 2201 effundentes
1515 2178 1545 2201 ut
1561 2169 1631 2208 Jura
1653 2168 1781 2199 Coronae
1802 2167 1906 2199 nostrae
1929 2168 2144 2199 defenderemus
2159 2171 2252 2208 magni
2274 2171 2309 2200 ce
2320 2192 2329 2207 ,
2344 2180 2381 2200 ac

1318 2208 1472 2247 Ecclesiae,
1489 2209 1523 2240 ὅτ
1546 2207 1655 2238 cunCtis
1673 2207 1774 2237 nostris
1789 2206 1929 2245 Subditis,
1947 2208 2045 2245 quietis
2061 2207 2296 2247 pulcritudinem,
2315 2208 2380 2239 sub-

1319 2248 1389 2279 aeris
1402 2247 1559 2285 Hostibus,
1577 2256 1744 2285 pararemus.

1357 2286 1470 2317 Vertim
1486 2286 1611 2324 cum,in
1626 2284 1763 2315 Processu
1776 2283 2096 2323 praediero,Thesaurus
2111 2284 2207 2316 noster
2223 2284 2382 2323 plurimum

1319 2325 1353 2356 fit
1372 2324 1529 2356 Exhaustus
1541 2348 1551 2363 ,
1574 2324 1608 2355 &
1623 2324 1683 2362 jam
1705 2324 1803 2353 irninet
1821 2323 1918 2353 Nobis
1941 2323 2095 2354 neceffario
2110 2348 2120 2361 ,
2147 2333 2200 2361 pro
2220 2324 2384 2355 defensione

1320 2361 1417 2402 Regni
1437 2364 1471 2395 &
1491 2363 1647 2394 Terrarum
1666 2361 1825 2392 nostrarum
1839 2386 1848 2400 ,
1875 2361 2019 2400 Qaedam
2044 2361 2162 2400 Agenda
2183 2358 2280 2392 Ardua
2293 2387 2302 2402 ‚
2320 2363 2382 2394 tam

1320 2403 1351 2434 iri
1365 2401 1460 2433 Terra
1475 2401 1596 2439 Scotiae,
1617 2411 1704 2439 quam
1717 2400 1781 2431 alibi
1816 2410 1882 2438 quae
1897 2408 2033 2438 magnum
2048 2401 2193 2438 requirunt
2202 2400 2386 2432 Profluvium

1319 2436 1533 2511 1Eirpensarum,
1550 2449 1634 2479 quae,
1651 2439 1753 2478 absque
1768 2424 1846 2469 (fleri
1860 2438 2006 2477 Subsidio,
2023 2447 2084 2468 non
2094 2438 2208 2477 possunt
2223 2439 2387 2471 commode

1332 2490 1349 2510 u
1410 2488 1475 2510 rtari

1349 2490 1408 2549 ὶᾍρὲ
1428 2503 1541 2548 Ρηέῐειῐί
1564 2517 1597 2548 &
1621 2515 1722 2547 Clerus
1734 2538 1744 2554 ,
1762 2514 1967 2546 Cantuarienfis
1990 2514 2154 2546 Provinciae
2168 2539 2178 2554 ,
2193 2516 2332 2554 praemissi
2356 2518 2386 2548 in

1320 2566 1402 2597 grato
1418 2555 1647 2588 considerationis
1660 2555 1788 2585 examine
1807 2553 2008 2593 ponderante5‚
2025 2553 2142 2592 Nobis,
2160 2555 2189 2584 in
2210 2554 2384 2586 Subvenzioa

1320 2605 1387 2627 nem
1408 2594 1600 2633 Expensarum
1620 2593 1796 2630 hujusmodi,
1812 2602 1897 2623 unarn
1919 2592 2091 2631 Decimam,
2109 2593 2145 2622 de
2165 2592 2248 2623 Bonis
2263 2594 2312 2624 suis
2327 2596 2384 2625 Lc-

1323 2634 1497 2671 clesiasticis,
1513 2633 1571 2671 jam
1587 2633 1616 2662 in
1638 2630 1826 2662 Parliamento
1846 2630 1964 2670 nostro,
1981 2630 2054 2670 apud
2078 2630 2383 2673 W'estmonasterium,

1321 2673 1469 2704 liberaliter
1484 2670 1683 2703 concesserunt
1698 2670 1731 2700 ὅς
1745 2678 1900 2708 gratanter,

1360 2711 1470 2742 Vestra:
1486 2708 1691 2740 Benivolentiae
1705 2709 1853 2746 puritatem
1868 2709 1916 2745 (de
1931 2707 1987 2746 qua
2004 2708 2086 2746 plene
2100 2707 2280 2744 confidimus)
2304 2716 2387 2749 roga-

1322 2759 1384 2780 mus
1397 2750 1519 2786 attente,
1538 2748 1619 2779 vobis
1634 2747 1837 2777 nichilominus
1849 2747 1877 2776 in
1894 2746 1961 2777 Fide
1974 2748 2007 2778 δε
2024 2746 2203 2785 ΒὶΙεεἯοηε,
2222 2749 2322 2784 quibus
2330 2758 2386 2779 no¹³

1323 2789 1365 2820 bis
1381 2788 1534 2825 tenemini,
1552 2786 1670 2817 firmiter
1684 2786 1761 2824 injun
1783 2793 1875 2823 enteS,
1893 2784 2123 2823 quatenus,cum
2138 2783 2186 2814 hic
2201 2786 2313 2823 publica
2322 2798 2386 2817 ver-

1323 2827 1395 2859 setur
1412 2826 1543 2863 Utilitas,
1561 2826 1592 2856 &
1610 2823 1726 2863 Urgens
1779 2822 1900 2853 eceffitas
1914 2823 1941 2852 id
1956 2824 2101 2862 exposcat,
2119 2821 2250 2854 Praelatos
2267 2825 2300 2854 δε
2316 2824 2387 2856 Cle:

1323 2875 1405 2903 rum,
1424 2864 1579 2895 vestrarum
1593 2862 1734 2892 Dioecesis
1748 2863 1782 2893 ὃς
1798 2861 2017 2899 Provinciae,ad
2033 2862 2156 2899 aliquem
2173 2871 2283 2892 certum
2290 2865 2384 2902 diem,

1324 2905 1394 2935 citra
1408 2903 1523 2933 Festum
1539 2900 1737 2938 Pentecostes,
1755 2900 1887 2937 proximo
1898 2900 2044 2939 futurum,
2061 2900 2134 2937 apud
2158 2899 2290 2931 Eborum
2313 2912 2388 2933 con-⁷

1327 2943 1423 2974 vocari
1437 2941 1540 2972 faciatis
1548 2962 1557 2978 ‚
1718 2973 1721 2975 μ

1364 2980 1405 3011 lta
1419 2979 1494 3018 quod
1507 2987 1566 3009 tam
1581 2978 1659 3015 Vos,
1675 2977 1761 3016 quam
1774 2976 1842 3007 dieti
1857 2975 1986 3015 Praelati,
2004 2976 2133 3014 Decani,
2152 2978 2185 3007 ὃς
2201 2977 2311 3007 Priores
2324 2978 2385 3009 Ec—’

1325 3018 1470 3050 clesiarum
1492 3015 1722 3053 Cathedralium,
1741 3014 1959 3052 Archidiaconi,
1979 3026 2012 3045 ac
2034 3015 2168 3053 Religiosi
2193 3016 2275 3052 (quos
2295 3026 2381 3055 expe-

1326 3057 1388 3088 dire
1409 3057 1542 3091 videritis)
1564 3054 1757 3092 personaliter,
1775 3054 1808 3084 &
1829 3053 1945 3092 Clerus,
1962 3063 2012 3091 per
2034 3053 2231 3084 Procuratores
2245 3054 2382 3094 idoneos,

1327 3096 1436 3127 ibidem
1451 3104 1519 3126 tunc
1534 3093 1679 3131 intersitis,
1696 3093 1729 3123 ὃ(
1743 3092 1882 3130 intersint,

1366 3133 1414 3165 Ad
1428 3133 1604 3166 tractandum
1620 3130 1653 3162 δε
1667 3130 1901 3161 consentiendum
1914 3129 1994 3167 super
2008 3129 2101 3167 aliquo
2116 3128 2244 3159 Subsidio
2263 3140 2384 3169 compe-

1328 3173 1398 3202 tenti
1433 3172 1517 3204 mbis
1528 3170 1565 3201 de
1578 3169 1662 3200 Bonis
1675 3168 1873 3199 Eccleliasticis
1887 3168 1985 3198 vestrae
1999 3167 2159 3197 Provinciae
2176 3169 2381 3208 concedendo,

1330 3195 1426 3280 ἓυοεῖ,
1444 3207 1617 3241 considerata
1631 3208 1758 3246 qualitate
1772 3206 1979 3246 praemifforum
1991 3206 2085 3243 ,nobis
2102 3206 2203 3236 merito
2217 3206 2317 3238 debeat
2323 3208 2386 3240 fore

1365 3260 1392 3279 ra
1406 3260 1423 3279 u
1464 3258 1471 3279 ι

1369 3258 1416 3318 Atd
1426 3259 1524 3325 rguem
1545 3284 1621 3316 diem
1642 3280 1749 3323 aliquos
1766 3283 1802 3314 de
1823 3282 1939 3320 nostris,
1955 3281 2021 3325 illuc
2037 3283 2221 3325 proponimus
2234 3282 2388 3323 destinare,

1330 3326 1365 3357 ad
1379 3325 1579 3364 exponendum
1592 3322 1674 3354 vobis
1688 3323 1795 3360 plenius
1810 3321 1935 3352 nostram
1951 3319 2138 3357 indigentiam
2154 3322 2182 3350 in
2197 3321 2248 3351 hac
2263 3331 2347 3358 parte.

1370 3365 1434 3402 Set,
1453 3365 1473 3394 si
1488 3363 1576 3394 forsan
1589 3362 1658 3393 dicii
1674 3360 1812 3391 Mittendi
1824 3369 1891 3390 tunc
1905 3357 2012 3388 ibidem
2028 3368 2085 3388 non
2109 3361 2252 3395 venerint,
2272 3361 2386 3391 ulterius

1330 3404 1456 3442 ipsorum
1476 3401 1642 3432 Adventum
1666 3400 1820 3431 nullatenus
1835 3397 1986 3435 expedietis
1998 3421 2007 3434 ,
2025 3397 2063 3427 set
2084 3397 2116 3426 ad
2139 3397 2306 3427 Timetatuin
2330 3399 2385 3430 liu--¹

1327 3442 1452 3482 jusmodi
1472 3449 1540 3472 tunc
1561 3439 1653 3470 modis
1674 3439 1807 3468 omnibus
1828 3435 1998 3475 procedatis,
2017 3436 2049 3465 &
2071 3434 2116 3478 ἃς
2130 3445 2183 3472 eo,
2202 3437 2278 3478 quod
2299 3437 2383 3468 nobis

1332 3482 1363 3512 in
1378 3481 1430 3512 hac
1450 3488 1527 3518 parte
1544 3476 1752 3515 concesseritis,
1769 3485 1821 3506 nos
1840 3474 1974 3512 reddatis,
1992 3483 2050 3512 quo
2072 3475 2151 3504 citius
2163 3475 2305 3512 poteritis,
2323 3485 2385 3506 cer.

1332 3529 1590 3596 thIrr‘is‘praemiffis,
1608 3553 1678 3585 ficut
1700 3552 1736 3584 de
1756 3552 1838 3583 vobis
1859 3549 2045 3588 confidimus,
2060 3559 2092 3580 ac
2109 3549 2287 3586 Reipublicae
2300 3555 2388 3582 com.'

1332 3596 1454 3628 modum
1474 3593 1623 3631 affeetatis,
1641 3592 1729 3623 taliter
1751 3601 1803 3622 vos
1827 3590 1976 3626 habentes,
1995 3587 2086 3631 quod'
2100 3588 2219 3618 vestram
2233 3588 2387 3622 debean-us

1333 3633 1544 3666 Gratitudinem
1559 3630 1781 3668 commendare,
1800 3629 1834 3660 &
1848 3637 1925 3665 eam,
1944 3628 1973 3656 in
1989 3626 2100 3666 agendis
2116 3626 2230 3664 vestris,
2249 3627 2388 3660 Retribu-

1332 3674 1457 3706 tionibus
1474 3671 1602 3710 prosequi
1616 3668 1763 3699 Gratiosis.
1884 3704 1889 3710 ¹
1999 3703 2004 3709 ⁸
2239 3704 2243 3709 .

1371 3711 1462 3743 Teste
1472 3710 1554 3750 Rege
1568 3707 1641 3749 apud
1656 3703 1960 3742 Westmonasterium,
1976 3702 2113 3734 vicesimo
2127 3702 2203 3734 sexto
2216 3703 2261 3734 die
2276 3704 2389 3737 Martii.¹

2125 1667 2230 1708 gratia,
2249 1658 2372 1699 Archie-
2393 1674 2466 1716 Am,
2478 1673 2519 1714 Da

2404 3767 2420 3784 ¹*
2437 3770 2491 3798 1v.·

2407 3809 2462 3842 ⁶90
2517 3840 2520 3841 γ

2405 3846 2478 3877 Ann
2492 3846 2523 3876 D

2426 3887 2511 3923 1336.

2405 3927 2446 3951 An
2476 3935 2519 3951 iu.

1642 3844 1670 3873 ’λε
1696 3850 1755 3880 Pro
1771 3844 1918 3891 Comitiffiz
1935 3842 1971 3876 de
1987 3844 2071 3892 fjfe.

1333 3934 1455 3998 REX
1475 3933 1673 3970 Thesaurario,
1691 3931 1724 3962 &
1739 3930 1906 3961 Camerariis
1919 3929 1986 3968 suis,
2004 3929 2137 3960 Salutem.
2197 3961 2200 3965 ,
2302 3960 2306 3964 ,

1436 3973 1580 4010 Liberate,
1597 3970 1633 4001 de
1646 3969 1791 4000 Thesauro
1804 3968 1920 4006 nostro,
1939 3968 2039 3999 Mariae
2054 3967 2216 3999 Comitissae
2230 3968 2266 4000 de
2279 3969 2302 3999 F
2322 3968 2385 4006 f‚in
2405 3966 2481 4009 1:173.

1333 4012 1448 4050 Scotia,
1465 4010 1692 4049 Consanguineae
1703 4007 1808 4038 nostrae
1822 4006 1967 4038 cal‘iffimae
1979 4008 2056 4045 (quae
2069 4008 2098 4036 in
2115 4007 2221 4045 Anglia
2235 4008 2269 4038 ad
2308 4007 2383 4047 idem
2406 4005 2517 4027 J-wmt·

1333 4051 1369 4082 δε
1391 4051 1497 4081 Pacem
1516 4048 1642 4080 nostram
1663 4045 1799 4083 moratur)
1827 4045 2022 4084 Qadraginra
2047 4045 2158 4077 Solidos
2182 4056 2233 4083 pro
2256 4045 2388 4082 Espenlis
2412 4048 2452 4064 ¹0·
2468 4042 2541 4073 1³3³·

1335 4089 1388 4119 suis
1403 4099 1453 4127 per
1467 4087 1677 4126 septimanam,
1695 4085 1827 4122 quamdiu
1843 4084 1880 4127 sic
1895 4093 2008 4115 moram
2022 4084 2139 4123 fecerit,
2154 4084 2299 4123 quousque
2315 4081 2388 4112 aliud
2406 4087 2441 4104 m.
2464 4085 2492 4110 7-

1335 4136 1352 4156 a
1367 4127 1529 4158 nobisinde
1541 4125 1689 4157 habueritis
1703 4124 1733 4154 in
1746 4122 1889 4153 mandatis.
2317 4156 2411 4192 Teste?
