<?xml version="1.0" encoding="UTF-8"?>
<!DOCTYPE html PUBLIC "-//W3C//DTD XHTML 1.0 Transitional//EN"
    "http://www.w3.org/TR/xhtml1/DTD/xhtml1-transitional.dtd">
<html xmlns="http://www.w3.org/1999/xhtml" xml:lang="en" lang="en">
 <head>
  <title>
</title>
<meta http-equiv="Content-Type" content="text/html;charset=utf-8" />
  <meta name='ocr-system' content='tesseract 3.04.00' />
  <meta name='ocr-capabilities' content='ocr_page ocr_carea ocr_par ocr_line ocrx_word'/>
</head>
<body>
  <div class='ocr_page' id='page_1' title='image "./fderaconventione02ryme_0217.png"; bbox 0 0 2562 4279; ppageno 0'>
   <div class='ocr_carea' id='block_1_1' title="bbox 685 137 1139 183">
    <p class='ocr_par' dir='ltr' id='par_1_1' title="bbox 685 137 1139 183">
     <span class='ocr_line' id='line_1_1' title="bbox 685 137 1139 183; baseline -0.013 0"><span class='ocrx_word' id='word_1_1' title='bbox 685 139 795 183; x_wconf 92' lang='lat' dir='ltr'>ET</span> <span class='ocrx_word' id='word_1_2' title='bbox 877 137 1139 181; x_wconf 92' lang='lat' dir='ltr'>ACTA</span> 
     </span>
    </p>
   </div>
   <div class='ocr_carea' id='block_1_2' title="bbox 0 222 1178 271">
    <p class='ocr_par' dir='ltr' id='par_1_2' title="bbox 0 222 1178 271">
     <span class='ocr_line' id='line_1_2' title="bbox 0 222 1178 271; baseline -0.014 -5"><span class='ocrx_word' id='word_1_3' title='bbox 0 246 50 270; x_wconf 66' lang='lat' dir='ltr'>nn.</span> <span class='ocrx_word' id='word_1_4' title='bbox 63 232 104 266; x_wconf 94' lang='lat' dir='ltr'>D.</span> <span class='ocrx_word' id='word_1_5' title='bbox 121 233 228 271; x_wconf 70' lang='lat' dir='ltr'>luanus,</span> <span class='ocrx_word' id='word_1_6' title='bbox 244 230 336 264; x_wconf 76' lang='lat' dir='ltr'>facere</span> <span class='ocrx_word' id='word_1_7' title='bbox 352 239 447 262; x_wconf 78' lang='lat' dir='ltr'>tamen</span> <span class='ocrx_word' id='word_1_8' title='bbox 463 237 522 260; x_wconf 90' lang='lat' dir='ltr'>non</span> <span class='ocrx_word' id='word_1_9' title='bbox 537 226 683 260; x_wconf 87' lang='lat' dir='ltr'>debuimus</span> <span class='ocrx_word' id='word_1_10' title='bbox 701 232 814 264; x_wconf 82' lang='lat' dir='ltr'>propter</span> <span class='ocrx_word' id='word_1_11' title='bbox 835 223 930 262; x_wconf 81' lang='lat' dir='ltr'>gravia</span> <span class='ocrx_word' id='word_1_12' title='bbox 947 222 1068 267; x_wconf 81' lang='lat' dir='ltr'>dampna</span> <span class='ocrx_word' id='word_1_13' title='bbox 1094 222 1178 251; x_wconf 83' lang='lat' dir='ltr'>innu-</span> 
     </span>
    </p>
   </div>
   <div class='ocr_carea' id='block_1_3' title="bbox 0 283 75 316">
    <p class='ocr_par' dir='ltr' id='par_1_3' title="bbox 0 283 75 316">
     <span class='ocr_line' id='line_1_3' title="bbox 0 283 75 316; baseline -0.053 -8"><span class='ocrx_word' id='word_1_14' title='bbox 0 283 75 316; x_wconf 81' lang='lat'><em>1319.</em></span> 
     </span>
    </p>
   </div>
   <div class='ocr_carea' id='block_1_4' title="bbox 0 316 86 344">
    <p class='ocr_par' dir='ltr' id='par_1_4' title="bbox 0 316 86 344">
     <span class='ocr_line' id='line_1_4' title="bbox 0 316 86 344; baseline -0.012 0"><span class='ocrx_word' id='word_1_15' title='bbox 0 316 39 344; x_wconf 73' lang='lat' dir='ltr'>dv.</span> <span class='ocrx_word' id='word_1_16' title='bbox 59 322 86 340; x_wconf 77' lang='lat'>2-</span> 
     </span>
    </p>
   </div>
   <div class='ocr_carea' id='block_1_5' title="bbox 0 1418 114 1454">
    <p class='ocr_par' dir='ltr' id='par_1_5' title="bbox 0 1418 114 1454">
     <span class='ocr_line' id='line_1_5' title="bbox 0 1418 114 1454; baseline -0.035 -3"><span class='ocrx_word' id='word_1_17' title='bbox 0 1420 50 1454; x_wconf 67' lang='lat' dir='ltr'>lnn</span> <span class='ocrx_word' id='word_1_18' title='bbox 73 1418 114 1449; x_wconf 92' lang='lat' dir='ltr'>D.</span> 
     </span>
    </p>
   </div>
   <div class='ocr_carea' id='block_1_6' title="bbox 7 1443 91 1500">
    <p class='ocr_par' dir='ltr' id='par_1_6' title="bbox 7 1443 91 1500">
     <span class='ocr_line' id='line_1_6' title="bbox 7 1443 91 1500; baseline -0.036 -10"><span class='ocrx_word' id='word_1_19' title='bbox 7 1443 91 1500; x_wconf 74' lang='lat' dir='ltr'>13i9.</span> 
     </span>
    </p>
   </div>
   <div class='ocr_carea' id='block_1_7' title="bbox 0 1503 100 1528">
    <p class='ocr_par' dir='ltr' id='par_1_7' title="bbox 0 1503 100 1528">
     <span class='ocr_line' id='line_1_7' title="bbox 0 1503 100 1528; baseline -0.02 -2"><span class='ocrx_word' id='word_1_20' title='bbox 0 1503 36 1528; x_wconf 74' lang='lat' dir='ltr'>in.</span> <span class='ocrx_word' id='word_1_21' title='bbox 57 1507 100 1525; x_wconf 81' lang='lat'>12.</span> 
     </span>
    </p>
   </div>
   <div class='ocr_carea' id='block_1_8' title="bbox 0 1586 48 1651">
    <p class='ocr_par' dir='ltr' id='par_1_8' title="bbox 0 1586 48 1651">
     <span class='ocr_line' id='line_1_8' title="bbox 0 1586 48 1651; baseline 0 -11"><span class='ocrx_word' id='word_1_22' title='bbox 0 1586 48 1651; x_wconf 49' lang='grc' dir='ltr'>ζμ.</span> 
     </span>
    </p>
   </div>
   <div class='ocr_carea' id='block_1_9' title="bbox 7 2150 96 2226">
    <p class='ocr_par' dir='ltr' id='par_1_9' title="bbox 7 2150 96 2226">
     <span class='ocr_line' id='line_1_9' title="bbox 7 2150 96 2178; baseline 0.045 -4"><span class='ocrx_word' id='word_1_23' title='bbox 7 2150 28 2174; x_wconf 52' lang='grc' dir='ltr'><strong>ἰ</strong></span> <span class='ocrx_word' id='word_1_24' title='bbox 42 2150 96 2178; x_wconf 80' lang='grc'><strong>111.</strong></span> 
     </span>
     <span class='ocr_line' id='line_1_10' title="bbox 29 2191 94 2226; baseline 0 -10"><span class='ocrx_word' id='word_1_25' title='bbox 29 2191 94 2226; x_wconf 89' lang='lat'>767.</span> 
     </span>
    </p>
   </div>
   <div class='ocr_carea' id='block_1_10' title="bbox 121 259 1194 1187">
    <p class='ocr_par' dir='ltr' id='par_1_10' title="bbox 121 259 1180 382">
     <span class='ocr_line' id='line_1_11' title="bbox 122 259 1178 309; baseline -0.014 -6"><span class='ocrx_word' id='word_1_26' title='bbox 122 271 283 309; x_wconf 86' lang='lat' dir='ltr'>merabilia,</span> <span class='ocrx_word' id='word_1_27' title='bbox 300 270 400 301; x_wconf 91' lang='lat' dir='ltr'>nostris</span> <span class='ocrx_word' id='word_1_28' title='bbox 414 267 609 304; x_wconf 81' lang='lat' dir='ltr'>Gentibus‚&amp;</span> <span class='ocrx_word' id='word_1_29' title='bbox 626 263 875 300; x_wconf 81' lang='lat' dir='ltr'>Conburgenfibus</span> <span class='ocrx_word' id='word_1_30' title='bbox 891 263 990 306; x_wconf 81' lang='lat' dir='ltr'>pluries</span> <span class='ocrx_word' id='word_1_31' title='bbox 1005 259 1178 305; x_wconf 72' lang='lat' dir='ltr'>irrationabi—</span> 
     </span>
     <span class='ocr_line' id='line_1_12' title="bbox 122 299 1180 347; baseline -0.014 -5"><span class='ocrx_word' id='word_1_32' title='bbox 122 311 183 342; x_wconf 88' lang='lat' dir='ltr'>liter</span> <span class='ocrx_word' id='word_1_33' title='bbox 199 310 272 340; x_wconf 88' lang='lat' dir='ltr'>illata</span> <span class='ocrx_word' id='word_1_34' title='bbox 284 319 331 347; x_wconf 89' lang='lat' dir='ltr'>per</span> <span class='ocrx_word' id='word_1_35' title='bbox 345 307 435 339; x_wconf 71' lang='grc' dir='ltr'><strong>(1ίᾶ03</strong></span> <span class='ocrx_word' id='word_1_36' title='bbox 448 306 566 342; x_wconf 84' lang='lat' dir='ltr'>Scotos,</span> <span class='ocrx_word' id='word_1_37' title='bbox 578 305 612 334; x_wconf 86' lang='lat'>&amp;</span> <span class='ocrx_word' id='word_1_38' title='bbox 627 313 728 334; x_wconf 89' lang='lat' dir='ltr'>eorum</span> <span class='ocrx_word' id='word_1_39' title='bbox 749 301 918 338; x_wconf 87' lang='lat' dir='ltr'>Complices</span> <span class='ocrx_word' id='word_1_40' title='bbox 931 310 962 330; x_wconf 88' lang='lat' dir='ltr'>m</span> <span class='ocrx_word' id='word_1_41' title='bbox 977 299 1052 330; x_wconf 79' lang='lat' dir='ltr'>Mari</span> <span class='ocrx_word' id='word_1_42' title='bbox 1060 321 1070 337; x_wconf 91' lang='lat'>,</span> <span class='ocrx_word' id='word_1_43' title='bbox 1084 299 1117 329; x_wconf 89' lang='lat'>&amp;</span> <span class='ocrx_word' id='word_1_44' title='bbox 1131 306 1180 327; x_wconf 80' lang='lat' dir='ltr'>ex-</span> 
     </span>
     <span class='ocr_line' id='line_1_13' title="bbox 121 354 1143 382; baseline -0.013 -2"><span class='ocrx_word' id='word_1_45' title='bbox 121 357 170 380; x_wconf 90' lang='lat' dir='ltr'>tra.</span> <span class='ocrx_word' id='word_1_46' title='bbox 404 373 412 376; x_wconf 69' lang='grc'>,</span> <span class='ocrx_word' id='word_1_47' title='bbox 548 354 550 357; x_wconf 59' lang='grc'>’</span> <span class='ocrx_word' id='word_1_48' title='bbox 877 378 882 382; x_wconf 24' lang='grc' dir='ltr'><em>η</em></span> <span class='ocrx_word' id='word_1_49' title='bbox 1139 374 1143 378; x_wconf 37' lang='lat'>¹</span> 
     </span>
    </p>

    <p class='ocr_par' dir='ltr' id='par_1_11' title="bbox 122 373 1185 686">
     <span class='ocr_line' id='line_1_14' title="bbox 157 373 1180 425; baseline -0.015 -7"><span class='ocrx_word' id='word_1_50' title='bbox 157 386 359 425; x_wconf 84' lang='lat' dir='ltr'>Qamobrem</span> <span class='ocrx_word' id='word_1_51' title='bbox 375 382 487 414; x_wconf 89' lang='lat' dir='ltr'>noscere</span> <span class='ocrx_word' id='word_1_52' title='bbox 504 379 667 411; x_wconf 52' lang='lat' dir='ltr'>affin-&amp;amus</span> <span class='ocrx_word' id='word_1_53' title='bbox 680 378 800 409; x_wconf 85' lang='lat' dir='ltr'>vestram</span> <span class='ocrx_word' id='word_1_54' title='bbox 819 376 1017 415; x_wconf 82' lang='lat' dir='ltr'>MaJestatem,</span> <span class='ocrx_word' id='word_1_55' title='bbox 1040 373 1118 413; x_wconf 89' lang='lat' dir='ltr'>quod</span> <span class='ocrx_word' id='word_1_56' title='bbox 1136 382 1180 402; x_wconf 87' lang='lat' dir='ltr'>m-</span> 
     </span>
     <span class='ocr_line' id='line_1_15' title="bbox 122 411 1181 457; baseline -0.014 -1"><span class='ocrx_word' id='word_1_57' title='bbox 122 425 253 457; x_wconf 88' lang='lat' dir='ltr'>tentionis</span> <span class='ocrx_word' id='word_1_58' title='bbox 271 423 372 454; x_wconf 78' lang='lat' dir='ltr'>nostrae</span> <span class='ocrx_word' id='word_1_59' title='bbox 389 431 448 452; x_wconf 92' lang='lat' dir='ltr'>non</span> <span class='ocrx_word' id='word_1_60' title='bbox 463 420 596 456; x_wconf 83' lang='lat' dir='ltr'>extiterit,</span> <span class='ocrx_word' id='word_1_61' title='bbox 609 427 698 455; x_wconf 86' lang='lat' dir='ltr'>neque</span> <span class='ocrx_word' id='word_1_62' title='bbox 713 424 804 454; x_wconf 82' lang='lat' dir='ltr'>extet,</span> <span class='ocrx_word' id='word_1_63' title='bbox 821 425 870 452; x_wconf 81' lang='lat' dir='ltr'>per</span> <span class='ocrx_word' id='word_1_64' title='bbox 889 424 959 452; x_wconf 91' lang='lat' dir='ltr'>nos,</span> <span class='ocrx_word' id='word_1_65' title='bbox 977 415 1078 457; x_wconf 84' lang='lat' dir='ltr'>Scotos</span> <span class='ocrx_word' id='word_1_66' title='bbox 1096 411 1181 442; x_wconf 75' lang='lat' dir='ltr'>Rele—</span> 
     </span>
     <span class='ocr_line' id='line_1_16' title="bbox 122 449 1181 501; baseline -0.015 -6"><span class='ocrx_word' id='word_1_67' title='bbox 122 472 219 501; x_wconf 87' lang='lat' dir='ltr'>vatOS,</span> <span class='ocrx_word' id='word_1_68' title='bbox 236 462 281 493; x_wconf 86' lang='lat' dir='ltr'>seu</span> <span class='ocrx_word' id='word_1_69' title='bbox 298 461 471 496; x_wconf 83' lang='lat' dir='ltr'>sustentatos,</span> <span class='ocrx_word' id='word_1_70' title='bbox 483 467 528 488; x_wconf 86' lang='lat' dir='ltr'>aut</span> <span class='ocrx_word' id='word_1_71' title='bbox 544 465 690 494; x_wconf 89' lang='lat' dir='ltr'>promotos</span> <span class='ocrx_word' id='word_1_72' title='bbox 705 454 803 491; x_wconf 77' lang='lat' dir='ltr'>fuisse,</span> <span class='ocrx_word' id='word_1_73' title='bbox 824 462 879 483; x_wconf 89' lang='lat' dir='ltr'>nec</span> <span class='ocrx_word' id='word_1_74' title='bbox 897 452 958 497; x_wconf 76' lang='lat' dir='ltr'>fore</span> <span class='ocrx_word' id='word_1_75' title='bbox 977 452 1073 489; x_wconf 82' lang='lat' dir='ltr'>aliquo</span> <span class='ocrx_word' id='word_1_76' title='bbox 1090 449 1181 481; x_wconf 89' lang='lat' dir='ltr'>modo</span> 
     </span>
     <span class='ocr_line' id='line_1_17' title="bbox 122 489 1182 534; baseline -0.015 -1"><span class='ocrx_word' id='word_1_77' title='bbox 122 501 242 534; x_wconf 83' lang='lat' dir='ltr'>Subsidii</span> <span class='ocrx_word' id='word_1_78' title='bbox 260 500 304 531; x_wconf 81' lang='lat' dir='ltr'>vel</span> <span class='ocrx_word' id='word_1_79' title='bbox 323 498 448 534; x_wconf 80' lang='lat' dir='ltr'>Favoris,</span> <span class='ocrx_word' id='word_1_80' title='bbox 478 496 573 525; x_wconf 87' lang='lat' dir='ltr'>immo</span> <span class='ocrx_word' id='word_1_81' title='bbox 590 494 721 525; x_wconf 88' lang='lat' dir='ltr'>volumus</span> <span class='ocrx_word' id='word_1_82' title='bbox 735 515 745 531; x_wconf 90' lang='lat'>,</span> <span class='ocrx_word' id='word_1_83' title='bbox 773 493 807 522; x_wconf 91' lang='lat'>&amp;</span> <span class='ocrx_word' id='word_1_84' title='bbox 833 491 991 534; x_wconf 78' lang='lat' dir='ltr'>cordialiter</span> <span class='ocrx_word' id='word_1_85' title='bbox 1019 489 1182 520; x_wconf 63' lang='lat' dir='ltr'>affedhimus</span> 
     </span>
     <span class='ocr_line' id='line_1_18' title="bbox 125 526 1183 577; baseline -0.014 -6"><span class='ocrx_word' id='word_1_86' title='bbox 125 540 224 577; x_wconf 86' lang='lat' dir='ltr'>Regni</span> <span class='ocrx_word' id='word_1_87' title='bbox 242 537 324 569; x_wconf 90' lang='lat' dir='ltr'>vestri</span> <span class='ocrx_word' id='word_1_88' title='bbox 342 535 412 574; x_wconf 86' lang='lat' dir='ltr'>pros</span> <span class='ocrx_word' id='word_1_89' title='bbox 424 535 546 564; x_wconf 87' lang='lat' dir='ltr'>eritatem</span> <span class='ocrx_word' id='word_1_90' title='bbox 563 534 593 562; x_wconf 89' lang='lat' dir='ltr'>in</span> <span class='ocrx_word' id='word_1_91' title='bbox 611 533 746 562; x_wconf 90' lang='lat' dir='ltr'>omnibus</span> <span class='ocrx_word' id='word_1_92' title='bbox 761 529 878 573; x_wconf 68' lang='lat' dir='ltr'>elevari³</span> <span class='ocrx_word' id='word_1_93' title='bbox 892 539 940 573; x_wconf 82' lang='lat' dir='ltr'>per</span> <span class='ocrx_word' id='word_1_94' title='bbox 960 538 1011 559; x_wconf 92' lang='lat' dir='ltr'>nos</span> <span class='ocrx_word' id='word_1_95' title='bbox 1025 529 1058 559; x_wconf 88' lang='lat'>&amp;</span> <span class='ocrx_word' id='word_1_96' title='bbox 1076 526 1183 557; x_wconf 90' lang='lat' dir='ltr'>nostros</span> 
     </span>
     <span class='ocr_line' id='line_1_19' title="bbox 126 565 1184 611; baseline -0.015 -1"><span class='ocrx_word' id='word_1_97' title='bbox 126 579 185 610; x_wconf 92' lang='lat' dir='ltr'>coli</span> <span class='ocrx_word' id='word_1_98' title='bbox 220 587 253 608; x_wconf 87' lang='lat' dir='ltr'>ac</span> <span class='ocrx_word' id='word_1_99' title='bbox 271 574 373 606; x_wconf 76' lang='lat' dir='ltr'>vestros</span> <span class='ocrx_word' id='word_1_100' title='bbox 409 583 425 602; x_wconf 88' lang='lat' dir='ltr'>e</span> <span class='ocrx_word' id='word_1_101' title='bbox 443 570 521 610; x_wconf 85' lang='lat' dir='ltr'>posse</span> <span class='ocrx_word' id='word_1_102' title='bbox 540 570 636 601; x_wconf 91' lang='lat' dir='ltr'>nostro</span> <span class='ocrx_word' id='word_1_103' title='bbox 661 570 775 600; x_wconf 83' lang='lat' dir='ltr'>fincerae</span> <span class='ocrx_word' id='word_1_104' title='bbox 798 567 924 611; x_wconf 71' lang='lat' dir='ltr'>Caritatis</span> <span class='ocrx_word' id='word_1_105' title='bbox 950 565 1102 610; x_wconf 66' lang='lat' dir='ltr'>affectione</span> <span class='ocrx_word' id='word_1_106' title='bbox 1123 575 1184 603; x_wconf 84' lang='lat' dir='ltr'>per-</span> 
     </span>
     <span class='ocr_line' id='line_1_20' title="bbox 127 600 1185 653; baseline -0.014 -5"><span class='ocrx_word' id='word_1_107' title='bbox 127 600 253 653; x_wconf 68' lang='lat' dir='ltr'>traet&#39;ari,</span> <span class='ocrx_word' id='word_1_108' title='bbox 266 614 300 645; x_wconf 69' lang='grc' dir='ltr'>δε</span> <span class='ocrx_word' id='word_1_109' title='bbox 319 621 376 649; x_wconf 85' lang='lat' dir='ltr'>prae</span> <span class='ocrx_word' id='word_1_110' title='bbox 394 611 500 642; x_wconf 82' lang='lat' dir='ltr'>caeteris</span> <span class='ocrx_word' id='word_1_111' title='bbox 515 609 617 640; x_wconf 84' lang='lat' dir='ltr'>excolis</span> <span class='ocrx_word' id='word_1_112' title='bbox 634 608 800 645; x_wconf 82' lang='lat' dir='ltr'>confoveri,</span> <span class='ocrx_word' id='word_1_113' title='bbox 813 606 847 637; x_wconf 88' lang='lat'>&amp;</span> <span class='ocrx_word' id='word_1_114' title='bbox 864 616 903 637; x_wconf 81' lang='lat' dir='ltr'>ets</span> <span class='ocrx_word' id='word_1_115' title='bbox 921 605 1029 644; x_wconf 87' lang='lat' dir='ltr'>facere,</span> <span class='ocrx_word' id='word_1_116' title='bbox 1044 608 1114 635; x_wconf 79' lang='lat' dir='ltr'>licut</span> <span class='ocrx_word' id='word_1_117' title='bbox 1133 613 1185 634; x_wconf 90' lang='lat' dir='ltr'>no-</span> 
     </span>
     <span class='ocr_line' id='line_1_21' title="bbox 128 650 420 686; baseline -0.027 0"><span class='ocrx_word' id='word_1_118' title='bbox 128 655 188 686; x_wconf 88' lang='lat' dir='ltr'>stris</span> <span class='ocrx_word' id='word_1_119' title='bbox 204 652 262 684; x_wconf 89' lang='lat' dir='ltr'>fieri</span> <span class='ocrx_word' id='word_1_120' title='bbox 279 650 420 681; x_wconf 87' lang='lat' dir='ltr'>vellemus.</span> 
     </span>
    </p>

    <p class='ocr_par' dir='ltr' id='par_1_12' title="bbox 126 680 1191 920">
     <span class='ocr_line' id='line_1_22' title="bbox 164 680 1187 724; baseline -0.011 -3"><span class='ocrx_word' id='word_1_121' title='bbox 164 689 362 723; x_wconf 76' lang='lat' dir='ltr'>Excellentiam</span> <span class='ocrx_word' id='word_1_122' title='bbox 388 687 506 718; x_wconf 87' lang='lat' dir='ltr'>vestram</span> <span class='ocrx_word' id='word_1_123' title='bbox 530 697 561 717; x_wconf 90' lang='lat' dir='ltr'>ea</span> <span class='ocrx_word' id='word_1_124' title='bbox 588 694 699 723; x_wconf 88' lang='lat' dir='ltr'>propter</span> <span class='ocrx_word' id='word_1_125' title='bbox 730 683 957 716; x_wconf 59' lang='lat' dir='ltr'>affectuosissime</span> <span class='ocrx_word' id='word_1_126' title='bbox 981 680 1164 724; x_wconf 81' lang='lat' dir='ltr'>Implorantes</span> <span class='ocrx_word' id='word_1_127' title='bbox 1177 702 1187 718; x_wconf 88' lang='lat'>,</span> 
     </span>
     <span class='ocr_line' id='line_1_23' title="bbox 126 718 1189 769; baseline -0.011 -9"><span class='ocrx_word' id='word_1_128' title='bbox 126 730 250 769; x_wconf 77' lang='lat' dir='ltr'>quatinus</span> <span class='ocrx_word' id='word_1_129' title='bbox 273 727 343 758; x_wconf 76' lang='lat' dir='ltr'>cum</span> <span class='ocrx_word' id='word_1_130' title='bbox 358 725 467 756; x_wconf 87' lang='lat' dir='ltr'>nostros</span> <span class='ocrx_word' id='word_1_131' title='bbox 485 723 702 761; x_wconf 85' lang='lat' dir='ltr'>Conburgenses</span> <span class='ocrx_word' id='word_1_132' title='bbox 720 723 809 754; x_wconf 86' lang='lat' dir='ltr'>versus</span> <span class='ocrx_word' id='word_1_133' title='bbox 827 723 958 765; x_wconf 70' lang='lat' dir='ltr'>Scotiarn</span> <span class='ocrx_word' id='word_1_134' title='bbox 974 731 1035 763; x_wconf 80' lang='lat' dir='ltr'>non</span> <span class='ocrx_word' id='word_1_135' title='bbox 1061 718 1189 757; x_wconf 75' lang='lat' dir='ltr'>expediat</span> 
     </span>
     <span class='ocr_line' id='line_1_24' title="bbox 127 759 1189 803; baseline -0.013 -3"><span class='ocrx_word' id='word_1_136' title='bbox 127 768 290 800; x_wconf 73' lang='lat' dir='ltr'>transmeare</span> <span class='ocrx_word' id='word_1_137' title='bbox 302 787 312 803; x_wconf 84' lang='lat'>‚</span> <span class='ocrx_word' id='word_1_138' title='bbox 333 774 386 795; x_wconf 92' lang='lat' dir='ltr'>nec</span> <span class='ocrx_word' id='word_1_139' title='bbox 400 763 507 793; x_wconf 86' lang='lat' dir='ltr'><strong>ibidem</strong></span> <span class='ocrx_word' id='word_1_140' title='bbox 524 762 717 793; x_wconf 88' lang='lat' dir='ltr'>consueverint</span> <span class='ocrx_word' id='word_1_141' title='bbox 732 762 790 792; x_wconf 81' lang='lat' dir='ltr'>suas</span> <span class='ocrx_word' id='word_1_142' title='bbox 808 759 1027 791; x_wconf 77' lang='lat' dir='ltr'>Merchandinas</span> <span class='ocrx_word' id='word_1_143' title='bbox 1046 766 1189 794; x_wconf 83' lang='lat' dir='ltr'>exercere,</span> 
     </span>
     <span class='ocr_line' id='line_1_25' title="bbox 128 795 1189 842; baseline -0.01 -5"><span class='ocrx_word' id='word_1_144' title='bbox 128 806 223 839; x_wconf 81' lang='lat' dir='ltr'>immo</span> <span class='ocrx_word' id='word_1_145' title='bbox 240 805 270 834; x_wconf 90' lang='lat' dir='ltr'>in</span> <span class='ocrx_word' id='word_1_146' title='bbox 285 803 389 840; x_wconf 87' lang='lat' dir='ltr'>Regno</span> <span class='ocrx_word' id='word_1_147' title='bbox 406 800 498 831; x_wconf 90' lang='lat' dir='ltr'>vestro</span> <span class='ocrx_word' id='word_1_148' title='bbox 511 825 521 841; x_wconf 93' lang='lat'>,</span> <span class='ocrx_word' id='word_1_149' title='bbox 547 811 595 831; x_wconf 88' lang='lat' dir='ltr'>eos</span> <span class='ocrx_word' id='word_1_150' title='bbox 609 823 619 838; x_wconf 90' lang='lat'>,</span> <span class='ocrx_word' id='word_1_151' title='bbox 640 801 670 831; x_wconf 84' lang='lat' dir='ltr'>in</span> <span class='ocrx_word' id='word_1_152' title='bbox 686 801 781 831; x_wconf 87' lang='lat' dir='ltr'>vestris</span> <span class='ocrx_word' id='word_1_153' title='bbox 802 800 971 831; x_wconf 67' lang='lat' dir='ltr'>distrifflbus</span> <span class='ocrx_word' id='word_1_154' title='bbox 990 797 1138 842; x_wconf 78' lang='lat' dir='ltr'>vadentes,</span> <span class='ocrx_word' id='word_1_155' title='bbox 1156 795 1189 825; x_wconf 89' lang='lat'>&amp;</span> 
     </span>
     <span class='ocr_line' id='line_1_26' title="bbox 128 838 1191 880; baseline -0.01 -6"><span class='ocrx_word' id='word_1_156' title='bbox 128 845 276 880; x_wconf 85' lang='lat' dir='ltr'>irruentes,</span> <span class='ocrx_word' id='word_1_157' title='bbox 292 841 387 871; x_wconf 83' lang='lat' dir='ltr'>favore</span> <span class='ocrx_word' id='word_1_158' title='bbox 407 839 503 878; x_wconf 81' lang='lat' dir='ltr'>Regio</span> <span class='ocrx_word' id='word_1_159' title='bbox 523 839 555 869; x_wconf 89' lang='lat'>&amp;</span> <span class='ocrx_word' id='word_1_160' title='bbox 573 839 722 877; x_wconf 87' lang='lat' dir='ltr'>condigno</span> <span class='ocrx_word' id='word_1_161' title='bbox 744 839 874 877; x_wconf 84' lang='lat' dir='ltr'>prosequi</span> <span class='ocrx_word' id='word_1_162' title='bbox 888 838 1051 875; x_wconf 83' lang='lat' dir='ltr'>dignemim</span> <span class='ocrx_word' id='word_1_163' title='bbox 1073 843 1104 865; x_wconf 90' lang='lat' dir='ltr'>ut</span> <span class='ocrx_word' id='word_1_164' title='bbox 1118 844 1191 865; x_wconf 83' lang='lat' dir='ltr'>ami-</span> 
     </span>
     <span class='ocr_line' id='line_1_27' title="bbox 128 877 1089 920; baseline -0.011 -7"><span class='ocrx_word' id='word_1_165' title='bbox 128 891 195 920; x_wconf 70' lang='lat' dir='ltr'>cm,</span> <span class='ocrx_word' id='word_1_166' title='bbox 212 887 292 919; x_wconf 84' lang='lat' dir='ltr'>prout</span> <span class='ocrx_word' id='word_1_167' title='bbox 313 879 445 909; x_wconf 60' lang='lat' dir='ltr'>haetenus</span> <span class='ocrx_word' id='word_1_168' title='bbox 459 877 649 908; x_wconf 87' lang='lat' dir='ltr'>consuevistis.</span> <span class='ocrx_word' id='word_1_169' title='bbox 1084 914 1089 919; x_wconf 93' lang='lat'>.</span> 
     </span>
    </p>

    <p class='ocr_par' dir='ltr' id='par_1_13' title="bbox 128 911 1192 1035">
     <span class='ocr_line' id='line_1_28' title="bbox 166 911 1191 957; baseline -0.007 -7"><span class='ocrx_word' id='word_1_170' title='bbox 166 919 243 951; x_wconf 89' lang='lat' dir='ltr'>Non</span> <span class='ocrx_word' id='word_1_171' title='bbox 262 917 338 949; x_wconf 82' lang='lat' dir='ltr'>enim</span> <span class='ocrx_word' id='word_1_172' title='bbox 357 916 454 947; x_wconf 89' lang='lat' dir='ltr'>Scotia</span> <span class='ocrx_word' id='word_1_173' title='bbox 477 926 526 954; x_wconf 90' lang='lat' dir='ltr'>per</span> <span class='ocrx_word' id='word_1_174' title='bbox 547 926 594 947; x_wconf 84' lang='lat' dir='ltr'>eos</span> <span class='ocrx_word' id='word_1_175' title='bbox 611 916 747 955; x_wconf 87' lang='lat' dir='ltr'>adibitur,</span> <span class='ocrx_word' id='word_1_176' title='bbox 767 926 820 946; x_wconf 85' lang='lat' dir='ltr'>nec</span> <span class='ocrx_word' id='word_1_177' title='bbox 840 916 876 946; x_wconf 91' lang='lat' dir='ltr'>ab</span> <span class='ocrx_word' id='word_1_178' title='bbox 889 916 926 945; x_wconf 89' lang='lat' dir='ltr'>eis</span> <span class='ocrx_word' id='word_1_179' title='bbox 939 913 1049 953; x_wconf 83' lang='lat' dir='ltr'>aliquod</span> <span class='ocrx_word' id='word_1_180' title='bbox 1065 911 1191 957; x_wconf 66' lang='grc'><strong>011111111-</strong></span> 
     </span>
     <span class='ocr_line' id='line_1_29' title="bbox 128 951 1192 995; baseline -0.008 -6"><span class='ocrx_word' id='word_1_181' title='bbox 128 957 211 988; x_wconf 89' lang='lat' dir='ltr'>diurn</span> <span class='ocrx_word' id='word_1_182' title='bbox 226 955 414 995; x_wconf 78' lang='lat' dir='ltr'>praestabitur,</span> <span class='ocrx_word' id='word_1_183' title='bbox 432 955 500 993; x_wconf 81' lang='lat' dir='ltr'>nifi,</span> <span class='ocrx_word' id='word_1_184' title='bbox 519 954 598 993; x_wconf 90' lang='lat' dir='ltr'>quod</span> <span class='ocrx_word' id='word_1_185' title='bbox 617 954 769 986; x_wconf 85' lang='lat' dir='ltr'>Altiffimus</span> <span class='ocrx_word' id='word_1_186' title='bbox 787 955 948 993; x_wconf 82' lang='lat' dir='ltr'>prohibeat,</span> <span class='ocrx_word' id='word_1_187' title='bbox 968 963 1018 984; x_wconf 88' lang='lat' dir='ltr'>eos</span> <span class='ocrx_word' id='word_1_188' title='bbox 1037 952 1144 983; x_wconf 74' lang='lat' dir='ltr'>Invuos</span> <span class='ocrx_word' id='word_1_189' title='bbox 1158 951 1192 981; x_wconf 88' lang='grc'>11-</span> 
     </span>
     <span class='ocr_line' id='line_1_30' title="bbox 128 993 1104 1035; baseline -0.01 -7"><span class='ocrx_word' id='word_1_190' title='bbox 128 996 175 1028; x_wconf 86' lang='lat' dir='ltr'>luc</span> <span class='ocrx_word' id='word_1_191' title='bbox 240 993 307 1025; x_wconf 84' lang='lat' dir='ltr'>cella</span> <span class='ocrx_word' id='word_1_192' title='bbox 320 993 435 1024; x_wconf 87' lang='lat' dir='ltr'>duceret</span> <span class='ocrx_word' id='word_1_193' title='bbox 455 993 631 1031; x_wconf 86' lang='lat' dir='ltr'>tempestatis.</span> <span class='ocrx_word' id='word_1_194' title='bbox 1099 1029 1104 1035; x_wconf 24' lang='grc' dir='ltr'><strong><em>ἡ</em></strong></span> 
     </span>
    </p>

    <p class='ocr_par' dir='ltr' id='par_1_14' title="bbox 130 1028 1192 1109">
     <span class='ocr_line' id='line_1_31' title="bbox 192 1028 1192 1070; baseline -0.006 -6"><span class='ocrx_word' id='word_1_195' title='bbox 192 1033 259 1064; x_wconf 87' lang='lat' dir='ltr'>aleat</span> <span class='ocrx_word' id='word_1_196' title='bbox 277 1032 310 1063; x_wconf 75' lang='grc' dir='ltr'>δε</span> <span class='ocrx_word' id='word_1_197' title='bbox 327 1033 421 1069; x_wconf 88' lang='lat' dir='ltr'>vigeat</span> <span class='ocrx_word' id='word_1_198' title='bbox 439 1033 467 1062; x_wconf 92' lang='lat' dir='ltr'>in</span> <span class='ocrx_word' id='word_1_199' title='bbox 485 1033 619 1062; x_wconf 87' lang='lat' dir='ltr'>omnibus</span> <span class='ocrx_word' id='word_1_200' title='bbox 637 1031 727 1063; x_wconf 90' lang='lat' dir='ltr'>vestra</span> <span class='ocrx_word' id='word_1_201' title='bbox 745 1031 916 1063; x_wconf 81' lang='lat' dir='ltr'>Excellentia</span> <span class='ocrx_word' id='word_1_202' title='bbox 931 1054 941 1070; x_wconf 85' lang='lat'>,</span> <span class='ocrx_word' id='word_1_203' title='bbox 964 1030 1048 1061; x_wconf 90' lang='lat' dir='ltr'>nobis</span> <span class='ocrx_word' id='word_1_204' title='bbox 1065 1029 1118 1059; x_wconf 81' lang='lat' dir='ltr'>suis</span> <span class='ocrx_word' id='word_1_205' title='bbox 1140 1028 1192 1059; x_wconf 88' lang='lat' dir='ltr'>hu-</span> 
     </span>
     <span class='ocr_line' id='line_1_32' title="bbox 130 1070 966 1109; baseline -0.004 -6"><span class='ocrx_word' id='word_1_206' title='bbox 130 1071 242 1103; x_wconf 86' lang='lat' dir='ltr'>milibus</span> <span class='ocrx_word' id='word_1_207' title='bbox 261 1072 446 1109; x_wconf 86' lang='lat' dir='ltr'>praecipiens,</span> <span class='ocrx_word' id='word_1_208' title='bbox 464 1072 562 1108; x_wconf 85' lang='lat' dir='ltr'>paratis</span> <span class='ocrx_word' id='word_1_209' title='bbox 600 1080 628 1101; x_wconf 86' lang='lat' dir='ltr'>er</span> <span class='ocrx_word' id='word_1_210' title='bbox 644 1071 758 1108; x_wconf 86' lang='lat' dir='ltr'>omnia,</span> <span class='ocrx_word' id='word_1_211' title='bbox 776 1079 858 1108; x_wconf 89' lang='lat' dir='ltr'>prout</span> <span class='ocrx_word' id='word_1_212' title='bbox 876 1070 966 1101; x_wconf 90' lang='lat' dir='ltr'>decet.</span> 
     </span>
    </p>

    <p class='ocr_par' dir='ltr' id='par_1_15' title="bbox 129 1105 1194 1187">
     <span class='ocr_line' id='line_1_33' title="bbox 167 1105 1194 1144; baseline -0.005 -4"><span class='ocrx_word' id='word_1_213' title='bbox 167 1109 276 1140; x_wconf 90' lang='lat' dir='ltr'>Datum</span> <span class='ocrx_word' id='word_1_214' title='bbox 288 1109 376 1140; x_wconf 89' lang='lat' dir='ltr'>Anno</span> <span class='ocrx_word' id='word_1_215' title='bbox 390 1109 514 1139; x_wconf 86' lang='lat' dir='ltr'>Domini</span> <span class='ocrx_word' id='word_1_216' title='bbox 528 1108 574 1140; x_wconf 89' lang='lat' dir='ltr'>Mi</span> <span class='ocrx_word' id='word_1_217' title='bbox 595 1109 684 1140; x_wconf 79' lang='lat' dir='ltr'>efimo</span> <span class='ocrx_word' id='word_1_218' title='bbox 702 1109 896 1140; x_wconf 80' lang='lat' dir='ltr'>trecentesimo</span> <span class='ocrx_word' id='word_1_219' title='bbox 910 1108 1025 1139; x_wconf 90' lang='lat' dir='ltr'>decimo</span> <span class='ocrx_word' id='word_1_220' title='bbox 1039 1105 1194 1144; x_wconf 86' lang='lat' dir='ltr'>nono,Fe-</span> 
     </span>
     <span class='ocr_line' id='line_1_34' title="bbox 129 1147 715 1187; baseline -0.003 -7"><span class='ocrx_word' id='word_1_221' title='bbox 129 1149 169 1180; x_wconf 85' lang='lat' dir='ltr'>ria</span> <span class='ocrx_word' id='word_1_222' title='bbox 186 1149 281 1187; x_wconf 88' lang='lat' dir='ltr'>quinta</span> <span class='ocrx_word' id='word_1_223' title='bbox 300 1147 363 1186; x_wconf 89' lang='lat' dir='ltr'>post</span> <span class='ocrx_word' id='word_1_224' title='bbox 383 1147 499 1178; x_wconf 85' lang='lat' dir='ltr'>Marchi</span> <span class='ocrx_word' id='word_1_225' title='bbox 518 1147 715 1186; x_wconf 80' lang='lat' dir='ltr'>Evangelistae.</span> 
     </span>
    </p>
   </div>
   <div class='ocr_carea' id='block_1_11' title="bbox 183 1274 1142 1372">
    <p class='ocr_par' dir='ltr' id='par_1_16' title="bbox 183 1274 1142 1372">
     <span class='ocr_line' id='line_1_35' title="bbox 183 1274 1142 1322; baseline -0.002 -13"><span class='ocrx_word' id='word_1_226' title='bbox 183 1278 294 1309; x_wconf 73' lang='lat' dir='ltr'>Lirem</span> <span class='ocrx_word' id='word_1_227' title='bbox 309 1279 406 1311; x_wconf 72' lang='lat' dir='ltr'>Ducis</span> <span class='ocrx_word' id='word_1_228' title='bbox 424 1274 590 1309; x_wconf 79' lang='lat' dir='ltr'>Brabantiae</span> <span class='ocrx_word' id='word_1_229' title='bbox 603 1298 613 1313; x_wconf 91' lang='lat'>‚</span> <span class='ocrx_word' id='word_1_230' title='bbox 636 1275 718 1322; x_wconf 77' lang='lat' dir='ltr'>quod</span> <span class='ocrx_word' id='word_1_231' title='bbox 735 1278 816 1308; x_wconf 86' lang='lat' dir='ltr'>Scoti</span> <span class='ocrx_word' id='word_1_232' title='bbox 838 1279 869 1308; x_wconf 83' lang='lat' dir='ltr'>in</span> <span class='ocrx_word' id='word_1_233' title='bbox 888 1277 951 1321; x_wconf 82' lang='lat' dir='ltr'>ejus</span> <span class='ocrx_word' id='word_1_234' title='bbox 969 1275 1066 1308; x_wconf 78' lang='lat' dir='ltr'>Terra</span> <span class='ocrx_word' id='word_1_235' title='bbox 1086 1287 1142 1307; x_wconf 84' lang='lat' dir='ltr'>non</span> 
     </span>
     <span class='ocr_line' id='line_1_36' title="bbox 447 1325 881 1372; baseline 0 -14"><span class='ocrx_word' id='word_1_236' title='bbox 447 1334 627 1372; x_wconf 73' lang='lat' dir='ltr'>recepte-ntur</span> <span class='ocrx_word' id='word_1_237' title='bbox 643 1335 694 1357; x_wconf 84' lang='lat' dir='ltr'>nec</span> <span class='ocrx_word' id='word_1_238' title='bbox 704 1325 881 1370; x_wconf 80' lang='lat' dir='ltr'>foveantur.</span> 
     </span>
    </p>
   </div>
   <div class='ocr_carea' id='block_1_12' title="bbox 135 1408 1201 1565">
    <p class='ocr_par' dir='ltr' id='par_1_17' title="bbox 135 1408 1201 1565">
     <span class='ocr_line' id='line_1_37' title="bbox 212 1408 1200 1448; baseline -0.002 -8"><span class='ocrx_word' id='word_1_239' title='bbox 212 1410 370 1442; x_wconf 84' lang='lat' dir='ltr'>Treshhaut</span> <span class='ocrx_word' id='word_1_240' title='bbox 386 1410 420 1441; x_wconf 71' lang='grc' dir='ltr'>δε</span> <span class='ocrx_word' id='word_1_241' title='bbox 436 1418 489 1441; x_wconf 86' lang='lat' dir='ltr'>tres</span> <span class='ocrx_word' id='word_1_242' title='bbox 506 1410 608 1440; x_wconf 90' lang='lat' dir='ltr'>Noble</span> <span class='ocrx_word' id='word_1_243' title='bbox 626 1409 747 1448; x_wconf 88' lang='lat' dir='ltr'>Prince,</span> <span class='ocrx_word' id='word_1_244' title='bbox 773 1409 918 1440; x_wconf 80' lang='lat' dir='ltr'>Monsieur</span> <span class='ocrx_word' id='word_1_245' title='bbox 936 1409 1057 1440; x_wconf 71' lang='lat' dir='ltr'>Edward</span> <span class='ocrx_word' id='word_1_246' title='bbox 1073 1431 1082 1446; x_wconf 88' lang='lat'>,</span> <span class='ocrx_word' id='word_1_247' title='bbox 1108 1418 1155 1446; x_wconf 80' lang='lat' dir='ltr'>par</span> <span class='ocrx_word' id='word_1_248' title='bbox 1174 1408 1200 1438; x_wconf 88' lang='lat' dir='ltr'>la</span> 
     </span>
     <span class='ocr_line' id='line_1_38' title="bbox 213 1447 1200 1487; baseline -0.004 -8"><span class='ocrx_word' id='word_1_249' title='bbox 213 1448 309 1480; x_wconf 83' lang='lat' dir='ltr'>Gracc</span> <span class='ocrx_word' id='word_1_250' title='bbox 325 1450 360 1480; x_wconf 90' lang='lat' dir='ltr'>de</span> <span class='ocrx_word' id='word_1_251' title='bbox 379 1448 457 1480; x_wconf 90' lang='lat' dir='ltr'>Dieu</span> <span class='ocrx_word' id='word_1_252' title='bbox 476 1471 486 1487; x_wconf 84' lang='lat'>,</span> <span class='ocrx_word' id='word_1_253' title='bbox 508 1449 569 1479; x_wconf 92' lang='lat' dir='ltr'>Roi</span> <span class='ocrx_word' id='word_1_254' title='bbox 585 1448 777 1487; x_wconf 85' lang='lat' dir='ltr'>d&#39;Engleterre</span> <span class='ocrx_word' id='word_1_255' title='bbox 791 1471 801 1486; x_wconf 93' lang='lat'>,</span> <span class='ocrx_word' id='word_1_256' title='bbox 825 1449 961 1485; x_wconf 79' lang='lat' dir='ltr'>Seigneur</span> <span class='ocrx_word' id='word_1_257' title='bbox 977 1447 1146 1484; x_wconf 78' lang='lat' dir='ltr'>d&#39;lrelande,</span> <span class='ocrx_word' id='word_1_258' title='bbox 1166 1447 1200 1476; x_wconf 68' lang='grc' dir='ltr'>δε</span> 
     </span>
     <span class='ocr_line' id='line_1_39' title="bbox 135 1484 1200 1528; baseline -0.004 -11"><span class='ocrx_word' id='word_1_259' title='bbox 135 1485 205 1518; x_wconf 83' lang='lat' dir='ltr'>Duc</span> <span class='ocrx_word' id='word_1_260' title='bbox 227 1487 387 1528; x_wconf 84' lang='lat' dir='ltr'>d’Aquitain</span> <span class='ocrx_word' id='word_1_261' title='bbox 422 1488 513 1517; x_wconf 90' lang='lat' dir='ltr'>nostre</span> <span class='ocrx_word' id='word_1_262' title='bbox 529 1487 660 1517; x_wconf 86' lang='lat' dir='ltr'>treschier</span> <span class='ocrx_word' id='word_1_263' title='bbox 678 1488 710 1518; x_wconf 88' lang='lat'>&amp;</span> <span class='ocrx_word' id='word_1_264' title='bbox 729 1487 803 1518; x_wconf 83' lang='lat' dir='ltr'>Arne</span> <span class='ocrx_word' id='word_1_265' title='bbox 824 1486 920 1525; x_wconf 80' lang='lat' dir='ltr'>Oncl,</span> <span class='ocrx_word' id='word_1_266' title='bbox 935 1487 1053 1525; x_wconf 82' lang='lat' dir='ltr'>Jehans,</span> <span class='ocrx_word' id='word_1_267' title='bbox 1068 1495 1115 1522; x_wconf 87' lang='lat' dir='ltr'>per</span> <span class='ocrx_word' id='word_1_268' title='bbox 1130 1484 1200 1514; x_wconf 87' lang='lat' dir='ltr'>icele</span> 
     </span>
     <span class='ocr_line' id='line_1_40' title="bbox 135 1510 1201 1565; baseline -0.004 -9"><span class='ocrx_word' id='word_1_269' title='bbox 135 1526 252 1556; x_wconf 87' lang='lat' dir='ltr'>mesmes</span> <span class='ocrx_word' id='word_1_270' title='bbox 276 1536 373 1565; x_wconf 81' lang='lat' dir='ltr'>grace,</span> <span class='ocrx_word' id='word_1_271' title='bbox 394 1510 461 1557; x_wconf 73' lang='lat' dir='ltr'>Duc</span> <span class='ocrx_word' id='word_1_272' title='bbox 475 1525 510 1556; x_wconf 91' lang='lat' dir='ltr'>de</span> <span class='ocrx_word' id='word_1_273' title='bbox 526 1525 626 1556; x_wconf 86' lang='lat' dir='ltr'>Lothr.</span> <span class='ocrx_word' id='word_1_274' title='bbox 639 1525 674 1556; x_wconf 90' lang='lat' dir='ltr'>de</span> <span class='ocrx_word' id='word_1_275' title='bbox 689 1525 825 1564; x_wconf 87' lang='lat' dir='ltr'>Brabant,</span> <span class='ocrx_word' id='word_1_276' title='bbox 840 1526 872 1556; x_wconf 69' lang='lat' dir='ltr'>Sc</span> <span class='ocrx_word' id='word_1_277' title='bbox 892 1526 926 1556; x_wconf 87' lang='lat' dir='ltr'>de</span> <span class='ocrx_word' id='word_1_278' title='bbox 946 1522 1201 1561; x_wconf 84' lang='lat' dir='ltr'>Lembourgh,sa-</span> 
     </span>
    </p>
   </div>
   <div class='ocr_carea' id='block_1_13' title="bbox 87 1563 576 1602">
    <p class='ocr_par' dir='ltr' id='par_1_18' title="bbox 87 1563 576 1602">
     <span class='ocr_line' id='line_1_41' title="bbox 87 1563 576 1602; baseline -0.002 -6"><span class='ocrx_word' id='word_1_279' title='bbox 87 1591 98 1596; x_wconf 87' lang='lat'>-</span> <span class='ocrx_word' id='word_1_280' title='bbox 136 1563 194 1602; x_wconf 86' lang='lat' dir='ltr'>lus,</span> <span class='ocrx_word' id='word_1_281' title='bbox 208 1572 290 1595; x_wconf 87' lang='lat' dir='ltr'>avoet</span> <span class='ocrx_word' id='word_1_282' title='bbox 306 1565 427 1602; x_wconf 79' lang='lat' dir='ltr'>plauceit</span> <span class='ocrx_word' id='word_1_283' title='bbox 440 1564 576 1595; x_wconf 77' lang='lat' dir='ltr'>d&#39;amour.</span> 
     </span>
    </p>
   </div>
   <div class='ocr_carea' id='block_1_14' title="bbox 135 1601 1219 2950">
    <p class='ocr_par' dir='ltr' id='par_1_19' title="bbox 135 1601 1203 1871">
     <span class='ocr_line' id='line_1_42' title="bbox 174 1601 1200 1643; baseline -0.004 -10"><span class='ocrx_word' id='word_1_284' title='bbox 174 1602 338 1633; x_wconf 88' lang='lat' dir='ltr'>Treschiere</span> <span class='ocrx_word' id='word_1_285' title='bbox 358 1603 483 1641; x_wconf 86' lang='lat' dir='ltr'>Oncles,</span> <span class='ocrx_word' id='word_1_286' title='bbox 503 1613 573 1633; x_wconf 89' lang='lat' dir='ltr'>nous</span> <span class='ocrx_word' id='word_1_287' title='bbox 592 1612 678 1633; x_wconf 86' lang='lat' dir='ltr'>avons</span> <span class='ocrx_word' id='word_1_288' title='bbox 695 1603 762 1633; x_wconf 86' lang='lat' dir='ltr'>bien</span> <span class='ocrx_word' id='word_1_289' title='bbox 779 1601 917 1633; x_wconf 90' lang='lat' dir='ltr'>entendue</span> <span class='ocrx_word' id='word_1_290' title='bbox 935 1612 986 1632; x_wconf 87' lang='lat' dir='ltr'>vos</span> <span class='ocrx_word' id='word_1_291' title='bbox 1005 1601 1127 1642; x_wconf 68' lang='lat' dir='ltr'>Lettres,</span> <span class='ocrx_word' id='word_1_292' title='bbox 1147 1609 1200 1643; x_wconf 84' lang='lat' dir='ltr'>que</span> 
     </span>
     <span class='ocr_line' id='line_1_43' title="bbox 135 1639 1201 1678; baseline -0.005 -7"><span class='ocrx_word' id='word_1_293' title='bbox 135 1651 206 1672; x_wconf 87' lang='lat' dir='ltr'>vous</span> <span class='ocrx_word' id='word_1_294' title='bbox 223 1651 297 1671; x_wconf 87' lang='lat' dir='ltr'>nous</span> <span class='ocrx_word' id='word_1_295' title='bbox 313 1642 386 1672; x_wconf 87' lang='lat' dir='ltr'>aveis</span> <span class='ocrx_word' id='word_1_296' title='bbox 400 1643 512 1672; x_wconf 88' lang='lat' dir='ltr'>envoies</span> <span class='ocrx_word' id='word_1_297' title='bbox 525 1641 660 1671; x_wconf 82' lang='lat' dir='ltr'>d&#39;endrett</span> <span class='ocrx_word' id='word_1_298' title='bbox 674 1640 709 1671; x_wconf 92' lang='lat' dir='ltr'>de</span> <span class='ocrx_word' id='word_1_299' title='bbox 732 1640 840 1671; x_wconf 89' lang='lat' dir='ltr'>Robert</span> <span class='ocrx_word' id='word_1_300' title='bbox 861 1639 886 1670; x_wconf 91' lang='lat' dir='ltr'>le</span> <span class='ocrx_word' id='word_1_301' title='bbox 901 1640 982 1678; x_wconf 89' lang='lat' dir='ltr'>Brus,</span> <span class='ocrx_word' id='word_1_302' title='bbox 1004 1650 1020 1670; x_wconf 93' lang='lat' dir='ltr'>e</span> <span class='ocrx_word' id='word_1_303' title='bbox 1041 1639 1076 1670; x_wconf 94' lang='lat' dir='ltr'>de</span> <span class='ocrx_word' id='word_1_304' title='bbox 1094 1640 1132 1668; x_wconf 78' lang='lat' dir='ltr'>ies</span> <span class='ocrx_word' id='word_1_305' title='bbox 1148 1639 1201 1667; x_wconf 83' lang='grc' dir='ltr'>Αι-</span> 
     </span>
     <span class='ocr_line' id='line_1_44' title="bbox 135 1675 1201 1719; baseline -0.004 -8"><span class='ocrx_word' id='word_1_306' title='bbox 135 1680 202 1710; x_wconf 84' lang='grc'><strong>(13113</strong></span> <span class='ocrx_word' id='word_1_307' title='bbox 219 1680 253 1711; x_wconf 90' lang='lat'>&amp;</span> <span class='ocrx_word' id='word_1_308' title='bbox 266 1679 505 1717; x_wconf 72' lang='lat' dir='ltr'>Compaignons,</span> <span class='ocrx_word' id='word_1_309' title='bbox 523 1679 558 1709; x_wconf 92' lang='lat' dir='ltr'>de</span> <span class='ocrx_word' id='word_1_310' title='bbox 571 1679 655 1717; x_wconf 82' lang='lat' dir='ltr'>griefs</span> <span class='ocrx_word' id='word_1_311' title='bbox 672 1679 710 1717; x_wconf 88' lang='lat' dir='ltr'>qil</span> <span class='ocrx_word' id='word_1_312' title='bbox 725 1688 776 1709; x_wconf 85' lang='lat' dir='ltr'>ont</span> <span class='ocrx_word' id='word_1_313' title='bbox 792 1679 840 1708; x_wconf 84' lang='lat' dir='ltr'>fait</span> <span class='ocrx_word' id='word_1_314' title='bbox 863 1689 878 1709; x_wconf 91' lang='lat' dir='ltr'>a</span> <span class='ocrx_word' id='word_1_315' title='bbox 899 1688 970 1709; x_wconf 86' lang='lat' dir='ltr'>vous</span> <span class='ocrx_word' id='word_1_316' title='bbox 982 1701 991 1715; x_wconf 90' lang='lat'>,</span> <span class='ocrx_word' id='word_1_317' title='bbox 1012 1677 1157 1719; x_wconf 83' lang='lat' dir='ltr'>Monsieur</span> <span class='ocrx_word' id='word_1_318' title='bbox 1175 1675 1201 1707; x_wconf 88' lang='lat' dir='ltr'>le</span> 
     </span>
     <span class='ocr_line' id='line_1_45' title="bbox 136 1716 1202 1758; baseline -0.004 -9"><span class='ocrx_word' id='word_1_319' title='bbox 136 1718 214 1756; x_wconf 89' lang='lat' dir='ltr'>Roi,</span> <span class='ocrx_word' id='word_1_320' title='bbox 231 1718 322 1749; x_wconf 90' lang='lat' dir='ltr'>vostre</span> <span class='ocrx_word' id='word_1_321' title='bbox 337 1717 422 1756; x_wconf 81' lang='lat' dir='ltr'>Pere,</span> <span class='ocrx_word' id='word_1_322' title='bbox 439 1719 471 1749; x_wconf 75' lang='grc' dir='ltr'><strong>ὅ(</strong></span> <span class='ocrx_word' id='word_1_323' title='bbox 486 1717 581 1747; x_wconf 87' lang='lat' dir='ltr'>nostre</span> <span class='ocrx_word' id='word_1_324' title='bbox 601 1717 707 1755; x_wconf 81' lang='lat' dir='ltr'>Tayon</span> <span class='ocrx_word' id='word_1_325' title='bbox 736 1718 800 1753; x_wconf 81' lang='lat' dir='ltr'>(cui</span> <span class='ocrx_word' id='word_1_326' title='bbox 822 1716 894 1747; x_wconf 85' lang='lat' dir='ltr'>Dius</span> <span class='ocrx_word' id='word_1_327' title='bbox 914 1717 998 1746; x_wconf 86' lang='lat' dir='ltr'>sache</span> <span class='ocrx_word' id='word_1_328' title='bbox 1021 1717 1131 1746; x_wconf 87' lang='lat' dir='ltr'>merchi</span> <span class='ocrx_word' id='word_1_329' title='bbox 1141 1720 1150 1752; x_wconf 87' lang='lat'><em>)</em></span> <span class='ocrx_word' id='word_1_330' title='bbox 1174 1725 1202 1758; x_wconf 85' lang='lat' dir='ltr'>es</span> 
     </span>
     <span class='ocr_line' id='line_1_46' title="bbox 136 1753 1202 1795; baseline -0.003 -8"><span class='ocrx_word' id='word_1_331' title='bbox 136 1756 261 1795; x_wconf 89' lang='lat' dir='ltr'>Escoce,</span> <span class='ocrx_word' id='word_1_332' title='bbox 276 1756 310 1786; x_wconf 68' lang='grc' dir='ltr'>ὃς</span> <span class='ocrx_word' id='word_1_333' title='bbox 324 1757 378 1787; x_wconf 81' lang='lat' dir='ltr'>ausi</span> <span class='ocrx_word' id='word_1_334' title='bbox 396 1766 432 1786; x_wconf 89' lang='lat' dir='ltr'>en</span> <span class='ocrx_word' id='word_1_335' title='bbox 449 1756 541 1786; x_wconf 88' lang='lat' dir='ltr'>vostre</span> <span class='ocrx_word' id='word_1_336' title='bbox 560 1755 682 1785; x_wconf 85' lang='lat' dir='ltr'>Roiame</span> <span class='ocrx_word' id='word_1_337' title='bbox 698 1755 886 1794; x_wconf 83' lang='lat' dir='ltr'>d’Engleterre</span> <span class='ocrx_word' id='word_1_338' title='bbox 897 1779 907 1794; x_wconf 90' lang='lat'>,</span> <span class='ocrx_word' id='word_1_339' title='bbox 926 1767 941 1785; x_wconf 92' lang='lat' dir='ltr'>a</span> <span class='ocrx_word' id='word_1_340' title='bbox 959 1765 1029 1785; x_wconf 85' lang='lat' dir='ltr'>vous</span> <span class='ocrx_word' id='word_1_341' title='bbox 1045 1767 1055 1793; x_wconf 73' lang='lat'>3</span> <span class='ocrx_word' id='word_1_342' title='bbox 1076 1754 1111 1785; x_wconf 92' lang='lat' dir='ltr'>de</span> <span class='ocrx_word' id='word_1_343' title='bbox 1128 1753 1202 1792; x_wconf 79' lang='lat' dir='ltr'>queil</span> 
     </span>
     <span class='ocr_line' id='line_1_47' title="bbox 135 1792 1203 1835; baseline -0.003 -10"><span class='ocrx_word' id='word_1_344' title='bbox 135 1795 234 1834; x_wconf 82' lang='lat' dir='ltr'>griefs,</span> <span class='ocrx_word' id='word_1_345' title='bbox 246 1795 376 1835; x_wconf 85' lang='lat' dir='ltr'>damage,</span> <span class='ocrx_word' id='word_1_346' title='bbox 389 1793 492 1832; x_wconf 74' lang='lat' dir='ltr'>despit,</span> <span class='ocrx_word' id='word_1_347' title='bbox 514 1795 547 1825; x_wconf 88' lang='lat'>&amp;</span> <span class='ocrx_word' id='word_1_348' title='bbox 562 1793 720 1832; x_wconf 65' lang='lat' dir='ltr'>Ouzmgcs,</span> <span class='ocrx_word' id='word_1_349' title='bbox 747 1794 793 1832; x_wconf 86' lang='lat' dir='ltr'>q’il</span> <span class='ocrx_word' id='word_1_350' title='bbox 812 1804 880 1825; x_wconf 75' lang='lat' dir='ltr'>vous</span> <span class='ocrx_word' id='word_1_351' title='bbox 897 1803 947 1824; x_wconf 88' lang='lat' dir='ltr'>ont</span> <span class='ocrx_word' id='word_1_352' title='bbox 966 1794 1014 1824; x_wconf 64' lang='lat' dir='ltr'>fait</span> <span class='ocrx_word' id='word_1_353' title='bbox 1031 1794 1064 1825; x_wconf 89' lang='lat'>&amp;</span> <span class='ocrx_word' id='word_1_354' title='bbox 1081 1793 1160 1831; x_wconf 84' lang='lat' dir='ltr'>font,</span> <span class='ocrx_word' id='word_1_355' title='bbox 1184 1792 1203 1822; x_wconf 90' lang='lat' dir='ltr'>il</span> 
     </span>
     <span class='ocr_line' id='line_1_48' title="bbox 136 1831 1048 1871; baseline -0.002 -7"><span class='ocrx_word' id='word_1_356' title='bbox 136 1844 208 1865; x_wconf 88' lang='lat' dir='ltr'>nous</span> <span class='ocrx_word' id='word_1_357' title='bbox 225 1843 325 1864; x_wconf 87' lang='lat' dir='ltr'>amuue</span> <span class='ocrx_word' id='word_1_358' title='bbox 339 1834 372 1864; x_wconf 90' lang='lat'>&amp;</span> <span class='ocrx_word' id='word_1_359' title='bbox 386 1833 463 1870; x_wconf 89' lang='lat' dir='ltr'>poise</span> <span class='ocrx_word' id='word_1_360' title='bbox 478 1833 513 1863; x_wconf 89' lang='lat' dir='ltr'>de</span> <span class='ocrx_word' id='word_1_361' title='bbox 531 1841 592 1863; x_wconf 91' lang='lat' dir='ltr'>tout</span> <span class='ocrx_word' id='word_1_362' title='bbox 609 1843 648 1863; x_wconf 92' lang='lat' dir='ltr'>no</span> <span class='ocrx_word' id='word_1_363' title='bbox 664 1843 747 1870; x_wconf 89' lang='lat' dir='ltr'>cuer,</span> <span class='ocrx_word' id='word_1_364' title='bbox 765 1833 822 1862; x_wconf 80' lang='lat' dir='ltr'>ens]</span> <span class='ocrx_word' id='word_1_365' title='bbox 842 1843 896 1871; x_wconf 89' lang='lat' dir='ltr'>que</span> <span class='ocrx_word' id='word_1_366' title='bbox 911 1832 984 1863; x_wconf 86' lang='lat' dir='ltr'>drois</span> <span class='ocrx_word' id='word_1_367' title='bbox 999 1831 1048 1863; x_wconf 89' lang='lat' dir='ltr'>est.</span> 
     </span>
    </p>

    <p class='ocr_par' dir='ltr' id='par_1_20' title="bbox 137 1869 1205 2018">
     <span class='ocr_line' id='line_1_49' title="bbox 173 1869 1202 1910; baseline -0.002 -8"><span class='ocrx_word' id='word_1_368' title='bbox 173 1871 286 1902; x_wconf 87' lang='lat' dir='ltr'>D&#39;autre</span> <span class='ocrx_word' id='word_1_369' title='bbox 303 1881 364 1910; x_wconf 85' lang='lat' dir='ltr'>part</span> <span class='ocrx_word' id='word_1_370' title='bbox 381 1872 417 1902; x_wconf 89' lang='lat' dir='ltr'>de</span> <span class='ocrx_word' id='word_1_371' title='bbox 435 1882 507 1909; x_wconf 83' lang='lat' dir='ltr'>ceo,</span> <span class='ocrx_word' id='word_1_372' title='bbox 527 1882 581 1910; x_wconf 88' lang='lat' dir='ltr'>que</span> <span class='ocrx_word' id='word_1_373' title='bbox 599 1881 668 1902; x_wconf 91' lang='lat' dir='ltr'>vous</span> <span class='ocrx_word' id='word_1_374' title='bbox 693 1871 761 1901; x_wconf 84' lang='lat' dir='ltr'>dites</span> <span class='ocrx_word' id='word_1_375' title='bbox 781 1894 791 1909; x_wconf 87' lang='lat'>,</span> <span class='ocrx_word' id='word_1_376' title='bbox 826 1881 879 1909; x_wconf 89' lang='lat' dir='ltr'>que</span> <span class='ocrx_word' id='word_1_377' title='bbox 905 1871 996 1901; x_wconf 89' lang='lat' dir='ltr'>vostre</span> <span class='ocrx_word' id='word_1_378' title='bbox 1020 1870 1137 1902; x_wconf 81' lang='lat' dir='ltr'>Auernis</span> <span class='ocrx_word' id='word_1_379' title='bbox 1153 1869 1202 1900; x_wconf 86' lang='lat' dir='ltr'>des</span> 
     </span>
     <span class='ocr_line' id='line_1_50' title="bbox 137 1909 1205 1948; baseline -0.002 -7"><span class='ocrx_word' id='word_1_380' title='bbox 137 1909 247 1942; x_wconf 86' lang='lat' dir='ltr'>Escoce</span> <span class='ocrx_word' id='word_1_381' title='bbox 264 1910 442 1948; x_wconf 88' lang='lat' dir='ltr'>compairent</span> <span class='ocrx_word' id='word_1_382' title='bbox 459 1921 493 1940; x_wconf 91' lang='lat' dir='ltr'>en</span> <span class='ocrx_word' id='word_1_383' title='bbox 513 1910 605 1940; x_wconf 87' lang='lat' dir='ltr'>nostre</span> <span class='ocrx_word' id='word_1_384' title='bbox 624 1911 680 1948; x_wconf 71' lang='lat' dir='ltr'>pais</span> <span class='ocrx_word' id='word_1_385' title='bbox 698 1919 732 1939; x_wconf 89' lang='lat' dir='ltr'>en</span> <span class='ocrx_word' id='word_1_386' title='bbox 753 1909 893 1947; x_wconf 75' lang='lat' dir='ltr'>Brabant,</span> <span class='ocrx_word' id='word_1_387' title='bbox 920 1910 953 1940; x_wconf 86' lang='lat'>&amp;</span> <span class='ocrx_word' id='word_1_388' title='bbox 968 1910 1029 1940; x_wconf 89' lang='lat' dir='ltr'>sont</span> <span class='ocrx_word' id='word_1_389' title='bbox 1049 1910 1151 1941; x_wconf 89' lang='lat' dir='ltr'>recheu</span> <span class='ocrx_word' id='word_1_390' title='bbox 1169 1910 1205 1939; x_wconf 89' lang='lat' dir='ltr'>de</span> 
     </span>
     <span class='ocr_line' id='line_1_51' title="bbox 138 1947 1205 1987; baseline 0 -9"><span class='ocrx_word' id='word_1_391' title='bbox 138 1958 188 1986; x_wconf 88' lang='lat' dir='ltr'>per</span> <span class='ocrx_word' id='word_1_392' title='bbox 204 1959 324 1979; x_wconf 86' lang='lat' dir='ltr'>aucunes</span> <span class='ocrx_word' id='word_1_393' title='bbox 342 1947 426 1979; x_wconf 81' lang='lat' dir='ltr'>Gens</span> <span class='ocrx_word' id='word_1_394' title='bbox 437 1948 474 1979; x_wconf 90' lang='lat' dir='ltr'>de</span> <span class='ocrx_word' id='word_1_395' title='bbox 490 1948 584 1979; x_wconf 90' lang='lat' dir='ltr'>nostre</span> <span class='ocrx_word' id='word_1_396' title='bbox 600 1950 673 1987; x_wconf 63' lang='lat' dir='ltr'>pais‘²</span> <span class='ocrx_word' id='word_1_397' title='bbox 690 1947 763 1978; x_wconf 91' lang='lat' dir='ltr'>Tres</span> <span class='ocrx_word' id='word_1_398' title='bbox 782 1948 878 1979; x_wconf 83' lang='lat' dir='ltr'>cheres</span> <span class='ocrx_word' id='word_1_399' title='bbox 893 1948 1002 1979; x_wconf 87' lang='lat' dir='ltr'>Oncles</span> <span class='ocrx_word' id='word_1_400' title='bbox 1018 1971 1028 1987; x_wconf 85' lang='lat'>,</span> <span class='ocrx_word' id='word_1_401' title='bbox 1044 1948 1079 1979; x_wconf 89' lang='lat' dir='ltr'>de</span> <span class='ocrx_word' id='word_1_402' title='bbox 1097 1958 1151 1979; x_wconf 89' lang='lat' dir='ltr'>ceo</span> <span class='ocrx_word' id='word_1_403' title='bbox 1169 1958 1205 1978; x_wconf 90' lang='lat' dir='ltr'>ne</span> 
     </span>
     <span class='ocr_line' id='line_1_52' title="bbox 138 1986 440 2018; baseline 0 -1"><span class='ocrx_word' id='word_1_404' title='bbox 138 1986 247 2018; x_wconf 81' lang='lat' dir='ltr'>savoms</span> <span class='ocrx_word' id='word_1_405' title='bbox 266 1997 336 2018; x_wconf 88' lang='lat' dir='ltr'>nous</span> <span class='ocrx_word' id='word_1_406' title='bbox 354 1989 440 2018; x_wconf 88' lang='lat' dir='ltr'>nient.</span> 
     </span>
    </p>

    <p class='ocr_par' dir='ltr' id='par_1_21' title="bbox 139 2024 1209 2217">
     <span class='ocr_line' id='line_1_53' title="bbox 178 2024 1206 2065; baseline 0.001 -10"><span class='ocrx_word' id='word_1_407' title='bbox 178 2025 290 2056; x_wconf 87' lang='lat' dir='ltr'>D&#39;autre</span> <span class='ocrx_word' id='word_1_408' title='bbox 306 2034 364 2063; x_wconf 84' lang='lat' dir='ltr'>part</span> <span class='ocrx_word' id='word_1_409' title='bbox 379 2026 414 2056; x_wconf 90' lang='lat' dir='ltr'>de</span> <span class='ocrx_word' id='word_1_410' title='bbox 430 2036 501 2064; x_wconf 86' lang='lat' dir='ltr'>ceo,</span> <span class='ocrx_word' id='word_1_411' title='bbox 524 2036 578 2065; x_wconf 87' lang='lat' dir='ltr'>que</span> <span class='ocrx_word' id='word_1_412' title='bbox 594 2035 666 2056; x_wconf 89' lang='lat' dir='ltr'>vous</span> <span class='ocrx_word' id='word_1_413' title='bbox 687 2025 787 2064; x_wconf 85' lang='lat' dir='ltr'>dittes,</span> <span class='ocrx_word' id='word_1_414' title='bbox 807 2035 860 2063; x_wconf 88' lang='lat' dir='ltr'>que</span> <span class='ocrx_word' id='word_1_415' title='bbox 878 2035 928 2055; x_wconf 89' lang='lat' dir='ltr'>nos</span> <span class='ocrx_word' id='word_1_416' title='bbox 947 2024 1028 2055; x_wconf 86' lang='lat' dir='ltr'>Gens</span> <span class='ocrx_word' id='word_1_417' title='bbox 1054 2026 1093 2056; x_wconf 92' lang='lat' dir='ltr'>les</span> <span class='ocrx_word' id='word_1_418' title='bbox 1115 2025 1206 2056; x_wconf 86' lang='lat' dir='ltr'>aident</span> 
     </span>
     <span class='ocr_line' id='line_1_54' title="bbox 141 2063 1207 2101; baseline 0 -8"><span class='ocrx_word' id='word_1_419' title='bbox 141 2063 176 2093; x_wconf 84' lang='lat'>&amp;</span> <span class='ocrx_word' id='word_1_420' title='bbox 194 2065 353 2094; x_wconf 80' lang='lat' dir='ltr'>confortent</span> <span class='ocrx_word' id='word_1_421' title='bbox 374 2073 475 2094; x_wconf 83' lang='lat' dir='ltr'>contre</span> <span class='ocrx_word' id='word_1_422' title='bbox 496 2075 564 2095; x_wconf 87' lang='lat' dir='ltr'>vous</span> <span class='ocrx_word' id='word_1_423' title='bbox 581 2066 613 2095; x_wconf 70' lang='grc' dir='ltr'>ὃς</span> <span class='ocrx_word' id='word_1_424' title='bbox 629 2064 666 2094; x_wconf 90' lang='lat' dir='ltr'>les</span> <span class='ocrx_word' id='word_1_425' title='bbox 683 2064 803 2100; x_wconf 72' lang='lat' dir='ltr'>vostrcs&#39;3</span> <span class='ocrx_word' id='word_1_426' title='bbox 821 2064 854 2094; x_wconf 74' lang='grc' dir='ltr'>ὅτ.</span> <span class='ocrx_word' id='word_1_427' title='bbox 872 2064 924 2094; x_wconf 78' lang='lat' dir='ltr'>aus]</span> <span class='ocrx_word' id='word_1_428' title='bbox 943 2064 990 2101; x_wconf 81' lang='lat' dir='ltr'>q&#39;il</span> <span class='ocrx_word' id='word_1_429' title='bbox 1008 2064 1047 2094; x_wconf 86' lang='lat' dir='ltr'>les</span> <span class='ocrx_word' id='word_1_430' title='bbox 1065 2065 1207 2101; x_wconf 87' lang='lat' dir='ltr'>perveient</span> 
     </span>
     <span class='ocr_line' id='line_1_55' title="bbox 139 2101 1207 2140; baseline 0 -9"><span class='ocrx_word' id='word_1_431' title='bbox 139 2101 305 2139; x_wconf 78' lang='lat' dir='ltr'>d’armures,</span> <span class='ocrx_word' id='word_1_432' title='bbox 322 2103 358 2132; x_wconf 86' lang='lat' dir='ltr'>de</span> <span class='ocrx_word' id='word_1_433' title='bbox 375 2103 499 2133; x_wconf 82' lang='lat' dir='ltr'>vittailles</span> <span class='ocrx_word' id='word_1_434' title='bbox 548 2104 581 2133; x_wconf 86' lang='lat'>&amp;</span> <span class='ocrx_word' id='word_1_435' title='bbox 601 2102 716 2133; x_wconf 80' lang='lat' dir='ltr'>d&#39;autres</span> <span class='ocrx_word' id='word_1_436' title='bbox 734 2102 829 2132; x_wconf 82' lang='lat' dir='ltr'>choses</span> <span class='ocrx_word' id='word_1_437' title='bbox 844 2125 854 2140; x_wconf 95' lang='lat'>,</span> <span class='ocrx_word' id='word_1_438' title='bbox 880 2103 913 2132; x_wconf 87' lang='lat'>&amp;</span> <span class='ocrx_word' id='word_1_439' title='bbox 935 2103 1027 2139; x_wconf 89' lang='lat' dir='ltr'>permi</span> <span class='ocrx_word' id='word_1_440' title='bbox 1052 2102 1109 2133; x_wconf 89' lang='lat' dir='ltr'>leur</span> <span class='ocrx_word' id='word_1_441' title='bbox 1128 2101 1207 2132; x_wconf 82' lang='lat' dir='ltr'>Mar-</span> 
     </span>
     <span class='ocr_line' id='line_1_56' title="bbox 143 2125 1209 2179; baseline 0 -9"><span class='ocrx_word' id='word_1_442' title='bbox 143 2140 302 2177; x_wconf 74' lang='lat' dir='ltr'>clundises,</span> <span class='ocrx_word' id='word_1_443' title='bbox 318 2149 370 2171; x_wconf 88' lang='lat' dir='ltr'>tres</span> <span class='ocrx_word' id='word_1_444' title='bbox 387 2141 483 2171; x_wconf 88' lang='lat' dir='ltr'>cheres</span> <span class='ocrx_word' id='word_1_445' title='bbox 501 2125 667 2179; x_wconf 80' lang='lat' dir='ltr'>Oncles,de</span> <span class='ocrx_word' id='word_1_446' title='bbox 685 2151 740 2170; x_wconf 90' lang='lat' dir='ltr'>ceo</span> <span class='ocrx_word' id='word_1_447' title='bbox 760 2141 778 2159; x_wconf 43' lang='grc' dir='ltr'>*ἱ</span> <span class='ocrx_word' id='word_1_448' title='bbox 800 2139 847 2170; x_wconf 84' lang='lat' dir='ltr'>fait</span> <span class='ocrx_word' id='word_1_449' title='bbox 865 2150 936 2170; x_wconf 86' lang='lat' dir='ltr'>nous</span> <span class='ocrx_word' id='word_1_450' title='bbox 953 2150 988 2171; x_wconf 85' lang='lat' dir='ltr'>ne</span> <span class='ocrx_word' id='word_1_451' title='bbox 1007 2140 1113 2172; x_wconf 85' lang='lat' dir='ltr'>savoms</span> <span class='ocrx_word' id='word_1_452' title='bbox 1126 2141 1209 2178; x_wconf 77' lang='lat' dir='ltr'>riens,</span> 
     </span>
     <span class='ocr_line' id='line_1_57' title="bbox 140 2177 996 2217; baseline -0.002 -7"><span class='ocrx_word' id='word_1_453' title='bbox 140 2178 174 2210; x_wconf 68' lang='grc' dir='ltr'>δε</span> <span class='ocrx_word' id='word_1_454' title='bbox 209 2180 234 2208; x_wconf 89' lang='lat' dir='ltr'>se</span> <span class='ocrx_word' id='word_1_455' title='bbox 254 2178 272 2208; x_wconf 95' lang='grc'>11</span> <span class='ocrx_word' id='word_1_456' title='bbox 289 2179 314 2209; x_wconf 88' lang='lat' dir='ltr'>le</span> <span class='ocrx_word' id='word_1_457' title='bbox 331 2179 474 2217; x_wconf 86' lang='lat' dir='ltr'>feisoient,</span> <span class='ocrx_word' id='word_1_458' title='bbox 493 2189 548 2210; x_wconf 89' lang='lat' dir='ltr'>ceo</span> <span class='ocrx_word' id='word_1_459' title='bbox 566 2189 638 2210; x_wconf 88' lang='lat' dir='ltr'>nous</span> <span class='ocrx_word' id='word_1_460' title='bbox 663 2178 769 2217; x_wconf 91' lang='lat' dir='ltr'>pesoint</span> <span class='ocrx_word' id='word_1_461' title='bbox 787 2177 823 2208; x_wconf 90' lang='lat' dir='ltr'>de</span> <span class='ocrx_word' id='word_1_462' title='bbox 842 2179 901 2208; x_wconf 90' lang='lat' dir='ltr'>bon</span> <span class='ocrx_word' id='word_1_463' title='bbox 920 2189 996 2209; x_wconf 91' lang='lat' dir='ltr'>cuer.</span> 
     </span>
    </p>

    <p class='ocr_par' dir='ltr' id='par_1_22' title="bbox 138 2200 1210 2440">
     <span class='ocr_line' id='line_1_58' title="bbox 178 2200 1205 2257; baseline 0.001 -11"><span class='ocrx_word' id='word_1_464' title='bbox 178 2200 214 2247; x_wconf 52' lang='lat' dir='ltr'>Et</span> <span class='ocrx_word' id='word_1_465' title='bbox 231 2217 331 2248; x_wconf 74' lang='lat' dir='ltr'>Saches</span> <span class='ocrx_word' id='word_1_466' title='bbox 350 2228 402 2255; x_wconf 88' lang='lat' dir='ltr'>que</span> <span class='ocrx_word' id='word_1_467' title='bbox 418 2228 487 2247; x_wconf 90' lang='lat' dir='ltr'>nous</span> <span class='ocrx_word' id='word_1_468' title='bbox 503 2227 589 2248; x_wconf 86' lang='lat' dir='ltr'>avons</span> <span class='ocrx_word' id='word_1_469' title='bbox 612 2217 662 2248; x_wconf 86' lang='lat' dir='ltr'>fait</span> <span class='ocrx_word' id='word_1_470' title='bbox 689 2217 897 2247; x_wconf 74' lang='lat' dir='ltr'>Commandeir</span> <span class='ocrx_word' id='word_1_471' title='bbox 919 2216 962 2247; x_wconf 86' lang='lat' dir='ltr'>sur</span> <span class='ocrx_word' id='word_1_472' title='bbox 988 2227 1042 2248; x_wconf 88' lang='lat' dir='ltr'>ceo</span> <span class='ocrx_word' id='word_1_473' title='bbox 1062 2241 1074 2257; x_wconf 82' lang='lat'>,</span> <span class='ocrx_word' id='word_1_474' title='bbox 1101 2218 1135 2248; x_wconf 91' lang='lat'>&amp;</span> <span class='ocrx_word' id='word_1_475' title='bbox 1162 2217 1205 2248; x_wconf 90' lang='lat' dir='ltr'>sur</span> 
     </span>
     <span class='ocr_line' id='line_1_59' title="bbox 138 2255 1209 2294; baseline 0.003 -10"><span class='ocrx_word' id='word_1_476' title='bbox 138 2256 232 2293; x_wconf 80' lang='lat' dir='ltr'>avoir,</span> <span class='ocrx_word' id='word_1_477' title='bbox 250 2265 299 2293; x_wconf 87' lang='lat' dir='ltr'>per</span> <span class='ocrx_word' id='word_1_478' title='bbox 321 2257 346 2286; x_wconf 91' lang='lat' dir='ltr'>le</span> <span class='ocrx_word' id='word_1_479' title='bbox 364 2255 481 2285; x_wconf 89' lang='lat' dir='ltr'>Conseil</span> <span class='ocrx_word' id='word_1_480' title='bbox 500 2264 734 2286; x_wconf 86' lang='lat' dir='ltr'>communement</span> <span class='ocrx_word' id='word_1_481' title='bbox 751 2255 787 2285; x_wconf 92' lang='lat' dir='ltr'>de</span> <span class='ocrx_word' id='word_1_482' title='bbox 806 2255 897 2285; x_wconf 87' lang='lat' dir='ltr'>nostre</span> <span class='ocrx_word' id='word_1_483' title='bbox 918 2255 992 2294; x_wconf 88' lang='lat' dir='ltr'>pais,</span> <span class='ocrx_word' id='word_1_484' title='bbox 1014 2257 1047 2286; x_wconf 75' lang='grc' dir='ltr'><strong>ὅ(</strong></span> <span class='ocrx_word' id='word_1_485' title='bbox 1061 2258 1108 2287; x_wconf 87' lang='lat' dir='ltr'>des</span> <span class='ocrx_word' id='word_1_486' title='bbox 1121 2257 1209 2287; x_wconf 89' lang='lat' dir='ltr'>bones</span> 
     </span>
     <span class='ocr_line' id='line_1_60' title="bbox 143 2292 1209 2332; baseline 0.002 -9"><span class='ocrx_word' id='word_1_487' title='bbox 143 2293 245 2331; x_wconf 86' lang='lat' dir='ltr'>Villes,</span> <span class='ocrx_word' id='word_1_488' title='bbox 266 2304 320 2331; x_wconf 85' lang='lat' dir='ltr'>que</span> <span class='ocrx_word' id='word_1_489' title='bbox 340 2294 386 2323; x_wconf 87' lang='lat' dir='ltr'>nul</span> <span class='ocrx_word' id='word_1_490' title='bbox 405 2304 441 2323; x_wconf 87' lang='lat' dir='ltr'>ne</span> <span class='ocrx_word' id='word_1_491' title='bbox 457 2294 509 2324; x_wconf 91' lang='lat' dir='ltr'>soit</span> <span class='ocrx_word' id='word_1_492' title='bbox 527 2294 545 2323; x_wconf 80' lang='lat' dir='ltr'>si</span> <span class='ocrx_word' id='word_1_493' title='bbox 563 2293 667 2331; x_wconf 81' lang='lat' dir='ltr'>hardis,</span> <span class='ocrx_word' id='word_1_494' title='bbox 685 2304 721 2323; x_wconf 88' lang='lat' dir='ltr'>en</span> <span class='ocrx_word' id='word_1_495' title='bbox 737 2292 831 2323; x_wconf 87' lang='lat' dir='ltr'>nostre</span> <span class='ocrx_word' id='word_1_496' title='bbox 851 2295 979 2332; x_wconf 69' lang='lat' dir='ltr'>pais,qui</span> <span class='ocrx_word' id='word_1_497' title='bbox 998 2297 1109 2326; x_wconf 90' lang='lat' dir='ltr'>receive</span> <span class='ocrx_word' id='word_1_498' title='bbox 1129 2306 1209 2326; x_wconf 87' lang='lat' dir='ltr'>ceaus</span> 
     </span>
     <span class='ocr_line' id='line_1_61' title="bbox 142 2331 1210 2370; baseline 0.001 -8"><span class='ocrx_word' id='word_1_499' title='bbox 142 2331 191 2362; x_wconf 83' lang='lat' dir='ltr'>des</span> <span class='ocrx_word' id='word_1_500' title='bbox 208 2331 329 2370; x_wconf 86' lang='lat' dir='ltr'>Escoce,</span> <span class='ocrx_word' id='word_1_501' title='bbox 346 2342 381 2362; x_wconf 91' lang='lat' dir='ltr'>ne</span> <span class='ocrx_word' id='word_1_502' title='bbox 400 2332 447 2370; x_wconf 88' lang='lat' dir='ltr'>qui</span> <span class='ocrx_word' id='word_1_503' title='bbox 466 2332 541 2362; x_wconf 90' lang='lat' dir='ltr'>voise</span> <span class='ocrx_word' id='word_1_504' title='bbox 558 2342 593 2362; x_wconf 89' lang='lat' dir='ltr'>en</span> <span class='ocrx_word' id='word_1_505' title='bbox 611 2331 735 2370; x_wconf 82' lang='lat' dir='ltr'>Escoce,</span> <span class='ocrx_word' id='word_1_506' title='bbox 754 2341 790 2362; x_wconf 87' lang='lat' dir='ltr'>ne</span> <span class='ocrx_word' id='word_1_507' title='bbox 808 2333 901 2362; x_wconf 84' lang='lat' dir='ltr'>maine</span> <span class='ocrx_word' id='word_1_508' title='bbox 915 2355 925 2370; x_wconf 90' lang='lat'>,</span> <span class='ocrx_word' id='word_1_509' title='bbox 947 2342 982 2362; x_wconf 91' lang='lat' dir='ltr'>ne</span> <span class='ocrx_word' id='word_1_510' title='bbox 1003 2332 1085 2363; x_wconf 86' lang='lat' dir='ltr'>fache</span> <span class='ocrx_word' id='word_1_511' title='bbox 1102 2336 1210 2363; x_wconf 87' lang='lat' dir='ltr'>meneir</span> 
     </span>
     <span class='ocr_line' id='line_1_62' title="bbox 139 2369 1210 2411; baseline 0.002 -11"><span class='ocrx_word' id='word_1_512' title='bbox 139 2370 255 2400; x_wconf 78' lang='lat' dir='ltr'>dcnrees</span> <span class='ocrx_word' id='word_1_513' title='bbox 278 2381 313 2401; x_wconf 90' lang='lat' dir='ltr'>ne</span> <span class='ocrx_word' id='word_1_514' title='bbox 338 2370 562 2410; x_wconf 75' lang='lat' dir='ltr'>Marchand&#39;ises,</span> <span class='ocrx_word' id='word_1_515' title='bbox 582 2380 634 2409; x_wconf 84' lang='lat' dir='ltr'>por</span> <span class='ocrx_word' id='word_1_516' title='bbox 652 2381 715 2401; x_wconf 80' lang='lat' dir='ltr'>eaus</span> <span class='ocrx_word' id='word_1_517' title='bbox 733 2369 921 2401; x_wconf 83' lang='lat' dir='ltr'>reconforteir</span> <span class='ocrx_word' id='word_1_518' title='bbox 945 2379 1045 2401; x_wconf 89' lang='lat' dir='ltr'>contre</span> <span class='ocrx_word' id='word_1_519' title='bbox 1065 2382 1156 2411; x_wconf 81' lang='lat' dir='ltr'>vous,</span> <span class='ocrx_word' id='word_1_520' title='bbox 1174 2381 1210 2402; x_wconf 91' lang='lat' dir='ltr'>ne</span> 
     </span>
     <span class='ocr_line' id='line_1_63' title="bbox 142 2408 410 2440; baseline -0.004 0"><span class='ocrx_word' id='word_1_521' title='bbox 142 2417 242 2440; x_wconf 80' lang='lat' dir='ltr'>contre</span> <span class='ocrx_word' id='word_1_522' title='bbox 256 2419 306 2439; x_wconf 88' lang='lat' dir='ltr'>vos</span> <span class='ocrx_word' id='word_1_523' title='bbox 320 2408 410 2439; x_wconf 89' lang='lat' dir='ltr'>Gens.</span> 
     </span>
    </p>

    <p class='ocr_par' dir='ltr' id='par_1_23' title="bbox 141 2446 1210 2524">
     <span class='ocr_line' id='line_1_64' title="bbox 179 2446 1210 2488; baseline 0.003 -12"><span class='ocrx_word' id='word_1_524' title='bbox 179 2446 296 2478; x_wconf 86' lang='lat' dir='ltr'>D&#39;autre</span> <span class='ocrx_word' id='word_1_525' title='bbox 313 2456 373 2485; x_wconf 84' lang='lat' dir='ltr'>part</span> <span class='ocrx_word' id='word_1_526' title='bbox 389 2448 518 2486; x_wconf 73' lang='lat' dir='ltr'>Sachies,</span> <span class='ocrx_word' id='word_1_527' title='bbox 535 2458 606 2487; x_wconf 90' lang='lat' dir='ltr'>que,</span> <span class='ocrx_word' id='word_1_528' title='bbox 629 2447 668 2478; x_wconf 93' lang='lat' dir='ltr'>cil</span> <span class='ocrx_word' id='word_1_529' title='bbox 695 2446 830 2478; x_wconf 88' lang='lat' dir='ltr'>d’Escoce</span> <span class='ocrx_word' id='word_1_530' title='bbox 851 2455 903 2477; x_wconf 89' lang='lat' dir='ltr'>ont</span> <span class='ocrx_word' id='word_1_531' title='bbox 922 2447 972 2479; x_wconf 90' lang='lat' dir='ltr'>fait</span> <span class='ocrx_word' id='word_1_532' title='bbox 988 2456 1051 2488; x_wconf 85' lang='lat' dir='ltr'>trop</span> <span class='ocrx_word' id='word_1_533' title='bbox 1071 2456 1151 2486; x_wconf 82' lang='lat' dir='ltr'>grant</span> <span class='ocrx_word' id='word_1_534' title='bbox 1173 2459 1210 2479; x_wconf 87' lang='lat' dir='ltr'>en</span> 
     </span>
     <span class='ocr_line' id='line_1_65' title="bbox 141 2484 824 2524; baseline 0.001 -9"><span class='ocrx_word' id='word_1_535' title='bbox 141 2484 236 2516; x_wconf 89' lang='lat' dir='ltr'>nostre</span> <span class='ocrx_word' id='word_1_536' title='bbox 253 2487 328 2524; x_wconf 84' lang='lat' dir='ltr'>pais,</span> <span class='ocrx_word' id='word_1_537' title='bbox 345 2486 365 2516; x_wconf 92' lang='lat' dir='ltr'>il</span> <span class='ocrx_word' id='word_1_538' title='bbox 383 2497 420 2517; x_wconf 91' lang='lat' dir='ltr'>en</span> <span class='ocrx_word' id='word_1_539' title='bbox 438 2487 556 2517; x_wconf 89' lang='lat' dir='ltr'>seroient</span> <span class='ocrx_word' id='word_1_540' title='bbox 575 2486 692 2517; x_wconf 87' lang='lat' dir='ltr'>areisteit</span> <span class='ocrx_word' id='word_1_541' title='bbox 709 2487 743 2517; x_wconf 92' lang='lat'>&amp;</span> <span class='ocrx_word' id='word_1_542' title='bbox 762 2487 824 2523; x_wconf 88' lang='lat' dir='ltr'>pris.</span> 
     </span>
    </p>

    <p class='ocr_par' dir='ltr' id='par_1_24' title="bbox 142 2524 1214 2680">
     <span class='ocr_line' id='line_1_66' title="bbox 179 2524 1212 2564; baseline 0.002 -10"><span class='ocrx_word' id='word_1_543' title='bbox 179 2524 216 2555; x_wconf 91' lang='lat' dir='ltr'>Et</span> <span class='ocrx_word' id='word_1_544' title='bbox 235 2526 434 2556; x_wconf 89' lang='lat' dir='ltr'>certeinement</span> <span class='ocrx_word' id='word_1_545' title='bbox 451 2536 521 2557; x_wconf 88' lang='lat' dir='ltr'>nous</span> <span class='ocrx_word' id='word_1_546' title='bbox 536 2536 571 2555; x_wconf 92' lang='lat' dir='ltr'>ne</span> <span class='ocrx_word' id='word_1_547' title='bbox 590 2525 711 2556; x_wconf 83' lang='lat' dir='ltr'>defirons</span> <span class='ocrx_word' id='word_1_548' title='bbox 729 2525 806 2557; x_wconf 92' lang='lat' dir='ltr'>avoir</span> <span class='ocrx_word' id='word_1_549' title='bbox 821 2535 836 2555; x_wconf 87' lang='lat' dir='ltr'>a</span> <span class='ocrx_word' id='word_1_550' title='bbox 855 2534 925 2555; x_wconf 90' lang='lat' dir='ltr'>vous</span> <span class='ocrx_word' id='word_1_551' title='bbox 945 2547 955 2563; x_wconf 90' lang='lat'>,</span> <span class='ocrx_word' id='word_1_552' title='bbox 990 2535 1026 2555; x_wconf 93' lang='lat' dir='ltr'>ne</span> <span class='ocrx_word' id='word_1_553' title='bbox 1052 2536 1069 2556; x_wconf 89' lang='lat' dir='ltr'>a</span> <span class='ocrx_word' id='word_1_554' title='bbox 1090 2524 1212 2564; x_wconf 82' lang='lat' dir='ltr'>vostreS,</span> 
     </span>
     <span class='ocr_line' id='line_1_67' title="bbox 142 2561 1214 2603; baseline -0.001 -8"><span class='ocrx_word' id='word_1_555' title='bbox 142 2561 199 2595; x_wconf 81' lang='lat' dir='ltr'>fors</span> <span class='ocrx_word' id='word_1_556' title='bbox 218 2573 271 2600; x_wconf 85' lang='lat' dir='ltr'>que</span> <span class='ocrx_word' id='word_1_557' title='bbox 286 2565 345 2594; x_wconf 92' lang='lat' dir='ltr'>bon</span> <span class='ocrx_word' id='word_1_558' title='bbox 360 2573 475 2603; x_wconf 81' lang='lat' dir='ltr'>amour,</span> <span class='ocrx_word' id='word_1_559' title='bbox 492 2565 525 2595; x_wconf 72' lang='grc' dir='ltr'>δε</span> <span class='ocrx_word' id='word_1_560' title='bbox 544 2574 614 2594; x_wconf 87' lang='lat' dir='ltr'>vous</span> <span class='ocrx_word' id='word_1_561' title='bbox 633 2564 715 2594; x_wconf 88' lang='lat' dir='ltr'>servir</span> <span class='ocrx_word' id='word_1_562' title='bbox 730 2575 740 2602; x_wconf 78' lang='lat'>3</span> <span class='ocrx_word' id='word_1_563' title='bbox 771 2573 852 2601; x_wconf 89' lang='lat' dir='ltr'>quare</span> <span class='ocrx_word' id='word_1_564' title='bbox 879 2573 950 2594; x_wconf 85' lang='lat' dir='ltr'>nous</span> <span class='ocrx_word' id='word_1_565' title='bbox 976 2573 1012 2593; x_wconf 89' lang='lat' dir='ltr'>en</span> <span class='ocrx_word' id='word_1_566' title='bbox 1030 2563 1119 2594; x_wconf 88' lang='lat' dir='ltr'>fomes</span> <span class='ocrx_word' id='word_1_567' title='bbox 1134 2573 1214 2594; x_wconf 89' lang='lat' dir='ltr'>tenus</span> 
     </span>
     <span class='ocr_line' id='line_1_68' title="bbox 142 2601 1214 2641; baseline 0.003 -10"><span class='ocrx_word' id='word_1_568' title='bbox 142 2602 178 2632; x_wconf 62' lang='grc' dir='ltr'>ὃς</span> <span class='ocrx_word' id='word_1_569' title='bbox 195 2612 243 2632; x_wconf 87' lang='lat' dir='ltr'>ore</span> <span class='ocrx_word' id='word_1_570' title='bbox 268 2624 278 2641; x_wconf 87' lang='lat'>‚</span> <span class='ocrx_word' id='word_1_571' title='bbox 309 2603 343 2633; x_wconf 92' lang='lat'>&amp;</span> <span class='ocrx_word' id='word_1_572' title='bbox 367 2602 470 2634; x_wconf 91' lang='lat' dir='ltr'>tousdis</span> <span class='ocrx_word' id='word_1_573' title='bbox 495 2602 607 2634; x_wconf 90' lang='lat' dir='ltr'>voloms</span> <span class='ocrx_word' id='word_1_574' title='bbox 625 2612 695 2633; x_wconf 91' lang='lat' dir='ltr'>nous</span> <span class='ocrx_word' id='word_1_575' title='bbox 714 2601 784 2633; x_wconf 84' lang='lat' dir='ltr'>estre</span> <span class='ocrx_word' id='word_1_576' title='bbox 801 2601 958 2640; x_wconf 82' lang='lat' dir='ltr'>apparaillet</span> <span class='ocrx_word' id='word_1_577' title='bbox 980 2602 1016 2632; x_wconf 90' lang='lat' dir='ltr'>de</span> <span class='ocrx_word' id='word_1_578' title='bbox 1034 2601 1101 2633; x_wconf 78' lang='lat' dir='ltr'>faire</span> <span class='ocrx_word' id='word_1_579' title='bbox 1121 2602 1214 2634; x_wconf 89' lang='lat' dir='ltr'>vostre</span> 
     </span>
     <span class='ocr_line' id='line_1_69' title="bbox 143 2639 484 2680; baseline 0.006 -11"><span class='ocrx_word' id='word_1_580' title='bbox 143 2639 251 2678; x_wconf 79' lang='lat' dir='ltr'>plaisir,</span> <span class='ocrx_word' id='word_1_581' title='bbox 267 2651 282 2671; x_wconf 86' lang='lat' dir='ltr'>a</span> <span class='ocrx_word' id='word_1_582' title='bbox 296 2640 390 2672; x_wconf 89' lang='lat' dir='ltr'>nostre</span> <span class='ocrx_word' id='word_1_583' title='bbox 408 2652 484 2680; x_wconf 84' lang='lat' dir='ltr'>poet.</span> 
     </span>
    </p>

    <p class='ocr_par' dir='ltr' id='par_1_25' title="bbox 146 2677 1219 2912">
     <span class='ocr_line' id='line_1_70' title="bbox 182 2677 1215 2719; baseline 0.002 -11"><span class='ocrx_word' id='word_1_584' title='bbox 182 2677 219 2708; x_wconf 92' lang='lat' dir='ltr'>Et</span> <span class='ocrx_word' id='word_1_585' title='bbox 235 2689 304 2709; x_wconf 91' lang='lat' dir='ltr'>vous</span> <span class='ocrx_word' id='word_1_586' title='bbox 321 2681 428 2718; x_wconf 87' lang='lat' dir='ltr'>prioms</span> <span class='ocrx_word' id='word_1_587' title='bbox 444 2691 498 2719; x_wconf 89' lang='lat' dir='ltr'>que</span> <span class='ocrx_word' id='word_1_588' title='bbox 516 2690 586 2711; x_wconf 80' lang='lat' dir='ltr'>vous</span> <span class='ocrx_word' id='word_1_589' title='bbox 603 2690 638 2710; x_wconf 92' lang='lat' dir='ltr'>ne</span> <span class='ocrx_word' id='word_1_590' title='bbox 657 2678 820 2717; x_wconf 86' lang='lat' dir='ltr'>voillegnue</span> <span class='ocrx_word' id='word_1_591' title='bbox 838 2680 915 2710; x_wconf 89' lang='lat' dir='ltr'>croir</span> <span class='ocrx_word' id='word_1_592' title='bbox 934 2688 1014 2710; x_wconf 63' lang='lat' dir='ltr'>cesus</span> <span class='ocrx_word' id='word_1_593' title='bbox 1029 2702 1040 2718; x_wconf 80' lang='lat'>,</span> <span class='ocrx_word' id='word_1_594' title='bbox 1072 2690 1127 2718; x_wconf 87' lang='lat' dir='ltr'>que</span> <span class='ocrx_word' id='word_1_595' title='bbox 1145 2690 1215 2717; x_wconf 80' lang='lat' dir='ltr'>vous</span> 
     </span>
     <span class='ocr_line' id='line_1_71' title="bbox 146 2716 1217 2756; baseline 0.001 -9"><span class='ocrx_word' id='word_1_596' title='bbox 146 2716 224 2747; x_wconf 87' lang='lat' dir='ltr'>dient</span> <span class='ocrx_word' id='word_1_597' title='bbox 242 2727 295 2755; x_wconf 87' lang='lat' dir='ltr'>que</span> <span class='ocrx_word' id='word_1_598' title='bbox 316 2718 409 2749; x_wconf 90' lang='lat' dir='ltr'>vostre</span> <span class='ocrx_word' id='word_1_599' title='bbox 429 2719 548 2750; x_wconf 89' lang='lat' dir='ltr'>Anemis</span> <span class='ocrx_word' id='word_1_600' title='bbox 564 2718 706 2749; x_wconf 87' lang='lat' dir='ltr'>devantdit</span> <span class='ocrx_word' id='word_1_601' title='bbox 723 2718 811 2749; x_wconf 87' lang='lat' dir='ltr'>soient</span> <span class='ocrx_word' id='word_1_602' title='bbox 835 2728 885 2756; x_wconf 87' lang='lat' dir='ltr'>per</span> <span class='ocrx_word' id='word_1_603' title='bbox 904 2728 956 2748; x_wconf 87' lang='lat' dir='ltr'>nos</span> <span class='ocrx_word' id='word_1_604' title='bbox 975 2717 1056 2749; x_wconf 89' lang='lat' dir='ltr'>Gens</span> <span class='ocrx_word' id='word_1_605' title='bbox 1073 2718 1217 2749; x_wconf 83' lang='lat' dir='ltr'>reconfor-</span> 
     </span>
     <span class='ocr_line' id='line_1_72' title="bbox 147 2756 941 2793; baseline 0.003 -8"><span class='ocrx_word' id='word_1_606' title='bbox 147 2756 211 2785; x_wconf 92' lang='lat' dir='ltr'>teit·</span> <span class='ocrx_word' id='word_1_607' title='bbox 232 2766 317 2793; x_wconf 87' lang='lat' dir='ltr'>quare</span> <span class='ocrx_word' id='word_1_608' title='bbox 335 2767 404 2788; x_wconf 88' lang='lat' dir='ltr'>vous</span> <span class='ocrx_word' id='word_1_609' title='bbox 419 2768 456 2788; x_wconf 93' lang='lat' dir='ltr'>ne</span> <span class='ocrx_word' id='word_1_610' title='bbox 475 2758 501 2788; x_wconf 90' lang='lat' dir='ltr'>le</span> <span class='ocrx_word' id='word_1_611' title='bbox 517 2758 667 2788; x_wconf 88' lang='lat' dir='ltr'>trouvereis</span> <span class='ocrx_word' id='word_1_612' title='bbox 685 2758 741 2788; x_wconf 88' lang='lat' dir='ltr'>mie</span> <span class='ocrx_word' id='word_1_613' title='bbox 759 2767 795 2787; x_wconf 86' lang='lat' dir='ltr'>en</span> <span class='ocrx_word' id='word_1_614' title='bbox 814 2758 941 2788; x_wconf 88' lang='lat' dir='ltr'>viretetz.</span> 
     </span>
     <span class='ocr_line' id='line_1_73' title="bbox 186 2779 1218 2836; baseline 0.002 -13"><span class='ocrx_word' id='word_1_615' title='bbox 186 2779 293 2836; x_wconf 73' lang='lat' dir='ltr'>¹Gheres</span> <span class='ocrx_word' id='word_1_616' title='bbox 312 2794 434 2833; x_wconf 81' lang='lat' dir='ltr'>Oncles,</span> <span class='ocrx_word' id='word_1_617' title='bbox 454 2796 488 2826; x_wconf 91' lang='lat'>&amp;</span> <span class='ocrx_word' id='word_1_618' title='bbox 505 2806 555 2826; x_wconf 85' lang='lat' dir='ltr'>ore</span> <span class='ocrx_word' id='word_1_619' title='bbox 572 2796 674 2827; x_wconf 88' lang='lat' dir='ltr'>tousdis</span> <span class='ocrx_word' id='word_1_620' title='bbox 691 2806 763 2826; x_wconf 91' lang='lat' dir='ltr'>nous</span> <span class='ocrx_word' id='word_1_621' title='bbox 778 2795 876 2826; x_wconf 87' lang='lat' dir='ltr'>voilles</span> <span class='ocrx_word' id='word_1_622' title='bbox 900 2795 1027 2827; x_wconf 90' lang='lat' dir='ltr'>mandeir</span> <span class='ocrx_word' id='word_1_623' title='bbox 1045 2795 1080 2827; x_wconf 91' lang='lat'>&amp;</span> <span class='ocrx_word' id='word_1_624' title='bbox 1097 2805 1218 2827; x_wconf 89' lang='lat' dir='ltr'>coman-</span> 
     </span>
     <span class='ocr_line' id='line_1_74' title="bbox 149 2829 1219 2873; baseline 0.004 -13"><span class='ocrx_word' id='word_1_625' title='bbox 149 2829 208 2861; x_wconf 72' lang='lat' dir='ltr'>deir</span> <span class='ocrx_word' id='word_1_626' title='bbox 225 2831 318 2862; x_wconf 86' lang='lat' dir='ltr'>vostre</span> <span class='ocrx_word' id='word_1_627' title='bbox 336 2834 487 2873; x_wconf 73' lang='lat' dir='ltr'>volenteit3</span> <span class='ocrx_word' id='word_1_628' title='bbox 504 2835 530 2865; x_wconf 90' lang='lat' dir='ltr'>le</span> <span class='ocrx_word' id='word_1_629' title='bbox 548 2835 627 2872; x_wconf 87' lang='lat' dir='ltr'>quele</span> <span class='ocrx_word' id='word_1_630' title='bbox 657 2844 727 2865; x_wconf 87' lang='lat' dir='ltr'>nous</span> <span class='ocrx_word' id='word_1_631' title='bbox 743 2833 866 2865; x_wconf 87' lang='lat' dir='ltr'>sommes</span> <span class='ocrx_word' id='word_1_632' title='bbox 882 2833 1041 2872; x_wconf 86' lang='lat' dir='ltr'>apparillete</span> <span class='ocrx_word' id='word_1_633' title='bbox 1060 2834 1095 2865; x_wconf 92' lang='lat' dir='ltr'>de</span> <span class='ocrx_word' id='word_1_634' title='bbox 1116 2834 1219 2872; x_wconf 87' lang='lat' dir='ltr'>emplir</span> 
     </span>
     <span class='ocr_line' id='line_1_75' title="bbox 147 2869 949 2912; baseline 0.002 -11"><span class='ocrx_word' id='word_1_635' title='bbox 147 2879 164 2901; x_wconf 84' lang='lat' dir='ltr'>a</span> <span class='ocrx_word' id='word_1_636' title='bbox 181 2869 273 2900; x_wconf 90' lang='lat' dir='ltr'>nostre</span> <span class='ocrx_word' id='word_1_637' title='bbox 289 2873 388 2910; x_wconf 86' lang='lat' dir='ltr'>pooir,</span> <span class='ocrx_word' id='word_1_638' title='bbox 403 2883 456 2912; x_wconf 90' lang='lat' dir='ltr'>que</span> <span class='ocrx_word' id='word_1_639' title='bbox 472 2874 546 2904; x_wconf 86' lang='lat' dir='ltr'>drois</span> <span class='ocrx_word' id='word_1_640' title='bbox 557 2873 615 2911; x_wconf 72' lang='lat' dir='ltr'>est,</span> <span class='ocrx_word' id='word_1_641' title='bbox 631 2873 664 2903; x_wconf 92' lang='lat'>&amp;</span> <span class='ocrx_word' id='word_1_642' title='bbox 679 2872 751 2903; x_wconf 90' lang='lat' dir='ltr'>Dius</span> <span class='ocrx_word' id='word_1_643' title='bbox 765 2883 837 2904; x_wconf 89' lang='lat' dir='ltr'>vous</span> <span class='ocrx_word' id='word_1_644' title='bbox 854 2872 949 2905; x_wconf 84' lang='lat' dir='ltr'>Wart.</span> 
     </span>
    </p>

    <p class='ocr_par' dir='ltr' id='par_1_26' title="bbox 186 2907 1110 2950">
     <span class='ocr_line' id='line_1_76' title="bbox 186 2907 1110 2950; baseline 0.002 -11"><span class='ocrx_word' id='word_1_645' title='bbox 186 2907 290 2938; x_wconf 85' lang='lat' dir='ltr'>Donn.</span> <span class='ocrx_word' id='word_1_646' title='bbox 307 2920 324 2940; x_wconf 90' lang='lat' dir='ltr'>a</span> <span class='ocrx_word' id='word_1_647' title='bbox 341 2909 489 2949; x_wconf 86' lang='lat' dir='ltr'>Tonamg.</span> <span class='ocrx_word' id='word_1_648' title='bbox 507 2911 532 2943; x_wconf 80' lang='lat' dir='ltr'>la</span> <span class='ocrx_word' id='word_1_649' title='bbox 547 2913 610 2942; x_wconf 90' lang='lat' dir='ltr'>nuit</span> <span class='ocrx_word' id='word_1_650' title='bbox 626 2911 705 2942; x_wconf 86' lang='lat' dir='ltr'>Seint</span> <span class='ocrx_word' id='word_1_651' title='bbox 723 2910 863 2950; x_wconf 88' lang='lat' dir='ltr'>Phillippe</span> <span class='ocrx_word' id='word_1_652' title='bbox 880 2912 913 2942; x_wconf 69' lang='grc' dir='ltr'>ὃς</span> <span class='ocrx_word' id='word_1_653' title='bbox 938 2911 1017 2942; x_wconf 90' lang='lat' dir='ltr'>Seint</span> <span class='ocrx_word' id='word_1_654' title='bbox 1032 2911 1110 2950; x_wconf 88' lang='lat' dir='ltr'>Jake.</span> 
     </span>
    </p>
   </div>
   <div class='ocr_carea' id='block_1_15' title="bbox 187 2986 1216 3027">
    <p class='ocr_par' dir='ltr' id='par_1_27' title="bbox 187 2986 1216 3027">
     <span class='ocr_line' id='line_1_77' title="bbox 187 2986 1216 3027; baseline 0.004 -13"><span class='ocrx_word' id='word_1_655' title='bbox 187 2986 411 3026; x_wconf 73' lang='lat' dir='ltr'>Memomndm,</span> <span class='ocrx_word' id='word_1_656' title='bbox 428 2987 501 3027; x_wconf 86' lang='lat' dir='ltr'>quod</span> <span class='ocrx_word' id='word_1_657' title='bbox 514 2991 634 3017; x_wconf 79' lang='lat' dir='ltr'>Litterae</span> <span class='ocrx_word' id='word_1_658' title='bbox 652 2987 803 3025; x_wconf 71' lang='lat' dir='ltr'>Originales</span> <span class='ocrx_word' id='word_1_659' title='bbox 822 2992 858 3018; x_wconf 84' lang='lat' dir='ltr'>mi</span> <span class='ocrx_word' id='word_1_660' title='bbox 880 3000 903 3018; x_wconf 80' lang='lat' dir='ltr'><em>ae</em></span> <span class='ocrx_word' id='word_1_661' title='bbox 914 2987 1034 3026; x_wconf 82' lang='lat' dir='ltr'>fuerunt</span> <span class='ocrx_word' id='word_1_662' title='bbox 1051 2988 1092 3017; x_wconf 86' lang='lat' dir='ltr'>ad</span> <span class='ocrx_word' id='word_1_663' title='bbox 1106 2987 1216 3018; x_wconf 71' lang='lat' dir='ltr'>cariam</span> 
     </span>
    </p>
   </div>
   <div class='ocr_carea' id='block_1_16' title="bbox 224 3025 1219 3091">
    <p class='ocr_par' dir='ltr' id='par_1_28' title="bbox 224 3025 1219 3091">
     <span class='ocr_line' id='line_1_78' title="bbox 224 3025 1219 3066; baseline 0.005 -14"><span class='ocrx_word' id='word_1_664' title='bbox 224 3025 395 3065; x_wconf 79' lang='lat' dir='ltr'><em>Romanam,</em></span> <span class='ocrx_word' id='word_1_665' title='bbox 408 3034 458 3065; x_wconf 83' lang='lat' dir='ltr'>per</span> <span class='ocrx_word' id='word_1_666' title='bbox 477 3029 623 3056; x_wconf 82' lang='lat' dir='ltr'>Dominum</span> <span class='ocrx_word' id='word_1_667' title='bbox 640 3026 675 3065; x_wconf 88' lang='lat' dir='ltr'>J.</span> <span class='ocrx_word' id='word_1_668' title='bbox 703 3027 734 3056; x_wconf 83' lang='lat' dir='ltr'>de</span> <span class='ocrx_word' id='word_1_669' title='bbox 759 3027 851 3056; x_wconf 83' lang='lat' dir='ltr'>Nevil</span> <span class='ocrx_word' id='word_1_670' title='bbox 874 3050 883 3065; x_wconf 86' lang='lat'>‚</span> <span class='ocrx_word' id='word_1_671' title='bbox 908 3027 1002 3064; x_wconf 75' lang='lat' dir='ltr'>Mense</span> <span class='ocrx_word' id='word_1_672' title='bbox 1028 3026 1114 3066; x_wconf 88' lang='lat' dir='ltr'>Junii</span> <span class='ocrx_word' id='word_1_673' title='bbox 1132 3031 1219 3057; x_wconf 79' lang='lat' dir='ltr'>Anno</span> 
     </span>
     <span class='ocr_line' id='line_1_79' title="bbox 229 3071 276 3091; baseline -0.021 0"><span class='ocrx_word' id='word_1_674' title='bbox 229 3071 276 3091; x_wconf 91' lang='lat'>12.</span> 
     </span>
    </p>
   </div>
   <div class='ocr_carea' id='block_1_17' title="bbox 228 3140 1186 3164">
    <p class='ocr_par' dir='ltr' id='par_1_29' title="bbox 228 3140 1186 3164">
     <span class='ocr_line' id='line_1_80' title="bbox 228 3140 1186 3164; baseline 0 0"><span class='ocrx_word' id='word_1_675' title='bbox 228 3140 1186 3164; x_wconf 95' lang='lat' dir='ltr'> </span> 
     </span>
    </p>
   </div>
   <div class='ocr_carea' id='block_1_18' title="bbox 333 3207 1049 3257">
    <p class='ocr_par' dir='ltr' id='par_1_30' title="bbox 333 3207 1049 3257">
     <span class='ocr_line' id='line_1_81' title="bbox 333 3207 1049 3257; baseline 0.003 -17"><span class='ocrx_word' id='word_1_676' title='bbox 333 3207 391 3241; x_wconf 85' lang='lat' dir='ltr'>Ad</span> <span class='ocrx_word' id='word_1_677' title='bbox 413 3210 548 3254; x_wconf 76' lang='lat' dir='ltr'>Papam,</span> <span class='ocrx_word' id='word_1_678' title='bbox 566 3218 620 3254; x_wconf 80' lang='lat' dir='ltr'>pro</span> <span class='ocrx_word' id='word_1_679' title='bbox 640 3211 772 3242; x_wconf 80' lang='lat' dir='ltr'>Henrico</span> <span class='ocrx_word' id='word_1_680' title='bbox 792 3208 831 3243; x_wconf 87' lang='lat' dir='ltr'>de</span> <span class='ocrx_word' id='word_1_681' title='bbox 847 3207 1049 3257; x_wconf 79' lang='lat' dir='ltr'>Burgherghs.</span> 
     </span>
    </p>
   </div>
   <div class='ocr_carea' id='block_1_19' title="bbox 0 3290 909 3347">
    <p class='ocr_par' dir='ltr' id='par_1_31' title="bbox 0 3275 909 3347">
     <span class='ocr_line' id='line_1_82' title="bbox 0 3290 909 3347; baseline -0.013 -19"><span class='ocrx_word' id='word_1_682' title='bbox 0 3311 84 3347; x_wconf 36' lang='lat' dir='ltr'>„mn</span> <span class='ocrx_word' id='word_1_683' title='bbox 98 3310 141 3343; x_wconf 47' lang='grc' dir='ltr'>Β.</span> <span class='ocrx_word' id='word_1_684' title='bbox 156 3292 195 3347; x_wconf 82' lang='grc' dir='ltr'>Ρ</span> <span class='ocrx_word' id='word_1_685' title='bbox 205 3291 260 3323; x_wconf 86' lang='grc' dir='ltr'>ΑΡ</span> <span class='ocrx_word' id='word_1_686' title='bbox 269 3291 310 3322; x_wconf 90' lang='lat' dir='ltr'>AE</span> <span class='ocrx_word' id='word_1_687' title='bbox 329 3290 394 3322; x_wconf 83' lang='lat' dir='ltr'>Rex</span> <span class='ocrx_word' id='word_1_688' title='bbox 412 3292 512 3323; x_wconf 85' lang='lat' dir='ltr'>devota</span> <span class='ocrx_word' id='word_1_689' title='bbox 526 3293 631 3331; x_wconf 85' lang='lat' dir='ltr'>pedum</span> <span class='ocrx_word' id='word_1_690' title='bbox 645 3293 737 3325; x_wconf 83' lang='lat' dir='ltr'>oscula</span> <span class='ocrx_word' id='word_1_691' title='bbox 755 3294 909 3325; x_wconf 53' lang='lat' dir='ltr'>beatorum,</span> 
     </span>
    </p>
   </div>
   <div class='ocr_carea' id='block_1_20' title="bbox 30 3360 114 3392">
    <p class='ocr_par' dir='ltr' id='par_1_32' title="bbox 30 3360 114 3392">
     <span class='ocr_line' id='line_1_83' title="bbox 30 3360 114 3392; baseline -0.024 -10"><span class='ocrx_word' id='word_1_692' title='bbox 30 3360 114 3392; x_wconf 86' lang='lat'>1319.</span> 
     </span>
    </p>
   </div>
   <div class='ocr_carea' id='block_1_21' title="bbox 10 3392 124 3418">
    <p class='ocr_par' dir='ltr' id='par_1_33' title="bbox 10 3392 124 3418">
     <span class='ocr_line' id='line_1_84' title="bbox 10 3392 124 3418; baseline -0.009 0"><span class='ocrx_word' id='word_1_693' title='bbox 10 3392 62 3418; x_wconf 78' lang='lat' dir='ltr'>An.</span> <span class='ocrx_word' id='word_1_694' title='bbox 82 3400 124 3418; x_wconf 82' lang='lat'>12.</span> 
     </span>
    </p>
   </div>
   <div class='ocr_carea' id='block_1_22' title="bbox 11 3431 76 3456">
    <p class='ocr_par' dir='ltr' id='par_1_34' title="bbox 11 3431 76 3456">
     <span class='ocr_line' id='line_1_85' title="bbox 11 3431 76 3456; baseline -0.015 0"><span class='ocrx_word' id='word_1_695' title='bbox 11 3431 33 3456; x_wconf 77' lang='lat' dir='ltr'>E</span> <span class='ocrx_word' id='word_1_696' title='bbox 62 3438 76 3455; x_wconf 88' lang='lat'>2</span> 
     </span>
    </p>
   </div>
   <div class='ocr_carea' id='block_1_23' title="bbox 160 3330 1223 3451">
    <p class='ocr_par' dir='ltr' id='par_1_35' title="bbox 160 3330 1223 3451">
     <span class='ocr_line' id='line_1_86' title="bbox 235 3330 1220 3373; baseline 0.005 -12"><span class='ocrx_word' id='word_1_697' title='bbox 235 3330 436 3370; x_wconf 81' lang='lat' dir='ltr'>Multipharie,</span> <span class='ocrx_word' id='word_1_698' title='bbox 451 3331 596 3369; x_wconf 84' lang='lat' dir='ltr'>multisque</span> <span class='ocrx_word' id='word_1_699' title='bbox 615 3332 709 3362; x_wconf 90' lang='lat' dir='ltr'>modis</span> <span class='ocrx_word' id='word_1_700' title='bbox 727 3333 826 3363; x_wconf 84' lang='lat' dir='ltr'>vesttae</span> <span class='ocrx_word' id='word_1_701' title='bbox 847 3333 1053 3365; x_wconf 83' lang='lat' dir='ltr'>Munificentiae</span> <span class='ocrx_word' id='word_1_702' title='bbox 1068 3334 1172 3373; x_wconf 80' lang='lat' dir='ltr'>Janua,</span> <span class='ocrx_word' id='word_1_703' title='bbox 1185 3335 1220 3366; x_wconf 87' lang='lat' dir='ltr'>ad</span> 
     </span>
     <span class='ocr_line' id='line_1_87' title="bbox 160 3368 1223 3411; baseline 0.003 -10"><span class='ocrx_word' id='word_1_704' title='bbox 160 3369 291 3401; x_wconf 83' lang='lat' dir='ltr'>defideria</span> <span class='ocrx_word' id='word_1_705' title='bbox 306 3368 398 3409; x_wconf 84' lang='lat' dir='ltr'>nostra</span> <span class='ocrx_word' id='word_1_706' title='bbox 417 3370 602 3408; x_wconf 85' lang='lat' dir='ltr'>complenda,</span> <span class='ocrx_word' id='word_1_707' title='bbox 617 3370 750 3401; x_wconf 66' lang='lat' dir='ltr'>hactenus</span> <span class='ocrx_word' id='word_1_708' title='bbox 768 3381 878 3410; x_wconf 85' lang='lat' dir='ltr'>aperta,</span> <span class='ocrx_word' id='word_1_709' title='bbox 902 3372 1034 3404; x_wconf 82' lang='lat' dir='ltr'>fiduciam</span> <span class='ocrx_word' id='word_1_710' title='bbox 1052 3375 1135 3403; x_wconf 90' lang='lat' dir='ltr'>nobis</span> <span class='ocrx_word' id='word_1_711' title='bbox 1151 3384 1223 3411; x_wconf 88' lang='lat' dir='ltr'>prae-</span> 
     </span>
     <span class='ocr_line' id='line_1_88' title="bbox 161 3408 1222 3451; baseline 0.004 -12"><span class='ocrx_word' id='word_1_712' title='bbox 161 3409 213 3440; x_wconf 84' lang='lat' dir='ltr'>stat</span> <span class='ocrx_word' id='word_1_713' title='bbox 230 3408 377 3438; x_wconf 85' lang='lat' dir='ltr'>indubiam</span> <span class='ocrx_word' id='word_1_714' title='bbox 394 3416 425 3438; x_wconf 88' lang='lat' dir='ltr'>ut</span> <span class='ocrx_word' id='word_1_715' title='bbox 443 3417 559 3451; x_wconf 62' lang='lat' dir='ltr'>ea,qu¹{e</span> <span class='ocrx_word' id='word_1_716' title='bbox 577 3408 714 3439; x_wconf 85' lang='lat' dir='ltr'>ferventer</span> <span class='ocrx_word' id='word_1_717' title='bbox 734 3410 764 3439; x_wconf 89' lang='lat' dir='ltr'>in</span> <span class='ocrx_word' id='word_1_718' title='bbox 780 3411 853 3441; x_wconf 90' lang='lat' dir='ltr'>votis</span> <span class='ocrx_word' id='word_1_719' title='bbox 871 3411 1116 3450; x_wconf 86' lang='lat' dir='ltr'>gerimus,vestrae</span> <span class='ocrx_word' id='word_1_720' title='bbox 1132 3412 1222 3443; x_wconf 87' lang='lat' dir='ltr'>Man-</span> 
     </span>
    </p>
   </div>
   <div class='ocr_carea' id='block_1_24' title="bbox 11 3446 658 3500">
    <p class='ocr_par' dir='ltr' id='par_1_36' title="bbox 11 3446 658 3500">
     <span class='ocr_line' id='line_1_89' title="bbox 11 3446 658 3500; baseline -0.002 -22"><span class='ocrx_word' id='word_1_721' title='bbox 11 3449 87 3495; x_wconf 35' lang='lat' dir='ltr'>Ram</span> <span class='ocrx_word' id='word_1_722' title='bbox 111 3465 144 3500; x_wconf 56' lang='grc' dir='ltr'>ό,</span> <span class='ocrx_word' id='word_1_723' title='bbox 160 3447 295 3478; x_wconf 87' lang='lat' dir='ltr'>suetudini</span> <span class='ocrx_word' id='word_1_724' title='bbox 313 3446 483 3484; x_wconf 85' lang='lat' dir='ltr'>frequentius</span> <span class='ocrx_word' id='word_1_725' title='bbox 499 3447 658 3477; x_wconf 78' lang='lat' dir='ltr'>offeramus.</span> 
     </span>
    </p>
   </div>
   <div class='ocr_carea' id='block_1_25' title="bbox 13 3506 144 3532">
    <p class='ocr_par' dir='ltr' id='par_1_37' title="bbox 13 3506 144 3532">
     <span class='ocr_line' id='line_1_90' title="bbox 13 3506 144 3532; baseline 0 0"><span class='ocrx_word' id='word_1_726' title='bbox 13 3506 54 3532; x_wconf 75' lang='lat' dir='ltr'>Fr.</span> <span class='ocrx_word' id='word_1_727' title='bbox 65 3509 144 3532; x_wconf 81' lang='lat' dir='ltr'>12.E.</span> 
     </span>
    </p>
   </div>
   <div class='ocr_carea' id='block_1_26' title="bbox 15 3544 452 3604">
    <p class='ocr_par' dir='ltr' id='par_1_38' title="bbox 15 3544 452 3604">
     <span class='ocr_line' id='line_1_91' title="bbox 15 3544 452 3604; baseline -0.002 -11"><span class='ocrx_word' id='word_1_728' title='bbox 15 3544 146 3580; x_wconf 67' lang='lat' dir='ltr'>²&#39;m&#39;9&#39;d&#39;</span> <span class='ocrx_word' id='word_1_729' title='bbox 160 3563 274 3602; x_wconf 87' lang='lat' dir='ltr'>habuit,</span> <span class='ocrx_word' id='word_1_730' title='bbox 288 3563 322 3594; x_wconf 90' lang='lat'>&amp;</span> <span class='ocrx_word' id='word_1_731' title='bbox 332 3562 408 3600; x_wconf 86' lang='lat' dir='ltr'>jam,</span> <span class='ocrx_word' id='word_1_732' title='bbox 421 3570 452 3604; x_wconf 75' lang='lat' dir='ltr'>ut</span> 
     </span>
    </p>
   </div>
   <div class='ocr_carea' id='block_1_27' title="bbox 157 3484 1223 3953">
    <p class='ocr_par' dir='ltr' id='par_1_39' title="bbox 157 3484 1223 3793">
     <span class='ocr_line' id='line_1_92' title="bbox 196 3484 1222 3551; baseline 0.002 -34"><span class='ocrx_word' id='word_1_733' title='bbox 196 3485 341 3517; x_wconf 69' lang='lat' dir='ltr'>Intelleeto</span> <span class='ocrx_word' id='word_1_734' title='bbox 352 3486 442 3522; x_wconf 81' lang='lat' dir='ltr'>itaque</span> <span class='ocrx_word' id='word_1_735' title='bbox 458 3484 533 3551; x_wconf 36' lang='lat' dir='ltr'>duod</span> <span class='ocrx_word' id='word_1_736' title='bbox 554 3485 802 3517; x_wconf 87' lang='lat' dir='ltr'>Archidiaconatus</span> <span class='ocrx_word' id='word_1_737' title='bbox 822 3486 1022 3518; x_wconf 86' lang='lat' dir='ltr'>Cantuarienfis</span> <span class='ocrx_word' id='word_1_738' title='bbox 1038 3511 1048 3527; x_wconf 88' lang='lat'>,</span> <span class='ocrx_word' id='word_1_739' title='bbox 1070 3498 1157 3528; x_wconf 89' lang='lat' dir='ltr'>quem</span> <span class='ocrx_word' id='word_1_740' title='bbox 1175 3489 1222 3519; x_wconf 91' lang='lat' dir='ltr'>Fi-</span> 
     </span>
     <span class='ocr_line' id='line_1_93' title="bbox 161 3522 1221 3566; baseline 0.003 -11"><span class='ocrx_word' id='word_1_741' title='bbox 161 3525 229 3563; x_wconf 89' lang='lat' dir='ltr'>lius,</span> <span class='ocrx_word' id='word_1_742' title='bbox 241 3524 337 3555; x_wconf 58' lang='lat' dir='ltr'>dilecti</span> <span class='ocrx_word' id='word_1_743' title='bbox 350 3523 382 3554; x_wconf 77' lang='grc' dir='ltr'><strong>ὃ(</strong></span> <span class='ocrx_word' id='word_1_744' title='bbox 399 3522 465 3553; x_wconf 88' lang='lat' dir='ltr'>Fide</span> <span class='ocrx_word' id='word_1_745' title='bbox 477 3523 497 3552; x_wconf 92' lang='lat' dir='ltr'>is</span> <span class='ocrx_word' id='word_1_746' title='bbox 510 3522 612 3561; x_wconf 91' lang='lat' dir='ltr'>nostri,</span> <span class='ocrx_word' id='word_1_747' title='bbox 627 3524 767 3554; x_wconf 88' lang='lat' dir='ltr'>Amaneni</span> <span class='ocrx_word' id='word_1_748' title='bbox 786 3524 907 3555; x_wconf 88' lang='lat' dir='ltr'>Domini</span> <span class='ocrx_word' id='word_1_749' title='bbox 925 3526 959 3556; x_wconf 89' lang='lat' dir='ltr'>de</span> <span class='ocrx_word' id='word_1_750' title='bbox 977 3527 1119 3566; x_wconf 85' lang='lat' dir='ltr'>Lebreto,</span> <span class='ocrx_word' id='word_1_751' title='bbox 1135 3537 1221 3565; x_wconf 84' lang='lat' dir='ltr'>nuper</span> 
     </span>
     <span class='ocr_line' id='line_1_94' title="bbox 467 3561 1222 3602; baseline 0.008 -12"><span class='ocrx_word' id='word_1_752' title='bbox 467 3561 580 3591; x_wconf 87' lang='lat' dir='ltr'>refertur</span> <span class='ocrx_word' id='word_1_753' title='bbox 595 3583 606 3599; x_wconf 92' lang='lat'>,</span> <span class='ocrx_word' id='word_1_754' title='bbox 627 3562 761 3594; x_wconf 83' lang='lat' dir='ltr'>Uxorem</span> <span class='ocrx_word' id='word_1_755' title='bbox 778 3563 855 3594; x_wconf 86' lang='lat' dir='ltr'>duxit</span> <span class='ocrx_word' id='word_1_756' title='bbox 870 3588 881 3602; x_wconf 80' lang='lat'>.,</span> <span class='ocrx_word' id='word_1_757' title='bbox 903 3564 957 3595; x_wconf 84' lang='lat' dir='ltr'>hac</span> <span class='ocrx_word' id='word_1_758' title='bbox 973 3565 1009 3595; x_wconf 90' lang='lat' dir='ltr'>de</span> <span class='ocrx_word' id='word_1_759' title='bbox 1028 3565 1111 3596; x_wconf 59' lang='lat' dir='ltr'>causi</span> <span class='ocrx_word' id='word_1_760' title='bbox 1125 3567 1155 3595; x_wconf 87' lang='lat' dir='ltr'>in</span> <span class='ocrx_word' id='word_1_761' title='bbox 1172 3576 1222 3596; x_wconf 89' lang='lat' dir='ltr'>ve-</span> 
     </span>
     <span class='ocr_line' id='line_1_95' title="bbox 157 3599 1222 3639; baseline 0.002 -7"><span class='ocrx_word' id='word_1_762' title='bbox 157 3601 212 3633; x_wconf 88' lang='lat' dir='ltr'>stra</span> <span class='ocrx_word' id='word_1_763' title='bbox 229 3601 315 3632; x_wconf 61' lang='lat' dir='ltr'>Sacrfi⁴</span> <span class='ocrx_word' id='word_1_764' title='bbox 334 3599 422 3631; x_wconf 65' lang='lat' dir='ltr'>Curiu</span> <span class='ocrx_word' id='word_1_765' title='bbox 436 3610 496 3638; x_wconf 72' lang='lat' dir='ltr'>jam</span> <span class='ocrx_word' id='word_1_766' title='bbox 515 3601 642 3639; x_wconf 62' lang='lat' dir='ltr'>vucavit,</span> <span class='ocrx_word' id='word_1_767' title='bbox 659 3601 739 3638; x_wconf 81' lang='lat' dir='ltr'>ipsius</span> <span class='ocrx_word' id='word_1_768' title='bbox 758 3601 889 3633; x_wconf 82' lang='lat' dir='ltr'>Ecclefiae</span> <span class='ocrx_word' id='word_1_769' title='bbox 906 3602 1108 3634; x_wconf 84' lang='lat' dir='ltr'>Cantuarienfis</span> <span class='ocrx_word' id='word_1_770' title='bbox 1128 3604 1222 3635; x_wconf 88' lang='lat' dir='ltr'>hono-</span> 
     </span>
     <span class='ocr_line' id='line_1_96' title="bbox 157 3636 1222 3679; baseline 0.002 -8"><span class='ocrx_word' id='word_1_771' title='bbox 157 3650 217 3671; x_wconf 83' lang='lat' dir='ltr'>rem</span> <span class='ocrx_word' id='word_1_772' title='bbox 235 3641 301 3670; x_wconf 89' lang='lat' dir='ltr'>totis</span> <span class='ocrx_word' id='word_1_773' title='bbox 326 3639 461 3670; x_wconf 75' lang='lat' dir='ltr'>desideriis</span> <span class='ocrx_word' id='word_1_774' title='bbox 478 3636 653 3676; x_wconf 64' lang='lat' dir='ltr'>affeetantes,</span> <span class='ocrx_word' id='word_1_775' title='bbox 678 3639 866 3678; x_wconf 85' lang='lat' dir='ltr'>sperantesque</span> <span class='ocrx_word' id='word_1_776' title='bbox 888 3641 1171 3679; x_wconf 58' lang='lat' dir='ltr'>circumspectionem</span> <span class='ocrx_word' id='word_1_777' title='bbox 1188 3644 1222 3674; x_wconf 72' lang='grc' dir='ltr'><strong>ὃ(</strong></span> 
     </span>
     <span class='ocr_line' id='line_1_97' title="bbox 160 3676 1223 3720; baseline 0.002 -11"><span class='ocrx_word' id='word_1_778' title='bbox 160 3677 445 3716; x_wconf 71' lang='lat' dir='ltr'>industriam,dsse6ti</span> <span class='ocrx_word' id='word_1_779' title='bbox 462 3676 569 3708; x_wconf 88' lang='lat' dir='ltr'>Clerici</span> <span class='ocrx_word' id='word_1_780' title='bbox 587 3676 832 3716; x_wconf 87' lang='lat' dir='ltr'>nostri,Magistri</span> <span class='ocrx_word' id='word_1_781' title='bbox 851 3679 970 3710; x_wconf 89' lang='lat' dir='ltr'>Henrici</span> <span class='ocrx_word' id='word_1_782' title='bbox 987 3680 1022 3710; x_wconf 92' lang='lat' dir='ltr'>de</span> <span class='ocrx_word' id='word_1_783' title='bbox 1036 3680 1223 3720; x_wconf 80' lang='lat' dir='ltr'>Burgherghs,</span> 
     </span>
     <span class='ocr_line' id='line_1_98' title="bbox 161 3714 1222 3758; baseline 0.005 -11"><span class='ocrx_word' id='word_1_784' title='bbox 161 3717 282 3756; x_wconf 88' lang='lat' dir='ltr'>ejusdem</span> <span class='ocrx_word' id='word_1_785' title='bbox 300 3727 385 3747; x_wconf 85' lang='lat' dir='ltr'>onera</span> <span class='ocrx_word' id='word_1_786' title='bbox 405 3714 485 3754; x_wconf 83' lang='lat' dir='ltr'>poffe</span> <span class='ocrx_word' id='word_1_787' title='bbox 500 3715 616 3746; x_wconf 79' lang='lat' dir='ltr'>feliciter</span> <span class='ocrx_word' id='word_1_788' title='bbox 630 3715 804 3758; x_wconf 78' lang='lat' dir='ltr'>supportari,</span> <span class='ocrx_word' id='word_1_789' title='bbox 824 3718 965 3757; x_wconf 70' lang='lat' dir='ltr'>ipsamque</span> <span class='ocrx_word' id='word_1_790' title='bbox 987 3719 1019 3748; x_wconf 86' lang='lat' dir='ltr'>in</span> <span class='ocrx_word' id='word_1_791' title='bbox 1036 3718 1090 3750; x_wconf 88' lang='lat' dir='ltr'>suis</span> <span class='ocrx_word' id='word_1_792' title='bbox 1103 3720 1222 3752; x_wconf 87' lang='lat' dir='ltr'>neceffi-</span> 
     </span>
     <span class='ocr_line' id='line_1_99' title="bbox 159 3753 757 3793; baseline -0.003 -7"><span class='ocrx_word' id='word_1_793' title='bbox 159 3756 259 3786; x_wconf 89' lang='lat' dir='ltr'>tatibus</span> <span class='ocrx_word' id='word_1_794' title='bbox 273 3755 385 3786; x_wconf 75' lang='lat' dir='ltr'>aliunde</span> <span class='ocrx_word' id='word_1_795' title='bbox 407 3755 598 3793; x_wconf 86' lang='lat' dir='ltr'>multipliciter</span> <span class='ocrx_word' id='word_1_796' title='bbox 617 3753 757 3793; x_wconf 65' lang='lat' dir='ltr'>adjuvari,</span> 
     </span>
    </p>

    <p class='ocr_par' dir='ltr' id='par_1_40' title="bbox 159 3792 1222 3953">
     <span class='ocr_line' id='line_1_100' title="bbox 199 3792 1221 3833; baseline 0.004 -9"><span class='ocrx_word' id='word_1_797' title='bbox 199 3793 307 3824; x_wconf 77' lang='lat' dir='ltr'>Vestrae</span> <span class='ocrx_word' id='word_1_798' title='bbox 323 3793 481 3825; x_wconf 66' lang='lat' dir='ltr'>Sanctitatis</span> <span class='ocrx_word' id='word_1_799' title='bbox 501 3792 713 3824; x_wconf 87' lang='lat' dir='ltr'>Providentiam</span> <span class='ocrx_word' id='word_1_800' title='bbox 732 3793 813 3831; x_wconf 83' lang='lat' dir='ltr'>(quae</span> <span class='ocrx_word' id='word_1_801' title='bbox 827 3796 962 3826; x_wconf 87' lang='lat' dir='ltr'>virtutum</span> <span class='ocrx_word' id='word_1_802' title='bbox 978 3794 1110 3833; x_wconf 83' lang='lat' dir='ltr'>plantaria</span> <span class='ocrx_word' id='word_1_803' title='bbox 1127 3797 1157 3827; x_wconf 87' lang='lat' dir='ltr'>in</span> <span class='ocrx_word' id='word_1_804' title='bbox 1174 3808 1221 3828; x_wconf 85' lang='lat' dir='ltr'>or-</span> 
     </span>
     <span class='ocr_line' id='line_1_101' title="bbox 160 3831 1220 3872; baseline 0.005 -10"><span class='ocrx_word' id='word_1_805' title='bbox 160 3839 193 3862; x_wconf 90' lang='lat' dir='ltr'>to</span> <span class='ocrx_word' id='word_1_806' title='bbox 211 3831 358 3862; x_wconf 85' lang='lat' dir='ltr'>Militantis</span> <span class='ocrx_word' id='word_1_807' title='bbox 374 3832 511 3863; x_wconf 76' lang='lat' dir='ltr'>Ecclesiae</span> <span class='ocrx_word' id='word_1_808' title='bbox 527 3832 645 3870; x_wconf 78' lang='lat' dir='ltr'>plantare</span> <span class='ocrx_word' id='word_1_809' title='bbox 661 3832 801 3862; x_wconf 88' lang='lat' dir='ltr'>continuis</span> <span class='ocrx_word' id='word_1_810' title='bbox 813 3833 913 3872; x_wconf 80' lang='lat' dir='ltr'>vigiliis</span> <span class='ocrx_word' id='word_1_811' title='bbox 931 3833 1220 3872; x_wconf 58' lang='lat' dir='ltr'>elaboramaffeetuo-</span> 
     </span>
     <span class='ocr_line' id='line_1_102' title="bbox 159 3869 1221 3909; baseline 0.005 -9"><span class='ocrx_word' id='word_1_812' title='bbox 159 3870 190 3900; x_wconf 82' lang='lat' dir='ltr'>se</span> <span class='ocrx_word' id='word_1_813' title='bbox 207 3869 334 3902; x_wconf 83' lang='lat' dir='ltr'>duximus</span> <span class='ocrx_word' id='word_1_814' title='bbox 349 3871 538 3908; x_wconf 84' lang='lat' dir='ltr'>exorandam,</span> <span class='ocrx_word' id='word_1_815' title='bbox 552 3871 679 3909; x_wconf 84' lang='lat' dir='ltr'>quatinus</span> <span class='ocrx_word' id='word_1_816' title='bbox 691 3869 784 3900; x_wconf 86' lang='lat' dir='ltr'>eidem</span> <span class='ocrx_word' id='word_1_817' title='bbox 805 3869 920 3903; x_wconf 90' lang='lat' dir='ltr'>Clerico</span> <span class='ocrx_word' id='word_1_818' title='bbox 938 3872 1033 3903; x_wconf 91' lang='lat' dir='ltr'>nostro</span> <span class='ocrx_word' id='word_1_819' title='bbox 1054 3873 1090 3903; x_wconf 93' lang='lat' dir='ltr'>de</span> <span class='ocrx_word' id='word_1_820' title='bbox 1117 3874 1221 3905; x_wconf 85' lang='lat' dir='ltr'>Archi-</span> 
     </span>
     <span class='ocr_line' id='line_1_103' title="bbox 161 3907 1222 3953; baseline 0.006 -15"><span class='ocrx_word' id='word_1_821' title='bbox 161 3907 309 3940; x_wconf 86' lang='lat' dir='ltr'>diaconatu</span> <span class='ocrx_word' id='word_1_822' title='bbox 323 3909 462 3946; x_wconf 69' lang='lat' dir='ltr'>praedieto</span> <span class='ocrx_word' id='word_1_823' title='bbox 482 3909 630 3947; x_wconf 86' lang='lat' dir='ltr'>providere</span> <span class='ocrx_word' id='word_1_824' title='bbox 648 3908 807 3946; x_wconf 85' lang='lat' dir='ltr'>dignemini</span> <span class='ocrx_word' id='word_1_825' title='bbox 821 3931 832 3948; x_wconf 86' lang='lat'>,</span> <span class='ocrx_word' id='word_1_826' title='bbox 858 3910 1097 3949; x_wconf 80' lang='lat' dir='ltr'>contemplatione</span> <span class='ocrx_word' id='word_1_827' title='bbox 1117 3913 1222 3953; x_wconf 86' lang='lat' dir='ltr'>nostri,</span> 
     </span>
    </p>
   </div>
   <div class='ocr_carea' id='block_1_28' title="bbox 161 3947 551 4024">
    <p class='ocr_par' dir='ltr' id='par_1_41' title="bbox 161 3947 551 4024">
     <span class='ocr_line' id='line_1_104' title="bbox 161 3947 551 3987; baseline 0.005 -12"><span class='ocrx_word' id='word_1_828' title='bbox 161 3954 240 3976; x_wconf 83' lang='lat' dir='ltr'>more</span> <span class='ocrx_word' id='word_1_829' title='bbox 261 3947 394 3978; x_wconf 90' lang='lat' dir='ltr'>consueto</span> <span class='ocrx_word' id='word_1_830' title='bbox 425 3949 551 3987; x_wconf 78' lang='lat' dir='ltr'>gratiose.</span> 
     </span>
     <span class='ocr_line' id='line_1_105' title="bbox 199 3971 451 4024; baseline 0.016 -11"><span class='ocrx_word' id='word_1_831' title='bbox 199 3983 372 4024; x_wconf 62' lang='lat' dir='ltr'>Conserva,</span> <span class='ocrx_word' id='word_1_832' title='bbox 389 3971 451 4017; x_wconf 58' lang='lat' dir='ltr'>gre.</span> 
     </span>
    </p>
   </div>
   <div class='ocr_carea' id='block_1_29' title="bbox 232 4020 781 4064">
    <p class='ocr_par' dir='ltr' id='par_1_42' title="bbox 232 4020 781 4064">
     <span class='ocr_line' id='line_1_106' title="bbox 232 4020 781 4064; baseline 0.002 -10"><span class='ocrx_word' id='word_1_833' title='bbox 232 4020 301 4054; x_wconf 89' lang='lat' dir='ltr'>Dat.</span> <span class='ocrx_word' id='word_1_834' title='bbox 318 4024 391 4064; x_wconf 77' lang='lat' dir='ltr'>apud</span> <span class='ocrx_word' id='word_1_835' title='bbox 405 4024 544 4058; x_wconf 86' lang='lat' dir='ltr'>Eborum.</span> <span class='ocrx_word' id='word_1_836' title='bbox 569 4034 615 4056; x_wconf 92' lang='lat'>10.</span> <span class='ocrx_word' id='word_1_837' title='bbox 632 4024 678 4056; x_wconf 87' lang='lat' dir='ltr'>die</span> <span class='ocrx_word' id='word_1_838' title='bbox 697 4024 781 4056; x_wconf 90' lang='lat' dir='ltr'>Maii.</span> 
     </span>
    </p>
   </div>
   <div class='ocr_carea' id='block_1_30' title="bbox 1220 134 2285 191">
    <p class='ocr_par' dir='ltr' id='par_1_43' title="bbox 1220 134 2285 191">
     <span class='ocr_line' id='line_1_107' title="bbox 1220 134 2285 191; baseline 0.003 -16"><span class='ocrx_word' id='word_1_839' title='bbox 1220 134 1690 180; x_wconf 85' lang='lat' dir='ltr'>PUBLICA.</span> <span class='ocrx_word' id='word_1_840' title='bbox 2209 150 2285 191; x_wconf 82' lang='lat'>173</span> 
     </span>
    </p>
   </div>
   <div class='ocr_carea' id='block_1_31' title="bbox 2301 247 2440 287">
    <p class='ocr_par' dir='ltr' id='par_1_44' title="bbox 2301 247 2440 287">
     <span class='ocr_line' id='line_1_108' title="bbox 2301 247 2440 287; baseline 0 -5"><span class='ocrx_word' id='word_1_841' title='bbox 2301 249 2378 282; x_wconf 86' lang='lat' dir='ltr'>Ann.</span> <span class='ocrx_word' id='word_1_842' title='bbox 2390 247 2440 287; x_wconf 74' lang='lat' dir='ltr'>D,-</span> 
     </span>
    </p>
   </div>
   <div class='ocr_carea' id='block_1_32' title="bbox 1217 303 2274 357">
    <p class='ocr_par' dir='ltr' id='par_1_45' title="bbox 1217 303 2274 357">
     <span class='ocr_line' id='line_1_109' title="bbox 1217 303 2274 357; baseline 0.001 -18"><span class='ocrx_word' id='word_1_843' title='bbox 1217 308 1275 339; x_wconf 87' lang='lat' dir='ltr'>Pro</span> <span class='ocrx_word' id='word_1_844' title='bbox 1296 303 1439 350; x_wconf 83' lang='lat' dir='ltr'>Johanne</span> <span class='ocrx_word' id='word_1_845' title='bbox 1456 303 1491 338; x_wconf 80' lang='lat' dir='ltr'>de</span> <span class='ocrx_word' id='word_1_846' title='bbox 1517 305 1765 356; x_wconf 78' lang='lat' dir='ltr'>Bermyngeham‚</span> <span class='ocrx_word' id='word_1_847' title='bbox 1781 320 1896 357; x_wconf 81' lang='lat' dir='ltr'>propter</span> <span class='ocrx_word' id='word_1_848' title='bbox 1921 312 2086 343; x_wconf 71' lang='lat' dir='ltr'>Servitium</span> <span class='ocrx_word' id='word_1_849' title='bbox 2106 311 2138 341; x_wconf 86' lang='lat' dir='ltr'>in</span> <span class='ocrx_word' id='word_1_850' title='bbox 2165 308 2274 352; x_wconf 85' lang='lat' dir='ltr'>Confli-</span> 
     </span>
    </p>
   </div>
   <div class='ocr_carea' id='block_1_33' title="bbox 2330 298 2413 330">
    <p class='ocr_par' dir='ltr' id='par_1_46' title="bbox 2330 298 2413 330">
     <span class='ocr_line' id='line_1_110' title="bbox 2330 298 2413 330; baseline 0.024 -11"><span class='ocrx_word' id='word_1_851' title='bbox 2330 298 2413 330; x_wconf 83' lang='lat'>1319.</span> 
     </span>
    </p>
   </div>
   <div class='ocr_carea' id='block_1_34' title="bbox 2304 333 2424 357">
    <p class='ocr_par' dir='ltr' id='par_1_47' title="bbox 2304 333 2424 357">
     <span class='ocr_line' id='line_1_111' title="bbox 2304 333 2424 357; baseline 0.017 -2"><span class='ocrx_word' id='word_1_852' title='bbox 2304 333 2358 356; x_wconf 77' lang='lat' dir='ltr'>An.</span> <span class='ocrx_word' id='word_1_853' title='bbox 2382 340 2424 357; x_wconf 84' lang='lat'>12.</span> 
     </span>
    </p>
   </div>
   <div class='ocr_carea' id='block_1_35' title="bbox 1263 352 2366 402">
    <p class='ocr_par' dir='ltr' id='par_1_48' title="bbox 1263 352 2366 402">
     <span class='ocr_line' id='line_1_112' title="bbox 1263 352 2366 402; baseline 0.01 -18"><span class='ocrx_word' id='word_1_854' title='bbox 1263 354 1331 395; x_wconf 63' lang='lat' dir='ltr'>flu,</span> <span class='ocrx_word' id='word_1_855' title='bbox 1353 365 1454 386; x_wconf 76' lang='lat' dir='ltr'>contra</span> <span class='ocrx_word' id='word_1_856' title='bbox 1477 354 1670 388; x_wconf 73' lang='lat' dir='ltr'>Edwardum</span> <span class='ocrx_word' id='word_1_857' title='bbox 1686 356 1722 389; x_wconf 82' lang='lat' dir='ltr'>de</span> <span class='ocrx_word' id='word_1_858' title='bbox 1744 359 1819 392; x_wconf 83' lang='lat' dir='ltr'>Brus</span> <span class='ocrx_word' id='word_1_859' title='bbox 1834 386 1844 402; x_wconf 78' lang='lat'>‚</span> <span class='ocrx_word' id='word_1_860' title='bbox 1881 362 1912 392; x_wconf 83' lang='lat' dir='ltr'>in</span> <span class='ocrx_word' id='word_1_861' title='bbox 1937 361 2082 392; x_wconf 83' lang='lat' dir='ltr'>Comitem</span> <span class='ocrx_word' id='word_1_862' title='bbox 2104 356 2142 390; x_wconf 86' lang='lat' dir='ltr'>de</span> <span class='ocrx_word' id='word_1_863' title='bbox 2160 352 2273 391; x_wconf 79' lang='lat' dir='ltr'>Loueth</span> <span class='ocrx_word' id='word_1_864' title='bbox 2290 369 2319 393; x_wconf 83' lang='grc' dir='ltr'>Ε.</span> <span class='ocrx_word' id='word_1_865' title='bbox 2342 376 2366 395; x_wconf 87' lang='lat'>2.</span> 
     </span>
    </p>
   </div>
   <div class='ocr_carea' id='block_1_36' title="bbox 1263 401 1408 445">
    <p class='ocr_par' dir='ltr' id='par_1_49' title="bbox 1263 401 1408 445">
     <span class='ocr_line' id='line_1_113' title="bbox 1263 401 1408 445; baseline 0.007 -11"><span class='ocrx_word' id='word_1_866' title='bbox 1263 401 1408 445; x_wconf 64' lang='lat' dir='ltr'>Praefct‘to.</span> 
     </span>
    </p>
   </div>
   <div class='ocr_carea' id='block_1_37' title="bbox 2304 409 2425 434">
    <p class='ocr_par' dir='ltr' id='par_1_50' title="bbox 2304 409 2425 434">
     <span class='ocr_line' id='line_1_114' title="bbox 2304 409 2425 434; baseline 0.017 -2"><span class='ocrx_word' id='word_1_867' title='bbox 2304 409 2363 433; x_wconf 78' lang='lat' dir='ltr'>Par.</span> <span class='ocrx_word' id='word_1_868' title='bbox 2382 416 2425 434; x_wconf 86' lang='lat'>12.</span> 
     </span>
    </p>
   </div>
   <div class='ocr_carea' id='block_1_38' title="bbox 2300 447 2396 482">
    <p class='ocr_par' dir='ltr' id='par_1_51' title="bbox 2300 447 2396 482">
     <span class='ocr_line' id='line_1_115' title="bbox 2300 447 2396 482; baseline 0.031 -12"><span class='ocrx_word' id='word_1_869' title='bbox 2300 447 2396 482; x_wconf 55' lang='grc' dir='ltr'>[η.</span> 
     </span>
    </p>
   </div>
   <div class='ocr_carea' id='block_1_39' title="bbox 1220 485 2317 2334">
    <p class='ocr_par' dir='ltr' id='par_1_52' title="bbox 1220 485 1891 555">
     <span class='ocr_line' id='line_1_116' title="bbox 1220 485 1891 555; baseline 0.01 -40"><span class='ocrx_word' id='word_1_870' title='bbox 1220 485 1530 555; x_wconf 32' lang='grc' dir='ltr'>ΚΕΧιοᾳῑιιίϋω,</span> <span class='ocrx_word' id='word_1_871' title='bbox 1544 486 1579 518; x_wconf 81' lang='lat' dir='ltr'>ad</span> <span class='ocrx_word' id='word_1_872' title='bbox 1599 491 1751 528; x_wconf 87' lang='lat' dir='ltr'>quos,&amp;c.</span> <span class='ocrx_word' id='word_1_873' title='bbox 1768 490 1891 522; x_wconf 83' lang='lat' dir='ltr'>salutem.</span> 
     </span>
    </p>

    <p class='ocr_par' dir='ltr' id='par_1_53' title="bbox 1222 524 2291 875">
     <span class='ocr_line' id='line_1_117' title="bbox 1257 524 2286 569; baseline 0.008 -16"><span class='ocrx_word' id='word_1_874' title='bbox 1257 563 1261 567; x_wconf 26' lang='lat'>²</span> <span class='ocrx_word' id='word_1_875' title='bbox 1323 524 1424 555; x_wconf 80' lang='lat' dir='ltr'>Scratis</span> <span class='ocrx_word' id='word_1_876' title='bbox 1437 525 1516 569; x_wconf 69' lang='lat' dir='ltr'>quod</span> <span class='ocrx_word' id='word_1_877' title='bbox 1533 536 1599 556; x_wconf 88' lang='lat' dir='ltr'>curn</span> <span class='ocrx_word' id='word_1_878' title='bbox 1619 538 1687 566; x_wconf 87' lang='lat' dir='ltr'>nos,</span> <span class='ocrx_word' id='word_1_879' title='bbox 1703 539 1753 565; x_wconf 88' lang='lat' dir='ltr'>pro</span> <span class='ocrx_word' id='word_1_880' title='bbox 1769 529 1848 559; x_wconf 91' lang='lat' dir='ltr'>bono</span> <span class='ocrx_word' id='word_1_881' title='bbox 1862 531 1893 560; x_wconf 63' lang='grc' dir='ltr'>ὅ(</span> <span class='ocrx_word' id='word_1_882' title='bbox 1908 529 2039 562; x_wconf 79' lang='lat' dir='ltr'>laudabili</span> <span class='ocrx_word' id='word_1_883' title='bbox 2054 528 2286 569; x_wconf 81' lang='lat' dir='ltr'>Servitio,quod,</span> 
     </span>
     <span class='ocr_line' id='line_1_118' title="bbox 1222 562 2287 609; baseline 0.008 -18"><span class='ocrx_word' id='word_1_884' title='bbox 1222 562 1350 606; x_wconf 56' lang='lat' dir='ltr'>Dilectus</span> <span class='ocrx_word' id='word_1_885' title='bbox 1367 563 1400 594; x_wconf 74' lang='grc' dir='ltr'>ὅ(</span> <span class='ocrx_word' id='word_1_886' title='bbox 1411 563 1518 606; x_wconf 31' lang='lat' dir='ltr'>‘Fidelis</span> <span class='ocrx_word' id='word_1_887' title='bbox 1535 564 1645 603; x_wconf 88' lang='lat' dir='ltr'>noster,</span> <span class='ocrx_word' id='word_1_888' title='bbox 1660 566 1802 605; x_wconf 83' lang='lat' dir='ltr'>johannes</span> <span class='ocrx_word' id='word_1_889' title='bbox 1819 567 1853 596; x_wconf 89' lang='lat' dir='ltr'>de</span> <span class='ocrx_word' id='word_1_890' title='bbox 1872 567 2099 609; x_wconf 78' lang='lat' dir='ltr'>Berrnyngeham</span> <span class='ocrx_word' id='word_1_891' title='bbox 2126 570 2210 599; x_wconf 82' lang='lat' dir='ltr'>nobis</span> <span class='ocrx_word' id='word_1_892' title='bbox 2232 580 2287 599; x_wconf 88' lang='lat' dir='ltr'>nu-</span> 
     </span>
     <span class='ocr_line' id='line_1_119' title="bbox 1223 601 2285 646; baseline 0.008 -16"><span class='ocrx_word' id='word_1_893' title='bbox 1223 611 1289 639; x_wconf 82' lang='lat' dir='ltr'>per,</span> <span class='ocrx_word' id='word_1_894' title='bbox 1302 610 1331 631; x_wconf 89' lang='lat' dir='ltr'>m</span> <span class='ocrx_word' id='word_1_895' title='bbox 1349 602 1470 638; x_wconf 79' lang='lat' dir='ltr'>partibus</span> <span class='ocrx_word' id='word_1_896' title='bbox 1485 601 1632 633; x_wconf 65' lang='lat' dir='ltr'>Hibernia:</span> <span class='ocrx_word' id='word_1_897' title='bbox 1643 626 1653 641; x_wconf 92' lang='lat'>,</span> <span class='ocrx_word' id='word_1_898' title='bbox 1673 604 1810 642; x_wconf 87' lang='lat' dir='ltr'>impendit</span> <span class='ocrx_word' id='word_1_899' title='bbox 1828 606 1858 634; x_wconf 79' lang='lat' dir='ltr'>‘m</span> <span class='ocrx_word' id='word_1_900' title='bbox 1881 607 2006 643; x_wconf 83' lang='lat' dir='ltr'>quodam</span> <span class='ocrx_word' id='word_1_901' title='bbox 2024 606 2191 646; x_wconf 66' lang='lat' dir='ltr'>Conflic&#39;tu,</span> <span class='ocrx_word' id='word_1_902' title='bbox 2213 608 2285 638; x_wconf 88' lang='lat' dir='ltr'>inter</span> 
     </span>
     <span class='ocr_line' id='line_1_120' title="bbox 1224 638 2287 684; baseline 0.008 -16"><span class='ocrx_word' id='word_1_903' title='bbox 1224 638 1313 683; x_wconf 80' lang='lat' dir='ltr'>ipsum</span> <span class='ocrx_word' id='word_1_904' title='bbox 1321 638 1501 683; x_wconf 77' lang='lat' dir='ltr'>johannem,</span> <span class='ocrx_word' id='word_1_905' title='bbox 1517 640 1550 670; x_wconf 91' lang='lat'>&amp;</span> <span class='ocrx_word' id='word_1_906' title='bbox 1567 641 1701 679; x_wconf 86' lang='lat' dir='ltr'>quosdam</span> <span class='ocrx_word' id='word_1_907' title='bbox 1722 642 1826 672; x_wconf 87' lang='lat' dir='ltr'>Fideles</span> <span class='ocrx_word' id='word_1_908' title='bbox 1845 645 1954 674; x_wconf 89' lang='lat' dir='ltr'>nostros</span> <span class='ocrx_word' id='word_1_909' title='bbox 1973 646 2092 682; x_wconf 69' lang='lat' dir='ltr'>partium</span> <span class='ocrx_word' id='word_1_910' title='bbox 2116 646 2223 677; x_wconf 89' lang='lat' dir='ltr'>illarum</span> <span class='ocrx_word' id='word_1_911' title='bbox 2239 646 2287 684; x_wconf 91' lang='lat' dir='ltr'>(de</span> 
     </span>
     <span class='ocr_line' id='line_1_121' title="bbox 1225 677 2287 723; baseline 0.008 -16"><span class='ocrx_word' id='word_1_912' title='bbox 1225 677 1323 716; x_wconf 82' lang='lat' dir='ltr'>quibus</span> <span class='ocrx_word' id='word_1_913' title='bbox 1335 677 1567 716; x_wconf 77' lang='lat' dir='ltr'>1demJ0hannes</span> <span class='ocrx_word' id='word_1_914' title='bbox 1581 678 1750 717; x_wconf 73' lang='lat' dir='ltr'>Capitaneus</span> <span class='ocrx_word' id='word_1_915' title='bbox 1762 680 1831 718; x_wconf 86' lang='lat' dir='ltr'>fuit)</span> <span class='ocrx_word' id='word_1_916' title='bbox 1849 691 1882 711; x_wconf 88' lang='lat' dir='ltr'>ac</span> <span class='ocrx_word' id='word_1_917' title='bbox 1899 681 2067 713; x_wconf 81' lang='lat' dir='ltr'>Edwardurn</span> <span class='ocrx_word' id='word_1_918' title='bbox 2083 684 2118 714; x_wconf 86' lang='lat' dir='ltr'>de</span> <span class='ocrx_word' id='word_1_919' title='bbox 2131 684 2215 723; x_wconf 85' lang='lat' dir='ltr'>Brus,</span> <span class='ocrx_word' id='word_1_920' title='bbox 2228 683 2287 714; x_wconf 88' lang='lat' dir='ltr'>Ini-</span> 
     </span>
     <span class='ocr_line' id='line_1_122' title="bbox 1225 716 2287 758; baseline 0.008 -13"><span class='ocrx_word' id='word_1_921' title='bbox 1225 717 1337 746; x_wconf 88' lang='lat' dir='ltr'>micum</span> <span class='ocrx_word' id='word_1_922' title='bbox 1353 717 1386 747; x_wconf 87' lang='lat'>&amp;</span> <span class='ocrx_word' id='word_1_923' title='bbox 1402 716 1551 747; x_wconf 87' lang='lat' dir='ltr'>Rebellem</span> <span class='ocrx_word' id='word_1_924' title='bbox 1566 717 1693 748; x_wconf 90' lang='lat' dir='ltr'>nostrum</span> <span class='ocrx_word' id='word_1_925' title='bbox 1713 719 1778 758; x_wconf 90' lang='lat' dir='ltr'>(qui</span> <span class='ocrx_word' id='word_1_926' title='bbox 1791 718 1818 748; x_wconf 87' lang='lat' dir='ltr'>se</span> <span class='ocrx_word' id='word_1_927' title='bbox 1833 719 1863 748; x_wconf 88' lang='lat' dir='ltr'>in</span> <span class='ocrx_word' id='word_1_928' title='bbox 1879 719 1995 756; x_wconf 71' lang='lat' dir='ltr'>Regem</span> <span class='ocrx_word' id='word_1_929' title='bbox 2008 721 2152 753; x_wconf 62' lang='lat' dir='ltr'>Hiberniae</span> <span class='ocrx_word' id='word_1_930' title='bbox 2183 724 2212 752; x_wconf 91' lang='lat' dir='ltr'>in</span> <span class='ocrx_word' id='word_1_931' title='bbox 2232 733 2287 753; x_wconf 90' lang='lat' dir='ltr'>no·-</span> 
     </span>
     <span class='ocr_line' id='line_1_123' title="bbox 1226 747 2291 798; baseline 0.008 -14"><span class='ocrx_word' id='word_1_932' title='bbox 1226 753 1274 784; x_wconf 86' lang='lat' dir='ltr'>stri</span> <span class='ocrx_word' id='word_1_933' title='bbox 1290 753 1551 786; x_wconf 81' lang='lat' dir='ltr'>Exhaeredationem</span> <span class='ocrx_word' id='word_1_934' title='bbox 1574 755 1677 787; x_wconf 87' lang='lat' dir='ltr'>fecerat</span> <span class='ocrx_word' id='word_1_935' title='bbox 1703 757 1847 793; x_wconf 87' lang='lat' dir='ltr'>coronari)</span> <span class='ocrx_word' id='word_1_936' title='bbox 1869 757 1901 788; x_wconf 70' lang='grc' dir='ltr'>ὃς</span> <span class='ocrx_word' id='word_1_937' title='bbox 1919 758 2086 798; x_wconf 89' lang='lat' dir='ltr'>Complices</span> <span class='ocrx_word' id='word_1_938' title='bbox 2107 772 2140 792; x_wconf 87' lang='lat' dir='ltr'>ac</span> <span class='ocrx_word' id='word_1_939' title='bbox 2159 747 2291 792; x_wconf 47' lang='lat' dir='ltr'>{Fautores</span> 
     </span>
     <span class='ocr_line' id='line_1_124' title="bbox 1226 793 2290 838; baseline 0.008 -16"><span class='ocrx_word' id='word_1_940' title='bbox 1226 794 1305 830; x_wconf 85' lang='lat' dir='ltr'>suos,</span> <span class='ocrx_word' id='word_1_941' title='bbox 1322 793 1444 832; x_wconf 79' lang='lat' dir='ltr'>init03in</span> <span class='ocrx_word' id='word_1_942' title='bbox 1461 804 1518 832; x_wconf 86' lang='lat' dir='ltr'>quo</span> <span class='ocrx_word' id='word_1_943' title='bbox 1531 793 1646 833; x_wconf 85' lang='lat' dir='ltr'>quidem</span> <span class='ocrx_word' id='word_1_944' title='bbox 1661 794 1808 825; x_wconf 59' lang='lat' dir='ltr'>Conflictu</span> <span class='ocrx_word' id='word_1_945' title='bbox 1830 795 1921 826; x_wconf 67' lang='lat' dir='ltr'>dictus</span> <span class='ocrx_word' id='word_1_946' title='bbox 1942 796 2091 828; x_wconf 78' lang='lat' dir='ltr'>Edwardus</span> <span class='ocrx_word' id='word_1_947' title='bbox 2106 822 2116 837; x_wconf 91' lang='lat'>,</span> <span class='ocrx_word' id='word_1_948' title='bbox 2144 800 2177 830; x_wconf 69' lang='grc' dir='ltr'>ὃς</span> <span class='ocrx_word' id='word_1_949' title='bbox 2199 799 2290 838; x_wconf 77' lang='lat' dir='ltr'>plures</span> 
     </span>
     <span class='ocr_line' id='line_1_125' title="bbox 1227 830 2130 875; baseline 0.006 -14"><span class='ocrx_word' id='word_1_950' title='bbox 1227 830 1263 861; x_wconf 88' lang='lat' dir='ltr'>de</span> <span class='ocrx_word' id='word_1_951' title='bbox 1276 830 1476 869; x_wconf 85' lang='lat' dir='ltr'>Complicibus</span> <span class='ocrx_word' id='word_1_952' title='bbox 1490 832 1558 870; x_wconf 91' lang='lat' dir='ltr'>suis,</span> <span class='ocrx_word' id='word_1_953' title='bbox 1578 840 1660 870; x_wconf 85' lang='lat' dir='ltr'>prout</span> <span class='ocrx_word' id='word_1_954' title='bbox 1676 833 1808 863; x_wconf 85' lang='lat' dir='ltr'>Domino</span> <span class='ocrx_word' id='word_1_955' title='bbox 1821 833 1938 872; x_wconf 85' lang='lat' dir='ltr'>placuit,</span> <span class='ocrx_word' id='word_1_956' title='bbox 1955 835 2130 875; x_wconf 71' lang='lat' dir='ltr'>ceciderunt,</span> 
     </span>
    </p>

    <p class='ocr_par' dir='ltr' id='par_1_54' title="bbox 1229 870 2292 948">
     <span class='ocr_line' id='line_1_126' title="bbox 1268 870 2292 912; baseline 0.01 -13"><span class='ocrx_word' id='word_1_957' title='bbox 1268 872 1332 901; x_wconf 90' lang='lat' dir='ltr'>Nec</span> <span class='ocrx_word' id='word_1_958' title='bbox 1347 880 1406 900; x_wconf 92' lang='lat' dir='ltr'>non</span> <span class='ocrx_word' id='word_1_959' title='bbox 1421 870 1454 901; x_wconf 87' lang='lat'>&amp;</span> <span class='ocrx_word' id='word_1_960' title='bbox 1476 880 1530 908; x_wconf 90' lang='lat' dir='ltr'>pro</span> <span class='ocrx_word' id='word_1_961' title='bbox 1550 871 1630 901; x_wconf 92' lang='lat' dir='ltr'>bono</span> <span class='ocrx_word' id='word_1_962' title='bbox 1649 870 1788 909; x_wconf 82' lang='lat' dir='ltr'>Sei-vitio,</span> <span class='ocrx_word' id='word_1_963' title='bbox 1810 872 1884 909; x_wconf 81' lang='lat' dir='ltr'>quod</span> <span class='ocrx_word' id='word_1_964' title='bbox 1907 872 1983 903; x_wconf 88' lang='lat' dir='ltr'>idem</span> <span class='ocrx_word' id='word_1_965' title='bbox 2001 873 2140 912; x_wconf 76' lang='lat' dir='ltr'>johannes</span> <span class='ocrx_word' id='word_1_966' title='bbox 2160 876 2242 907; x_wconf 87' lang='lat' dir='ltr'>nobis</span> <span class='ocrx_word' id='word_1_967' title='bbox 2257 877 2292 909; x_wconf 71' lang='grc' dir='ltr'>δε</span> 
     </span>
     <span class='ocr_line' id='line_1_127' title="bbox 1229 907 1870 948; baseline 0.003 -10"><span class='ocrx_word' id='word_1_968' title='bbox 1229 907 1400 939; x_wconf 85' lang='lat' dir='ltr'>Haeredibus</span> <span class='ocrx_word' id='word_1_969' title='bbox 1413 908 1515 939; x_wconf 87' lang='lat' dir='ltr'>nostris</span> <span class='ocrx_word' id='word_1_970' title='bbox 1527 909 1672 948; x_wconf 86' lang='lat' dir='ltr'>impendet</span> <span class='ocrx_word' id='word_1_971' title='bbox 1687 911 1716 940; x_wconf 94' lang='lat' dir='ltr'>ir1</span> <span class='ocrx_word' id='word_1_972' title='bbox 1731 910 1870 940; x_wconf 88' lang='lat' dir='ltr'>futurum·</span> 
     </span>
    </p>

    <p class='ocr_par' dir='ltr' id='par_1_55' title="bbox 1230 933 2295 1064">
     <span class='ocr_line' id='line_1_128' title="bbox 1267 933 2295 991; baseline 0.006 -14"><span class='ocrx_word' id='word_1_973' title='bbox 1267 946 1300 976; x_wconf 90' lang='lat' dir='ltr'>In</span> <span class='ocrx_word' id='word_1_974' title='bbox 1316 946 1445 985; x_wconf 79' lang='lat' dir='ltr'>praesenti</span> <span class='ocrx_word' id='word_1_975' title='bbox 1459 947 1645 978; x_wconf 84' lang='lat' dir='ltr'>Parliamento</span> <span class='ocrx_word' id='word_1_976' title='bbox 1661 948 1774 986; x_wconf 91' lang='lat' dir='ltr'>nostro,</span> <span class='ocrx_word' id='word_1_977' title='bbox 1797 933 1873 986; x_wconf 71' lang='lat' dir='ltr'>apud³</span> <span class='ocrx_word' id='word_1_978' title='bbox 1890 948 2017 979; x_wconf 88' lang='lat' dir='ltr'>Eborum</span> <span class='ocrx_word' id='word_1_979' title='bbox 2038 948 2209 982; x_wconf 85' lang='lat' dir='ltr'>Convocato</span> <span class='ocrx_word' id='word_1_980' title='bbox 2223 976 2232 991; x_wconf 86' lang='lat'>,</span> <span class='ocrx_word' id='word_1_981' title='bbox 2258 953 2295 984; x_wconf 90' lang='lat' dir='ltr'>de</span> 
     </span>
     <span class='ocr_line' id='line_1_129' title="bbox 1230 985 2293 1029; baseline 0.006 -14"><span class='ocrx_word' id='word_1_982' title='bbox 1230 985 1336 1016; x_wconf 86' lang='lat' dir='ltr'>affensu</span> <span class='ocrx_word' id='word_1_983' title='bbox 1357 985 1553 1024; x_wconf 76' lang='lat' dir='ltr'>Praelatorurn,</span> <span class='ocrx_word' id='word_1_984' title='bbox 1569 985 1739 1025; x_wconf 89' lang='lat' dir='ltr'>Comitum,</span> <span class='ocrx_word' id='word_1_985' title='bbox 1760 986 1899 1017; x_wconf 90' lang='lat' dir='ltr'>Baronum</span> <span class='ocrx_word' id='word_1_986' title='bbox 1914 1010 1924 1026; x_wconf 85' lang='lat'>,</span> <span class='ocrx_word' id='word_1_987' title='bbox 1951 988 1984 1017; x_wconf 73' lang='grc' dir='ltr'><strong>ὃ(</strong></span> <span class='ocrx_word' id='word_1_988' title='bbox 2005 988 2122 1018; x_wconf 84' lang='lat' dir='ltr'>aliorum</span> <span class='ocrx_word' id='word_1_989' title='bbox 2145 1000 2293 1029; x_wconf 86' lang='lat' dir='ltr'>procerum</span> 
     </span>
     <span class='ocr_line' id='line_1_130' title="bbox 1231 1024 2018 1064; baseline 0.003 -11"><span class='ocrx_word' id='word_1_990' title='bbox 1231 1024 1327 1062; x_wconf 86' lang='lat' dir='ltr'>Regni</span> <span class='ocrx_word' id='word_1_991' title='bbox 1341 1024 1442 1061; x_wconf 91' lang='lat' dir='ltr'>nostri,</span> <span class='ocrx_word' id='word_1_992' title='bbox 1456 1026 1486 1054; x_wconf 92' lang='lat' dir='ltr'>in</span> <span class='ocrx_word' id='word_1_993' title='bbox 1500 1025 1603 1054; x_wconf 92' lang='lat' dir='ltr'>eodem</span> <span class='ocrx_word' id='word_1_994' title='bbox 1622 1024 1810 1059; x_wconf 83' lang='lat' dir='ltr'>Parliamento</span> <span class='ocrx_word' id='word_1_995' title='bbox 1825 1025 2000 1056; x_wconf 82' lang='lat' dir='ltr'>existentium</span> <span class='ocrx_word' id='word_1_996' title='bbox 2008 1048 2018 1064; x_wconf 88' lang='lat'>,</span> 
     </span>
    </p>

    <p class='ocr_par' dir='ltr' id='par_1_56' title="bbox 1231 1061 2295 1254">
     <span class='ocr_line' id='line_1_131' title="bbox 1268 1061 2294 1102; baseline 0.006 -10"><span class='ocrx_word' id='word_1_997' title='bbox 1268 1062 1441 1093; x_wconf 89' lang='lat' dir='ltr'>Dederimus</span> <span class='ocrx_word' id='word_1_998' title='bbox 1455 1085 1465 1101; x_wconf 83' lang='lat'>,</span> <span class='ocrx_word' id='word_1_999' title='bbox 1487 1061 1707 1094; x_wconf 71' lang='lat' dir='ltr'>concesserimus</span> <span class='ocrx_word' id='word_1_1000' title='bbox 1720 1087 1730 1102; x_wconf 91' lang='lat'>,</span> <span class='ocrx_word' id='word_1_1001' title='bbox 1753 1064 1786 1094; x_wconf 63' lang='grc' dir='ltr'>ὅ(</span> <span class='ocrx_word' id='word_1_1002' title='bbox 1806 1062 1891 1094; x_wconf 61' lang='lat' dir='ltr'>Carta</span> <span class='ocrx_word' id='word_1_1003' title='bbox 1921 1064 2016 1094; x_wconf 59' lang='lat' dir='ltr'>nostru</span> <span class='ocrx_word' id='word_1_1004' title='bbox 2037 1063 2294 1098; x_wconf 82' lang='lat' dir='ltr'>confirmaverimus</span> 
     </span>
     <span class='ocr_line' id='line_1_132' title="bbox 1231 1100 2295 1140; baseline 0.004 -9"><span class='ocrx_word' id='word_1_1005' title='bbox 1231 1102 1349 1139; x_wconf 81' lang='lat' dir='ltr'>praefato</span> <span class='ocrx_word' id='word_1_1006' title='bbox 1359 1100 1482 1139; x_wconf 89' lang='lat' dir='ltr'>Johanni</span> <span class='ocrx_word' id='word_1_1007' title='bbox 1495 1102 1599 1138; x_wconf 90' lang='lat' dir='ltr'>viginti</span> <span class='ocrx_word' id='word_1_1008' title='bbox 1616 1101 1712 1132; x_wconf 70' lang='lat' dir='ltr'>Libras</span> <span class='ocrx_word' id='word_1_1009' title='bbox 1729 1102 1812 1132; x_wconf 81' lang='lat' dir='ltr'>annui</span> <span class='ocrx_word' id='word_1_1010' title='bbox 1825 1101 1982 1140; x_wconf 85' lang='lat' dir='ltr'>Redditus,</span> <span class='ocrx_word' id='word_1_1011' title='bbox 1995 1102 2031 1132; x_wconf 88' lang='lat' dir='ltr'>de</span> <span class='ocrx_word' id='word_1_1012' title='bbox 2045 1103 2170 1134; x_wconf 86' lang='lat' dir='ltr'>Exitibus</span> <span class='ocrx_word' id='word_1_1013' title='bbox 2187 1104 2295 1135; x_wconf 90' lang='lat' dir='ltr'>Comi·</span> 
     </span>
     <span class='ocr_line' id='line_1_133' title="bbox 1232 1139 2294 1178; baseline 0.003 -8"><span class='ocrx_word' id='word_1_1014' title='bbox 1232 1139 1306 1170; x_wconf 87' lang='lat' dir='ltr'>tatus</span> <span class='ocrx_word' id='word_1_1015' title='bbox 1316 1139 1403 1169; x_wconf 89' lang='lat' dir='ltr'>nostri</span> <span class='ocrx_word' id='word_1_1016' title='bbox 1417 1139 1453 1170; x_wconf 88' lang='lat' dir='ltr'>de</span> <span class='ocrx_word' id='word_1_1017' title='bbox 1468 1139 1580 1170; x_wconf 89' lang='lat' dir='ltr'>Loveth</span> <span class='ocrx_word' id='word_1_1018' title='bbox 1589 1163 1598 1177; x_wconf 95' lang='lat'>,</span> <span class='ocrx_word' id='word_1_1019' title='bbox 1612 1140 1642 1170; x_wconf 90' lang='lat' dir='ltr'>in</span> <span class='ocrx_word' id='word_1_1020' title='bbox 1660 1140 1749 1170; x_wconf 85' lang='lat' dir='ltr'>Terra</span> <span class='ocrx_word' id='word_1_1021' title='bbox 1763 1139 1913 1178; x_wconf 67' lang='grc' dir='ltr'><strong>Ρῐεεά1έὶ3,</strong></span> <span class='ocrx_word' id='word_1_1022' title='bbox 1926 1140 1975 1170; x_wconf 90' lang='lat' dir='ltr'>sub</span> <span class='ocrx_word' id='word_1_1023' title='bbox 1993 1140 2126 1171; x_wconf 90' lang='lat' dir='ltr'>Nomine</span> <span class='ocrx_word' id='word_1_1024' title='bbox 2139 1143 2172 1173; x_wconf 86' lang='lat'>&amp;</span> <span class='ocrx_word' id='word_1_1025' title='bbox 2187 1142 2294 1173; x_wconf 88' lang='lat' dir='ltr'>Hono-</span> 
     </span>
     <span class='ocr_line' id='line_1_134' title="bbox 1233 1177 2294 1217; baseline 0.005 -9"><span class='ocrx_word' id='word_1_1026' title='bbox 1233 1188 1263 1208; x_wconf 87' lang='lat' dir='ltr'>re</span> <span class='ocrx_word' id='word_1_1027' title='bbox 1281 1177 1408 1208; x_wconf 85' lang='lat' dir='ltr'>Comitis</span> <span class='ocrx_word' id='word_1_1028' title='bbox 1422 1178 1459 1208; x_wconf 91' lang='lat' dir='ltr'>de</span> <span class='ocrx_word' id='word_1_1029' title='bbox 1480 1178 1612 1216; x_wconf 73' lang='lat' dir='ltr'>Loveth,</span> <span class='ocrx_word' id='word_1_1030' title='bbox 1630 1178 1774 1217; x_wconf 88' lang='lat' dir='ltr'>ipsumque</span> <span class='ocrx_word' id='word_1_1031' title='bbox 1793 1178 1811 1197; x_wconf 70' lang='lat'>&#39;¹‘</span> <span class='ocrx_word' id='word_1_1032' title='bbox 1824 1178 1984 1217; x_wconf 89' lang='lat' dir='ltr'>Johannem</span> <span class='ocrx_word' id='word_1_1033' title='bbox 2002 1180 2032 1209; x_wconf 89' lang='lat' dir='ltr'>in</span> <span class='ocrx_word' id='word_1_1034' title='bbox 2050 1177 2201 1212; x_wconf 86' lang='lat' dir='ltr'>Comitem</span> <span class='ocrx_word' id='word_1_1035' title='bbox 2222 1182 2294 1213; x_wconf 64' lang='lat' dir='ltr'>dieti</span> 
     </span>
     <span class='ocr_line' id='line_1_135' title="bbox 1236 1215 1815 1254; baseline 0.002 -8"><span class='ocrx_word' id='word_1_1036' title='bbox 1236 1215 1400 1247; x_wconf 72' lang='lat' dir='ltr'>Comitatus</span> <span class='ocrx_word' id='word_1_1037' title='bbox 1415 1216 1450 1247; x_wconf 93' lang='lat' dir='ltr'>de</span> <span class='ocrx_word' id='word_1_1038' title='bbox 1465 1216 1578 1248; x_wconf 89' lang='lat' dir='ltr'>Loveth</span> <span class='ocrx_word' id='word_1_1039' title='bbox 1594 1216 1815 1254; x_wconf 81' lang='lat' dir='ltr'>praefecerimus:</span> 
     </span>
    </p>

    <p class='ocr_par' dir='ltr' id='par_1_57' title="bbox 1237 1254 2301 1411">
     <span class='ocr_line' id='line_1_136' title="bbox 1272 1254 2300 1297; baseline 0.005 -12"><span class='ocrx_word' id='word_1_1040' title='bbox 1272 1255 1523 1293; x_wconf 76' lang='lat' dir='ltr'>HABENDAS,</span> <span class='ocrx_word' id='word_1_1041' title='bbox 1547 1255 1892 1293; x_wconf 76' lang='lat' dir='ltr'>PERCIPIENDAS,</span> <span class='ocrx_word' id='word_1_1042' title='bbox 1918 1255 1951 1286; x_wconf 91' lang='lat'>&amp;</span> <span class='ocrx_word' id='word_1_1043' title='bbox 1976 1254 2208 1289; x_wconf 77' lang='lat' dir='ltr'>TENENDAS</span> <span class='ocrx_word' id='word_1_1044' title='bbox 2224 1283 2234 1297; x_wconf 89' lang='lat'>,</span> <span class='ocrx_word' id='word_1_1045' title='bbox 2258 1261 2300 1290; x_wconf 85' lang='lat' dir='ltr'>ei-</span> 
     </span>
     <span class='ocr_line' id='line_1_137' title="bbox 1237 1292 2301 1336; baseline 0.006 -13"><span class='ocrx_word' id='word_1_1046' title='bbox 1237 1292 1305 1324; x_wconf 86' lang='lat' dir='ltr'>dem</span> <span class='ocrx_word' id='word_1_1047' title='bbox 1322 1293 1506 1332; x_wconf 88' lang='lat' dir='ltr'>Johanni,&amp;</span> <span class='ocrx_word' id='word_1_1048' title='bbox 1520 1293 1685 1325; x_wconf 77' lang='lat' dir='ltr'>Haeredibus</span> <span class='ocrx_word' id='word_1_1049' title='bbox 1700 1294 1751 1325; x_wconf 89' lang='lat' dir='ltr'>suis</span> <span class='ocrx_word' id='word_1_1050' title='bbox 1766 1293 1915 1332; x_wconf 83' lang='lat' dir='ltr'>Masculis,</span> <span class='ocrx_word' id='word_1_1051' title='bbox 1929 1294 1964 1324; x_wconf 90' lang='lat' dir='ltr'>de</span> <span class='ocrx_word' id='word_1_1052' title='bbox 1979 1303 2097 1331; x_wconf 86' lang='lat' dir='ltr'>corpore</span> <span class='ocrx_word' id='word_1_1053' title='bbox 2111 1295 2159 1325; x_wconf 90' lang='lat' dir='ltr'>suo</span> <span class='ocrx_word' id='word_1_1054' title='bbox 2176 1297 2301 1336; x_wconf 84' lang='lat' dir='ltr'>legitime</span> 
     </span>
     <span class='ocr_line' id='line_1_138' title="bbox 1237 1332 2300 1375; baseline 0.002 -13"><span class='ocrx_word' id='word_1_1055' title='bbox 1237 1333 1402 1370; x_wconf 87' lang='lat' dir='ltr'>procreatis,</span> <span class='ocrx_word' id='word_1_1056' title='bbox 1421 1332 1457 1362; x_wconf 93' lang='lat' dir='ltr'>de</span> <span class='ocrx_word' id='word_1_1057' title='bbox 1477 1332 1590 1371; x_wconf 84' lang='lat' dir='ltr'>Nobis,</span> <span class='ocrx_word' id='word_1_1058' title='bbox 1605 1333 1638 1363; x_wconf 89' lang='lat'>&amp;</span> <span class='ocrx_word' id='word_1_1059' title='bbox 1654 1332 1821 1363; x_wconf 87' lang='lat' dir='ltr'>Haeredibus</span> <span class='ocrx_word' id='word_1_1060' title='bbox 1835 1332 1951 1370; x_wconf 87' lang='lat' dir='ltr'>nostris,</span> <span class='ocrx_word' id='word_1_1061' title='bbox 1967 1342 2013 1369; x_wconf 87' lang='lat' dir='ltr'>per</span> <span class='ocrx_word' id='word_1_1062' title='bbox 2035 1333 2189 1364; x_wconf 84' lang='lat' dir='ltr'>Servitium</span> <span class='ocrx_word' id='word_1_1063' title='bbox 2205 1336 2300 1375; x_wconf 80' lang='lat' dir='ltr'>Qar-</span> 
     </span>
     <span class='ocr_line' id='line_1_139' title="bbox 1238 1370 2073 1411; baseline 0 -10"><span class='ocrx_word' id='word_1_1064' title='bbox 1238 1380 1275 1401; x_wconf 84' lang='lat' dir='ltr'>tae</span> <span class='ocrx_word' id='word_1_1065' title='bbox 1290 1373 1372 1411; x_wconf 84' lang='lat' dir='ltr'>partis</span> <span class='ocrx_word' id='word_1_1066' title='bbox 1386 1370 1475 1401; x_wconf 86' lang='lat' dir='ltr'>Feodi</span> <span class='ocrx_word' id='word_1_1067' title='bbox 1497 1370 1592 1402; x_wconf 83' lang='lat' dir='ltr'>Unius</span> <span class='ocrx_word' id='word_1_1068' title='bbox 1608 1371 1725 1410; x_wconf 88' lang='lat' dir='ltr'>Militis,</span> <span class='ocrx_word' id='word_1_1069' title='bbox 1745 1371 1793 1402; x_wconf 84' lang='lat' dir='ltr'>IM</span> <span class='ocrx_word' id='word_1_1070' title='bbox 1801 1380 1819 1401; x_wconf 81' lang='lat' dir='ltr'>P</span> <span class='ocrx_word' id='word_1_1071' title='bbox 1828 1380 1845 1401; x_wconf 82' lang='lat' dir='ltr'>E</span> <span class='ocrx_word' id='word_1_1072' title='bbox 1855 1380 1878 1401; x_wconf 85' lang='lat' dir='ltr'>R</span> <span class='ocrx_word' id='word_1_1073' title='bbox 1887 1380 1904 1401; x_wconf 86' lang='lat' dir='ltr'>P</span> <span class='ocrx_word' id='word_1_1074' title='bbox 1913 1381 1930 1401; x_wconf 74' lang='lat' dir='ltr'>e</span> <span class='ocrx_word' id='word_1_1075' title='bbox 1941 1379 1963 1400; x_wconf 84' lang='lat' dir='ltr'>T</span> <span class='ocrx_word' id='word_1_1076' title='bbox 1971 1379 1993 1400; x_wconf 83' lang='grc' dir='ltr'>υ</span> <span class='ocrx_word' id='word_1_1077' title='bbox 2004 1379 2027 1400; x_wconf 83' lang='lat' dir='ltr'>u</span> <span class='ocrx_word' id='word_1_1078' title='bbox 2036 1379 2073 1401; x_wconf 89' lang='lat' dir='ltr'>M.</span> 
     </span>
    </p>

    <p class='ocr_par' dir='ltr' id='par_1_58' title="bbox 1238 1408 2304 1565">
     <span class='ocr_line' id='line_1_140' title="bbox 1276 1408 2301 1449; baseline 0.003 -10"><span class='ocrx_word' id='word_1_1079' title='bbox 1276 1409 1329 1446; x_wconf 77' lang='lat' dir='ltr'>Et,</span> <span class='ocrx_word' id='word_1_1080' title='bbox 1348 1409 1367 1439; x_wconf 82' lang='lat' dir='ltr'>fi</span> <span class='ocrx_word' id='word_1_1081' title='bbox 1385 1409 1460 1439; x_wconf 86' lang='lat' dir='ltr'>idem</span> <span class='ocrx_word' id='word_1_1082' title='bbox 1475 1409 1619 1448; x_wconf 80' lang='lat' dir='ltr'>Johannes</span> <span class='ocrx_word' id='word_1_1083' title='bbox 1638 1410 1738 1440; x_wconf 86' lang='lat' dir='ltr'>obierit</span> <span class='ocrx_word' id='word_1_1084' title='bbox 1757 1411 1812 1440; x_wconf 89' lang='lat' dir='ltr'>fine</span> <span class='ocrx_word' id='word_1_1085' title='bbox 1825 1409 1949 1440; x_wconf 81' lang='lat' dir='ltr'>Haerede</span> <span class='ocrx_word' id='word_1_1086' title='bbox 1966 1408 2114 1445; x_wconf 81' lang='lat' dir='ltr'>Masculo,</span> <span class='ocrx_word' id='word_1_1087' title='bbox 2126 1410 2162 1440; x_wconf 91' lang='lat' dir='ltr'>de</span> <span class='ocrx_word' id='word_1_1088' title='bbox 2180 1421 2301 1449; x_wconf 88' lang='lat' dir='ltr'>corpore</span> 
     </span>
     <span class='ocr_line' id='line_1_141' title="bbox 1238 1447 2304 1490; baseline 0.004 -13"><span class='ocrx_word' id='word_1_1089' title='bbox 1238 1447 1286 1478; x_wconf 90' lang='lat' dir='ltr'>suo</span> <span class='ocrx_word' id='word_1_1090' title='bbox 1304 1448 1430 1483; x_wconf 79' lang='lat' dir='ltr'>legitime</span> <span class='ocrx_word' id='word_1_1091' title='bbox 1446 1457 1605 1485; x_wconf 81' lang='lat' dir='ltr'>procreato,</span> <span class='ocrx_word' id='word_1_1092' title='bbox 1620 1456 1687 1479; x_wconf 88' lang='lat' dir='ltr'>tunc</span> <span class='ocrx_word' id='word_1_1093' title='bbox 1702 1450 1805 1486; x_wconf 82' lang='lat' dir='ltr'>viginti</span> <span class='ocrx_word' id='word_1_1094' title='bbox 1827 1447 1925 1479; x_wconf 83' lang='lat' dir='ltr'>Librae</span> <span class='ocrx_word' id='word_1_1095' title='bbox 1945 1449 2029 1478; x_wconf 84' lang='lat' dir='ltr'>annui</span> <span class='ocrx_word' id='word_1_1096' title='bbox 2044 1448 2184 1479; x_wconf 85' lang='lat' dir='ltr'>Redditus</span> <span class='ocrx_word' id='word_1_1097' title='bbox 2203 1450 2304 1490; x_wconf 76' lang='lat' dir='ltr'>praedi-</span> 
     </span>
     <span class='ocr_line' id='line_1_142' title="bbox 1239 1486 2304 1526; baseline 0.003 -10"><span class='ocrx_word' id='word_1_1098' title='bbox 1239 1486 1295 1516; x_wconf 62' lang='lat' dir='ltr'>&amp;ae</span> <span class='ocrx_word' id='word_1_1099' title='bbox 1316 1486 1350 1516; x_wconf 86' lang='lat' dir='ltr'>ad</span> <span class='ocrx_word' id='word_1_1100' title='bbox 1368 1486 1432 1516; x_wconf 85' lang='lat' dir='ltr'>Nos</span> <span class='ocrx_word' id='word_1_1101' title='bbox 1449 1488 1482 1517; x_wconf 72' lang='grc' dir='ltr'><strong>ὃ(</strong></span> <span class='ocrx_word' id='word_1_1102' title='bbox 1496 1486 1630 1517; x_wconf 62' lang='lat' dir='ltr'>Haeredes</span> <span class='ocrx_word' id='word_1_1103' title='bbox 1650 1487 1760 1518; x_wconf 85' lang='lat' dir='ltr'>nostros</span> <span class='ocrx_word' id='word_1_1104' title='bbox 1773 1488 1882 1524; x_wconf 76' lang='lat' dir='ltr'>integre</span> <span class='ocrx_word' id='word_1_1105' title='bbox 1897 1495 2175 1526; x_wconf 70' lang='lat' dir='ltr'>revertantur3prout</span> <span class='ocrx_word' id='word_1_1106' title='bbox 2190 1489 2220 1519; x_wconf 91' lang='lat' dir='ltr'>in</span> <span class='ocrx_word' id='word_1_1107' title='bbox 2233 1488 2304 1519; x_wconf 82' lang='lat' dir='ltr'>Car-</span> 
     </span>
     <span class='ocr_line' id='line_1_143' title="bbox 1241 1523 2150 1565; baseline 0.003 -12"><span class='ocrx_word' id='word_1_1108' title='bbox 1241 1523 1269 1554; x_wconf 68' lang='lat' dir='ltr'>ta</span> <span class='ocrx_word' id='word_1_1109' title='bbox 1285 1523 1397 1562; x_wconf 70' lang='lat' dir='ltr'>nostru,</span> <span class='ocrx_word' id='word_1_1110' title='bbox 1413 1524 1528 1562; x_wconf 68' lang='lat' dir='ltr'>praefato</span> <span class='ocrx_word' id='word_1_1111' title='bbox 1541 1525 1662 1562; x_wconf 82' lang='lat' dir='ltr'>Johanni</span> <span class='ocrx_word' id='word_1_1112' title='bbox 1676 1525 1743 1556; x_wconf 82' lang='lat' dir='ltr'>inde</span> <span class='ocrx_word' id='word_1_1113' title='bbox 1758 1525 1848 1564; x_wconf 63' lang='lat' dir='ltr'>factu,</span> <span class='ocrx_word' id='word_1_1114' title='bbox 1862 1525 1969 1565; x_wconf 78' lang='lat' dir='ltr'>plenius</span> <span class='ocrx_word' id='word_1_1115' title='bbox 1984 1527 2150 1557; x_wconf 89' lang='lat' dir='ltr'>continetur.</span> 
     </span>
    </p>

    <p class='ocr_par' dir='ltr' id='par_1_59' title="bbox 1240 1563 2310 1795">
     <span class='ocr_line' id='line_1_144' title="bbox 1278 1563 2306 1604; baseline 0.004 -12"><span class='ocrx_word' id='word_1_1116' title='bbox 1278 1563 1346 1592; x_wconf 83' lang='lat' dir='ltr'>Nos</span> <span class='ocrx_word' id='word_1_1117' title='bbox 1356 1585 1365 1600; x_wconf 91' lang='lat'>,</span> <span class='ocrx_word' id='word_1_1118' title='bbox 1378 1564 1476 1593; x_wconf 88' lang='lat' dir='ltr'>intuitu</span> <span class='ocrx_word' id='word_1_1119' title='bbox 1492 1563 1562 1593; x_wconf 75' lang='lat' dir='ltr'>dieti</span> <span class='ocrx_word' id='word_1_1120' title='bbox 1577 1563 1730 1602; x_wconf 86' lang='lat' dir='ltr'>Obsequii,</span> <span class='ocrx_word' id='word_1_1121' title='bbox 1744 1564 1862 1602; x_wconf 80' lang='lat' dir='ltr'>impensi</span> <span class='ocrx_word' id='word_1_1122' title='bbox 1878 1565 1911 1594; x_wconf 62' lang='grc' dir='ltr'>ὃς</span> <span class='ocrx_word' id='word_1_1123' title='bbox 1928 1565 2128 1604; x_wconf 88' lang='lat' dir='ltr'>impendendi,</span> <span class='ocrx_word' id='word_1_1124' title='bbox 2142 1565 2176 1595; x_wconf 74' lang='grc' dir='ltr'>δε</span> <span class='ocrx_word' id='word_1_1125' title='bbox 2189 1574 2219 1596; x_wconf 90' lang='lat' dir='ltr'>ut</span> <span class='ocrx_word' id='word_1_1126' title='bbox 2233 1574 2306 1603; x_wconf 85' lang='lat' dir='ltr'>prae-</span> 
     </span>
     <span class='ocr_line' id='line_1_145' title="bbox 1240 1599 2306 1639; baseline 0.005 -9"><span class='ocrx_word' id='word_1_1127' title='bbox 1240 1599 1309 1632; x_wconf 83' lang='lat' dir='ltr'>fatus</span> <span class='ocrx_word' id='word_1_1128' title='bbox 1323 1601 1465 1639; x_wconf 78' lang='lat' dir='ltr'>Johannes</span> <span class='ocrx_word' id='word_1_1129' title='bbox 1481 1601 1580 1632; x_wconf 89' lang='lat' dir='ltr'>Nobis</span> <span class='ocrx_word' id='word_1_1130' title='bbox 1599 1603 1631 1633; x_wconf 90' lang='lat'>&amp;</span> <span class='ocrx_word' id='word_1_1131' title='bbox 1651 1602 1817 1633; x_wconf 77' lang='lat' dir='ltr'>Haeredibus</span> <span class='ocrx_word' id='word_1_1132' title='bbox 1835 1602 1935 1632; x_wconf 88' lang='lat' dir='ltr'>nostris</span> <span class='ocrx_word' id='word_1_1133' title='bbox 1960 1603 2204 1635; x_wconf 80' lang='lat' dir='ltr'>Honorificentius</span> <span class='ocrx_word' id='word_1_1134' title='bbox 2222 1604 2306 1635; x_wconf 85' lang='lat' dir='ltr'>servi-</span> 
     </span>
     <span class='ocr_line' id='line_1_146' title="bbox 1240 1639 2309 1681; baseline 0.004 -12"><span class='ocrx_word' id='word_1_1135' title='bbox 1240 1649 1286 1678; x_wconf 81' lang='lat' dir='ltr'>re,</span> <span class='ocrx_word' id='word_1_1136' title='bbox 1303 1640 1336 1670; x_wconf 69' lang='grc' dir='ltr'><strong>ὃ(</strong></span> <span class='ocrx_word' id='word_1_1137' title='bbox 1354 1639 1511 1670; x_wconf 90' lang='lat' dir='ltr'>Honorem</span> <span class='ocrx_word' id='word_1_1138' title='bbox 1530 1650 1564 1671; x_wconf 89' lang='lat' dir='ltr'>ac</span> <span class='ocrx_word' id='word_1_1139' title='bbox 1582 1650 1688 1671; x_wconf 90' lang='lat' dir='ltr'>nornen</span> <span class='ocrx_word' id='word_1_1140' title='bbox 1707 1640 1832 1671; x_wconf 89' lang='lat' dir='ltr'>Comitis</span> <span class='ocrx_word' id='word_1_1141' title='bbox 1854 1649 2033 1672; x_wconf 88' lang='lat' dir='ltr'>manutenere</span> <span class='ocrx_word' id='word_1_1142' title='bbox 2051 1642 2140 1673; x_wconf 84' lang='lat' dir='ltr'>valeat</span> <span class='ocrx_word' id='word_1_1143' title='bbox 2155 1666 2165 1681; x_wconf 95' lang='lat'>,</span> <span class='ocrx_word' id='word_1_1144' title='bbox 2184 1643 2214 1672; x_wconf 89' lang='lat' dir='ltr'>in</span> <span class='ocrx_word' id='word_1_1145' title='bbox 2234 1641 2309 1673; x_wconf 87' lang='lat' dir='ltr'>futu-</span> 
     </span>
     <span class='ocr_line' id='line_1_147' title="bbox 1240 1678 2310 1721; baseline 0.004 -14"><span class='ocrx_word' id='word_1_1146' title='bbox 1240 1678 1454 1716; x_wconf 87' lang='lat' dir='ltr'>rum,volentes</span> <span class='ocrx_word' id='word_1_1147' title='bbox 1471 1678 1560 1718; x_wconf 89' lang='lat' dir='ltr'>ipsum</span> <span class='ocrx_word' id='word_1_1148' title='bbox 1574 1679 1735 1718; x_wconf 79' lang='lat' dir='ltr'>johannem</span> <span class='ocrx_word' id='word_1_1149' title='bbox 1754 1680 1864 1710; x_wconf 89' lang='lat' dir='ltr'>uberius</span> <span class='ocrx_word' id='word_1_1150' title='bbox 1880 1679 2012 1717; x_wconf 89' lang='lat' dir='ltr'>respicere</span> <span class='ocrx_word' id='word_1_1151' title='bbox 2033 1680 2154 1711; x_wconf 88' lang='lat' dir='ltr'>Munere</span> <span class='ocrx_word' id='word_1_1152' title='bbox 2169 1681 2310 1721; x_wconf 86' lang='lat' dir='ltr'>gratioso,</span> 
     </span>
     <span class='ocr_line' id='line_1_148' title="bbox 1240 1716 2308 1757; baseline 0.005 -11"><span class='ocrx_word' id='word_1_1153' title='bbox 1240 1718 1269 1746; x_wconf 87' lang='lat' dir='ltr'>in</span> <span class='ocrx_word' id='word_1_1154' title='bbox 1283 1717 1384 1747; x_wconf 90' lang='lat' dir='ltr'>eodem</span> <span class='ocrx_word' id='word_1_1155' title='bbox 1403 1716 1609 1756; x_wconf 82' lang='lat' dir='ltr'>Parliamento,</span> <span class='ocrx_word' id='word_1_1156' title='bbox 1627 1717 1662 1748; x_wconf 91' lang='lat' dir='ltr'>de</span> <span class='ocrx_word' id='word_1_1157' title='bbox 1680 1717 1783 1748; x_wconf 79' lang='lat' dir='ltr'>assensu</span> <span class='ocrx_word' id='word_1_1158' title='bbox 1799 1717 1979 1748; x_wconf 78' lang='lat' dir='ltr'>Praelatorum</span> <span class='ocrx_word' id='word_1_1159' title='bbox 1994 1743 2004 1757; x_wconf 87' lang='lat'>,</span> <span class='ocrx_word' id='word_1_1160' title='bbox 2028 1717 2197 1757; x_wconf 83' lang='lat' dir='ltr'>Comitum,</span> <span class='ocrx_word' id='word_1_1161' title='bbox 2223 1719 2308 1751; x_wconf 88' lang='lat' dir='ltr'>Baro-</span> 
     </span>
     <span class='ocr_line' id='line_1_149' title="bbox 1241 1755 1933 1795; baseline 0.003 -10"><span class='ocrx_word' id='word_1_1162' title='bbox 1241 1765 1328 1794; x_wconf 74' lang='lat' dir='ltr'>num,</span> <span class='ocrx_word' id='word_1_1163' title='bbox 1349 1756 1382 1786; x_wconf 88' lang='lat'>&amp;</span> <span class='ocrx_word' id='word_1_1164' title='bbox 1401 1755 1520 1787; x_wconf 84' lang='lat' dir='ltr'>aliorum</span> <span class='ocrx_word' id='word_1_1165' title='bbox 1537 1755 1694 1787; x_wconf 84' lang='lat' dir='ltr'>Procerum</span> <span class='ocrx_word' id='word_1_1166' title='bbox 1712 1756 1933 1795; x_wconf 70' lang='lat' dir='ltr'>praediecorum,</span> 
     </span>
    </p>

    <p class='ocr_par' dir='ltr' id='par_1_60' title="bbox 1242 1794 2312 1987">
     <span class='ocr_line' id='line_1_150' title="bbox 1280 1794 2310 1836; baseline 0.003 -12"><span class='ocrx_word' id='word_1_1167' title='bbox 1280 1794 1420 1825; x_wconf 89' lang='lat' dir='ltr'>Dedimus</span> <span class='ocrx_word' id='word_1_1168' title='bbox 1437 1795 1463 1825; x_wconf 91' lang='lat' dir='ltr'>ei</span> <span class='ocrx_word' id='word_1_1169' title='bbox 1484 1795 1517 1826; x_wconf 87' lang='lat'>&amp;</span> <span class='ocrx_word' id='word_1_1170' title='bbox 1538 1795 1744 1834; x_wconf 78' lang='lat' dir='ltr'>concessimus,</span> <span class='ocrx_word' id='word_1_1171' title='bbox 1763 1805 1814 1833; x_wconf 88' lang='lat' dir='ltr'>pro</span> <span class='ocrx_word' id='word_1_1172' title='bbox 1829 1794 1927 1825; x_wconf 89' lang='lat' dir='ltr'>Nobis</span> <span class='ocrx_word' id='word_1_1173' title='bbox 1944 1796 1978 1826; x_wconf 91' lang='lat'>&amp;</span> <span class='ocrx_word' id='word_1_1174' title='bbox 2002 1795 2171 1827; x_wconf 85' lang='lat' dir='ltr'>Haeredibus</span> <span class='ocrx_word' id='word_1_1175' title='bbox 2194 1796 2310 1836; x_wconf 84' lang='lat' dir='ltr'>nostris,</span> 
     </span>
     <span class='ocr_line' id='line_1_151' title="bbox 1242 1832 2312 1872; baseline 0.004 -10"><span class='ocrx_word' id='word_1_1176' title='bbox 1242 1832 1381 1863; x_wconf 75' lang='lat' dir='ltr'>residuum</span> <span class='ocrx_word' id='word_1_1177' title='bbox 1398 1835 1522 1864; x_wconf 88' lang='lat' dir='ltr'>exituum</span> <span class='ocrx_word' id='word_1_1178' title='bbox 1539 1834 1611 1864; x_wconf 64' lang='lat' dir='ltr'>dieti</span> <span class='ocrx_word' id='word_1_1179' title='bbox 1630 1832 1792 1864; x_wconf 87' lang='lat' dir='ltr'>Comitatus</span> <span class='ocrx_word' id='word_1_1180' title='bbox 1808 1834 1845 1865; x_wconf 90' lang='lat' dir='ltr'>de</span> <span class='ocrx_word' id='word_1_1181' title='bbox 1864 1834 1994 1872; x_wconf 83' lang='lat' dir='ltr'>Loveth,</span> <span class='ocrx_word' id='word_1_1182' title='bbox 2011 1835 2044 1865; x_wconf 91' lang='lat'>&amp;</span> <span class='ocrx_word' id='word_1_1183' title='bbox 2069 1843 2161 1866; x_wconf 90' lang='lat' dir='ltr'>totum</span> <span class='ocrx_word' id='word_1_1184' title='bbox 2179 1834 2312 1867; x_wconf 86' lang='lat' dir='ltr'>Comita-</span> 
     </span>
     <span class='ocr_line' id='line_1_152' title="bbox 1244 1871 2310 1913; baseline 0.004 -12"><span class='ocrx_word' id='word_1_1185' title='bbox 1244 1879 1306 1901; x_wconf 91' lang='lat' dir='ltr'>tum</span> <span class='ocrx_word' id='word_1_1186' title='bbox 1324 1871 1420 1909; x_wconf 87' lang='lat' dir='ltr'>illum,</span> <span class='ocrx_word' id='word_1_1187' title='bbox 1435 1882 1468 1902; x_wconf 87' lang='lat' dir='ltr'>ac</span> <span class='ocrx_word' id='word_1_1188' title='bbox 1488 1871 1632 1902; x_wconf 86' lang='lat' dir='ltr'>Officium</span> <span class='ocrx_word' id='word_1_1189' title='bbox 1655 1871 1846 1902; x_wconf 68' lang='lat' dir='ltr'>vicecomitis</span> <span class='ocrx_word' id='word_1_1190' title='bbox 1865 1871 2028 1903; x_wconf 71' lang='lat' dir='ltr'>Comitatus</span> <span class='ocrx_word' id='word_1_1191' title='bbox 2044 1873 2136 1913; x_wconf 85' lang='lat' dir='ltr'>illius,</span> <span class='ocrx_word' id='word_1_1192' title='bbox 2158 1874 2191 1905; x_wconf 63' lang='grc' dir='ltr'>ὃς</span> <span class='ocrx_word' id='word_1_1193' title='bbox 2211 1875 2310 1905; x_wconf 74' lang='lat' dir='ltr'>omnin</span> 
     </span>
     <span class='ocr_line' id='line_1_153' title="bbox 1244 1909 2309 1950; baseline 0.003 -10"><span class='ocrx_word' id='word_1_1194' title='bbox 1244 1919 1307 1947; x_wconf 83' lang='lat' dir='ltr'>quae</span> <span class='ocrx_word' id='word_1_1195' title='bbox 1322 1909 1355 1940; x_wconf 85' lang='lat' dir='ltr'>ad</span> <span class='ocrx_word' id='word_1_1196' title='bbox 1372 1909 1514 1941; x_wconf 87' lang='lat' dir='ltr'>Officium</span> <span class='ocrx_word' id='word_1_1197' title='bbox 1537 1912 1722 1942; x_wconf 89' lang='lat' dir='ltr'>Vicecomitis</span> <span class='ocrx_word' id='word_1_1198' title='bbox 1743 1911 1853 1942; x_wconf 89' lang='lat' dir='ltr'>ibidem</span> <span class='ocrx_word' id='word_1_1199' title='bbox 1879 1911 2040 1950; x_wconf 81' lang='lat' dir='ltr'>pertinent,</span> <span class='ocrx_word' id='word_1_1200' title='bbox 2063 1922 2177 1943; x_wconf 89' lang='lat' dir='ltr'>necnon</span> <span class='ocrx_word' id='word_1_1201' title='bbox 2201 1913 2234 1943; x_wconf 78' lang='grc' dir='ltr'>δε</span> <span class='ocrx_word' id='word_1_1202' title='bbox 2258 1913 2309 1943; x_wconf 89' lang='lat' dir='ltr'>Li-</span> 
     </span>
     <span class='ocr_line' id='line_1_154' title="bbox 1244 1948 1733 1987; baseline 0 -9"><span class='ocrx_word' id='word_1_1203' title='bbox 1244 1949 1380 1979; x_wconf 87' lang='lat' dir='ltr'>bertatem</span> <span class='ocrx_word' id='word_1_1204' title='bbox 1405 1948 1569 1980; x_wconf 70' lang='lat' dir='ltr'>Comitatus</span> <span class='ocrx_word' id='word_1_1205' title='bbox 1583 1949 1733 1987; x_wconf 67' lang='lat' dir='ltr'>praediffl,</span> 
     </span>
    </p>

    <p class='ocr_par' dir='ltr' id='par_1_61' title="bbox 1244 1986 2317 2334">
     <span class='ocr_line' id='line_1_155' title="bbox 1281 1986 2311 2031; baseline 0.003 -14"><span class='ocrx_word' id='word_1_1206' title='bbox 1281 1986 1313 2017; x_wconf 91' lang='lat' dir='ltr'>H</span> <span class='ocrx_word' id='word_1_1207' title='bbox 1322 1997 1342 2017; x_wconf 86' lang='lat' dir='ltr'>A</span> <span class='ocrx_word' id='word_1_1208' title='bbox 1352 1996 1371 2016; x_wconf 82' lang='grc' dir='ltr'><strong>Β</strong></span> <span class='ocrx_word' id='word_1_1209' title='bbox 1382 1996 1399 2017; x_wconf 77' lang='grc' dir='ltr'>Ε</span> <span class='ocrx_word' id='word_1_1210' title='bbox 1410 1996 1433 2017; x_wconf 82' lang='lat' dir='ltr'>N</span> <span class='ocrx_word' id='word_1_1211' title='bbox 1444 1997 1464 2017; x_wconf 90' lang='lat' dir='ltr'>D</span> <span class='ocrx_word' id='word_1_1212' title='bbox 1474 1998 1493 2018; x_wconf 79' lang='grc' dir='ltr'>Α</span> <span class='ocrx_word' id='word_1_1213' title='bbox 1520 1988 1554 2019; x_wconf 90' lang='lat'>&amp;</span> <span class='ocrx_word' id='word_1_1214' title='bbox 1583 1988 1639 2019; x_wconf 77' lang='lat' dir='ltr'>TE</span> <span class='ocrx_word' id='word_1_1215' title='bbox 1649 1996 1672 2018; x_wconf 83' lang='lat' dir='ltr'>N</span> <span class='ocrx_word' id='word_1_1216' title='bbox 1682 1997 1700 2018; x_wconf 78' lang='lat' dir='ltr'>E</span> <span class='ocrx_word' id='word_1_1217' title='bbox 1711 1996 1733 2017; x_wconf 84' lang='lat' dir='ltr'>N</span> <span class='ocrx_word' id='word_1_1218' title='bbox 1745 1997 1766 2018; x_wconf 90' lang='lat' dir='ltr'>D</span> <span class='ocrx_word' id='word_1_1219' title='bbox 1776 1998 1796 2017; x_wconf 89' lang='lat' dir='ltr'>A</span> <span class='ocrx_word' id='word_1_1220' title='bbox 1827 1987 1919 2018; x_wconf 88' lang='lat' dir='ltr'>eidem</span> <span class='ocrx_word' id='word_1_1221' title='bbox 1954 1988 2059 2020; x_wconf 89' lang='lat' dir='ltr'>ohanni</span> <span class='ocrx_word' id='word_1_1222' title='bbox 2080 1988 2115 2019; x_wconf 92' lang='lat' dir='ltr'>de</span> <span class='ocrx_word' id='word_1_1223' title='bbox 2135 1989 2311 2031; x_wconf 87' lang='lat' dir='ltr'>Bermynge-</span> 
     </span>
     <span class='ocr_line' id='line_1_156' title="bbox 1244 2025 2312 2067; baseline 0.003 -11"><span class='ocrx_word' id='word_1_1224' title='bbox 1244 2026 1369 2063; x_wconf 80' lang='lat' dir='ltr'>ham,ad</span> <span class='ocrx_word' id='word_1_1225' title='bbox 1388 2035 1478 2056; x_wconf 86' lang='lat' dir='ltr'>totam</span> <span class='ocrx_word' id='word_1_1226' title='bbox 1496 2028 1584 2057; x_wconf 89' lang='lat' dir='ltr'>viram</span> <span class='ocrx_word' id='word_1_1227' title='bbox 1601 2028 1696 2064; x_wconf 89' lang='lat' dir='ltr'>suam,</span> <span class='ocrx_word' id='word_1_1228' title='bbox 1713 2025 1749 2056; x_wconf 90' lang='lat' dir='ltr'>de</span> <span class='ocrx_word' id='word_1_1229' title='bbox 1766 2026 1864 2056; x_wconf 91' lang='lat' dir='ltr'>Nobis</span> <span class='ocrx_word' id='word_1_1230' title='bbox 1881 2027 1914 2057; x_wconf 90' lang='lat'>&amp;</span> <span class='ocrx_word' id='word_1_1231' title='bbox 1968 2027 2101 2058; x_wconf 86' lang='lat' dir='ltr'>aeredibus</span> <span class='ocrx_word' id='word_1_1232' title='bbox 2118 2027 2312 2067; x_wconf 83' lang='lat' dir='ltr'>nostris,cum</span> 
     </span>
     <span class='ocr_line' id='line_1_157' title="bbox 1245 2061 2313 2105; baseline 0.003 -11"><span class='ocrx_word' id='word_1_1233' title='bbox 1245 2064 1344 2094; x_wconf 88' lang='lat' dir='ltr'>Feodis</span> <span class='ocrx_word' id='word_1_1234' title='bbox 1364 2061 1512 2102; x_wconf 86' lang='lat' dir='ltr'>Militum,</span> <span class='ocrx_word' id='word_1_1235' title='bbox 1533 2064 1776 2095; x_wconf 89' lang='lat' dir='ltr'>Advocationibus</span> <span class='ocrx_word' id='word_1_1236' title='bbox 1793 2063 1997 2104; x_wconf 80' lang='lat' dir='ltr'>Ecclefiarum,</span> <span class='ocrx_word' id='word_1_1237' title='bbox 2017 2064 2197 2103; x_wconf 84' lang='lat' dir='ltr'>Capellarum</span> <span class='ocrx_word' id='word_1_1238' title='bbox 2212 2089 2222 2105; x_wconf 87' lang='lat'><em>‚</em></span> <span class='ocrx_word' id='word_1_1239' title='bbox 2250 2066 2313 2098; x_wconf 80' lang='lat' dir='ltr'>Ab·</span> 
     </span>
     <span class='ocr_line' id='line_1_158' title="bbox 1244 2102 2313 2142; baseline 0.002 -9"><span class='ocrx_word' id='word_1_1240' title='bbox 1244 2103 1398 2140; x_wconf 79' lang='lat' dir='ltr'>batiarum,</span> <span class='ocrx_word' id='word_1_1241' title='bbox 1421 2102 1614 2142; x_wconf 81' lang='lat' dir='ltr'>Prioratuum,</span> <span class='ocrx_word' id='word_1_1242' title='bbox 1636 2102 1841 2141; x_wconf 75' lang='lat' dir='ltr'>Hospitalium,</span> <span class='ocrx_word' id='word_1_1243' title='bbox 1859 2104 1892 2134; x_wconf 90' lang='lat'>&amp;</span> <span class='ocrx_word' id='word_1_1244' title='bbox 1911 2104 2025 2134; x_wconf 78' lang='lat' dir='ltr'>aliarum</span> <span class='ocrx_word' id='word_1_1245' title='bbox 2043 2103 2211 2135; x_wconf 90' lang='lat' dir='ltr'>Domorum</span> <span class='ocrx_word' id='word_1_1246' title='bbox 2230 2104 2313 2136; x_wconf 85' lang='lat' dir='ltr'>Reli-</span> 
     </span>
     <span class='ocr_line' id='line_1_159' title="bbox 1246 2141 2314 2181; baseline 0.002 -10"><span class='ocrx_word' id='word_1_1247' title='bbox 1246 2141 1387 2178; x_wconf 84' lang='lat' dir='ltr'>giosarum</span> <span class='ocrx_word' id='word_1_1248' title='bbox 1405 2142 1435 2171; x_wconf 92' lang='lat' dir='ltr'>in</span> <span class='ocrx_word' id='word_1_1249' title='bbox 1452 2141 1532 2173; x_wconf 66' lang='lat' dir='ltr'>dicto</span> <span class='ocrx_word' id='word_1_1250' title='bbox 1547 2141 1695 2172; x_wconf 85' lang='lat' dir='ltr'>Comitatu</span> <span class='ocrx_word' id='word_1_1251' title='bbox 1713 2142 1749 2172; x_wconf 90' lang='lat' dir='ltr'>de</span> <span class='ocrx_word' id='word_1_1252' title='bbox 1766 2141 2224 2181; x_wconf 83' lang='lat' dir='ltr'>Loveth,Libertatibus,Liberis</span> <span class='ocrx_word' id='word_1_1253' title='bbox 2232 2142 2314 2174; x_wconf 77' lang='lat' dir='ltr'>Con·</span> 
     </span>
     <span class='ocr_line' id='line_1_160' title="bbox 1244 2179 2314 2219; baseline 0.002 -9"><span class='ocrx_word' id='word_1_1254' title='bbox 1244 2179 1487 2218; x_wconf 85' lang='lat' dir='ltr'>suetudinibus‚&amp;</span> <span class='ocrx_word' id='word_1_1255' title='bbox 1506 2181 1638 2211; x_wconf 87' lang='lat' dir='ltr'>omnibus</span> <span class='ocrx_word' id='word_1_1256' title='bbox 1655 2180 1714 2210; x_wconf 89' lang='lat' dir='ltr'>aliis</span> <span class='ocrx_word' id='word_1_1257' title='bbox 1732 2180 1767 2210; x_wconf 87' lang='lat' dir='ltr'>ad</span> <span class='ocrx_word' id='word_1_1258' title='bbox 1786 2179 1965 2211; x_wconf 83' lang='lat' dir='ltr'>Comitatum</span> <span class='ocrx_word' id='word_1_1259' title='bbox 1982 2181 2151 2219; x_wconf 70' lang='lat' dir='ltr'>praeditstum</span> <span class='ocrx_word' id='word_1_1260' title='bbox 2168 2180 2314 2212; x_wconf 89' lang='lat' dir='ltr'>Pertinen-</span> 
     </span>
     <span class='ocr_line' id='line_1_161' title="bbox 1246 2218 2316 2257; baseline 0.001 -8"><span class='ocrx_word' id='word_1_1261' title='bbox 1246 2220 1335 2257; x_wconf 82' lang='lat' dir='ltr'>tibus,</span> <span class='ocrx_word' id='word_1_1262' title='bbox 1349 2218 1421 2248; x_wconf 81' lang='lat' dir='ltr'>adeo</span> <span class='ocrx_word' id='word_1_1263' title='bbox 1439 2218 1521 2256; x_wconf 82' lang='lat' dir='ltr'>plene</span> <span class='ocrx_word' id='word_1_1264' title='bbox 1542 2220 1575 2250; x_wconf 87' lang='lat'>&amp;</span> <span class='ocrx_word' id='word_1_1265' title='bbox 1590 2220 1699 2255; x_wconf 83' lang='lat' dir='ltr'>integre</span> <span class='ocrx_word' id='word_1_1266' title='bbox 1717 2219 1786 2250; x_wconf 84' lang='lat' dir='ltr'>ficut</span> <span class='ocrx_word' id='word_1_1267' title='bbox 1820 2218 1936 2250; x_wconf 64' lang='lat' dir='ltr'>dilectus</span> <span class='ocrx_word' id='word_1_1268' title='bbox 1954 2220 1987 2250; x_wconf 68' lang='grc' dir='ltr'><strong>ὃ(</strong></span> <span class='ocrx_word' id='word_1_1269' title='bbox 2003 2219 2089 2250; x_wconf 85' lang='lat' dir='ltr'>fidelis</span> <span class='ocrx_word' id='word_1_1270' title='bbox 2100 2219 2194 2250; x_wconf 85' lang='lat' dir='ltr'>noster</span> <span class='ocrx_word' id='word_1_1271' title='bbox 2230 2220 2316 2251; x_wconf 81' lang='lat' dir='ltr'>Tho-</span> 
     </span>
     <span class='ocr_line' id='line_1_162' title="bbox 1249 2240 2317 2296; baseline 0.003 -9"><span class='ocrx_word' id='word_1_1272' title='bbox 1249 2267 1322 2295; x_wconf 88' lang='lat' dir='ltr'>mas,</span> <span class='ocrx_word' id='word_1_1273' title='bbox 1338 2257 1361 2287; x_wconf 83' lang='lat' dir='ltr'>F</span> <span class='ocrx_word' id='word_1_1274' title='bbox 1362 2257 1572 2295; x_wconf 83' lang='lat' dir='ltr'>ilius-Johannis</span> <span class='ocrx_word' id='word_1_1275' title='bbox 1595 2256 1704 2288; x_wconf 85' lang='lat' dir='ltr'>Comes</span> <span class='ocrx_word' id='word_1_1276' title='bbox 1728 2257 1764 2288; x_wconf 90' lang='lat' dir='ltr'>de</span> <span class='ocrx_word' id='word_1_1277' title='bbox 1781 2240 1900 2287; x_wconf 67' lang='lat' dir='ltr'>Kfldare</span> <span class='ocrx_word' id='word_1_1278' title='bbox 1914 2279 1925 2296; x_wconf 84' lang='lat'>,</span> <span class='ocrx_word' id='word_1_1279' title='bbox 1948 2257 2129 2289; x_wconf 87' lang='lat' dir='ltr'>Comitatum</span> <span class='ocrx_word' id='word_1_1280' title='bbox 2149 2258 2184 2288; x_wconf 91' lang='lat' dir='ltr'>de</span> <span class='ocrx_word' id='word_1_1281' title='bbox 2202 2243 2317 2290; x_wconf 68' lang='lat' dir='ltr'>kildare</span> 
     </span>
     <span class='ocr_line' id='line_1_163' title="bbox 1246 2303 1339 2334; baseline -0.011 -8"><span class='ocrx_word' id='word_1_1282' title='bbox 1246 2303 1339 2334; x_wconf 80' lang='lat' dir='ltr'>tenet3</span> 
     </span>
    </p>
   </div>
   <div class='ocr_carea' id='block_1_40' title="bbox 1249 2332 2325 2875">
    <p class='ocr_par' dir='ltr' id='par_1_62' title="bbox 1249 2332 2320 2448">
     <span class='ocr_line' id='line_1_164' title="bbox 1285 2332 2320 2378; baseline 0.002 -14"><span class='ocrx_word' id='word_1_1283' title='bbox 1285 2334 1363 2364; x_wconf 80' lang='lat' dir='ltr'>Exce</span> <span class='ocrx_word' id='word_1_1284' title='bbox 1383 2335 1416 2365; x_wconf 89' lang='lat' dir='ltr'>tis</span> <span class='ocrx_word' id='word_1_1285' title='bbox 1429 2333 1627 2364; x_wconf 89' lang='lat' dir='ltr'>tantummodo</span> <span class='ocrx_word' id='word_1_1286' title='bbox 1642 2342 1759 2378; x_wconf 80' lang='lat' dir='ltr'>quatuor</span> <span class='ocrx_word' id='word_1_1287' title='bbox 1768 2332 1899 2372; x_wconf 79' lang='lat' dir='ltr'>Placitis3</span> <span class='ocrx_word' id='word_1_1288' title='bbox 1913 2334 2061 2372; x_wconf 89' lang='lat' dir='ltr'>videlicet,</span> <span class='ocrx_word' id='word_1_1289' title='bbox 2074 2334 2111 2365; x_wconf 89' lang='lat' dir='ltr'>de</span> <span class='ocrx_word' id='word_1_1290' title='bbox 2126 2334 2237 2374; x_wconf 84' lang='lat' dir='ltr'>Raptu,</span> <span class='ocrx_word' id='word_1_1291' title='bbox 2250 2335 2320 2366; x_wconf 60' lang='lat' dir='ltr'>For*</span> 
     </span>
     <span class='ocr_line' id='line_1_165' title="bbox 1249 2343 2315 2414; baseline 0.002 -12"><span class='ocrx_word' id='word_1_1292' title='bbox 1249 2371 1345 2410; x_wconf 84' lang='lat' dir='ltr'>stallo,</span> <span class='ocrx_word' id='word_1_1293' title='bbox 1363 2343 1518 2409; x_wconf 67' lang='lat' dir='ltr'>fneendio,</span> <span class='ocrx_word' id='word_1_1294' title='bbox 1531 2372 1563 2402; x_wconf 88' lang='lat'>&amp;</span> <span class='ocrx_word' id='word_1_1295' title='bbox 1582 2373 1726 2403; x_wconf 76' lang='lat' dir='ltr'>Thesauro</span> <span class='ocrx_word' id='word_1_1296' title='bbox 1742 2372 1925 2411; x_wconf 88' lang='lat' dir='ltr'>Invento,&amp;</span> <span class='ocrx_word' id='word_1_1297' title='bbox 1943 2373 2021 2404; x_wconf 65' lang='lat' dir='ltr'>Villa</span> <span class='ocrx_word' id='word_1_1298' title='bbox 2036 2373 2132 2404; x_wconf 64' lang='lat' dir='ltr'>nostru</span> <span class='ocrx_word' id='word_1_1299' title='bbox 2145 2373 2180 2404; x_wconf 92' lang='lat' dir='ltr'>de</span> <span class='ocrx_word' id='word_1_1300' title='bbox 2196 2373 2315 2414; x_wconf 84' lang='lat' dir='ltr'>Drogh-</span> 
     </span>
     <span class='ocr_line' id='line_1_166' title="bbox 1249 2410 2116 2448; baseline 0 -7"><span class='ocrx_word' id='word_1_1301' title='bbox 1249 2411 1285 2441; x_wconf 84' lang='lat' dir='ltr'>da</span> <span class='ocrx_word' id='word_1_1302' title='bbox 1318 2421 1386 2442; x_wconf 88' lang='lat' dir='ltr'>cum</span> <span class='ocrx_word' id='word_1_1303' title='bbox 1404 2412 1589 2448; x_wconf 80' lang='lat' dir='ltr'>pertinentiis,</span> <span class='ocrx_word' id='word_1_1304' title='bbox 1604 2412 1634 2441; x_wconf 90' lang='lat' dir='ltr'>in</span> <span class='ocrx_word' id='word_1_1305' title='bbox 1648 2411 1751 2442; x_wconf 90' lang='lat' dir='ltr'>eodem</span> <span class='ocrx_word' id='word_1_1306' title='bbox 1767 2410 1919 2442; x_wconf 86' lang='lat' dir='ltr'>Comitatu</span> <span class='ocrx_word' id='word_1_1307' title='bbox 1939 2410 1976 2443; x_wconf 91' lang='lat' dir='ltr'>de</span> <span class='ocrx_word' id='word_1_1308' title='bbox 1992 2412 2116 2444; x_wconf 86' lang='lat' dir='ltr'>Loveth:</span> 
     </span>
    </p>

    <p class='ocr_par' dir='ltr' id='par_1_63' title="bbox 1250 2434 2322 2604">
     <span class='ocr_line' id='line_1_167' title="bbox 1286 2434 2320 2489; baseline 0.003 -10"><span class='ocrx_word' id='word_1_1309' title='bbox 1286 2434 1323 2479; x_wconf 60' lang='lat' dir='ltr'>Et</span> <span class='ocrx_word' id='word_1_1310' title='bbox 1342 2451 1462 2487; x_wconf 83' lang='lat' dir='ltr'>exceptis</span> <span class='ocrx_word' id='word_1_1311' title='bbox 1480 2448 1633 2486; x_wconf 86' lang='lat' dir='ltr'>Homagiis</span> <span class='ocrx_word' id='word_1_1312' title='bbox 1647 2473 1657 2489; x_wconf 84' lang='lat'>,</span> <span class='ocrx_word' id='word_1_1313' title='bbox 1682 2450 1716 2480; x_wconf 89' lang='lat'>&amp;</span> <span class='ocrx_word' id='word_1_1314' title='bbox 1734 2449 1859 2481; x_wconf 88' lang='lat' dir='ltr'>Servitiis</span> <span class='ocrx_word' id='word_1_1315' title='bbox 1881 2449 2036 2488; x_wconf 90' lang='lat' dir='ltr'>Nepotum</span> <span class='ocrx_word' id='word_1_1316' title='bbox 2061 2449 2224 2482; x_wconf 85' lang='lat' dir='ltr'>nostrorum</span> <span class='ocrx_word' id='word_1_1317' title='bbox 2248 2474 2258 2489; x_wconf 87' lang='lat'>,</span> <span class='ocrx_word' id='word_1_1318' title='bbox 2285 2451 2320 2481; x_wconf 90' lang='lat'>&amp;</span> 
     </span>
     <span class='ocr_line' id='line_1_168' title="bbox 1250 2487 2321 2528; baseline 0.002 -10"><span class='ocrx_word' id='word_1_1319' title='bbox 1250 2488 1410 2526; x_wconf 79' lang='lat' dir='ltr'>Neptium,</span> <span class='ocrx_word' id='word_1_1320' title='bbox 1426 2488 1446 2517; x_wconf 86' lang='lat' dir='ltr'>fi</span> <span class='ocrx_word' id='word_1_1321' title='bbox 1463 2498 1525 2525; x_wconf 80' lang='lat' dir='ltr'>quae</span> <span class='ocrx_word' id='word_1_1322' title='bbox 1543 2487 1611 2525; x_wconf 71' lang='lat' dir='ltr'>sint,</span> <span class='ocrx_word' id='word_1_1323' title='bbox 1628 2496 1682 2526; x_wconf 84' lang='lat' dir='ltr'>que</span> <span class='ocrx_word' id='word_1_1324' title='bbox 1700 2487 1800 2519; x_wconf 89' lang='lat' dir='ltr'>Nobis</span> <span class='ocrx_word' id='word_1_1325' title='bbox 1817 2488 1969 2526; x_wconf 86' lang='lat' dir='ltr'>specialiter</span> <span class='ocrx_word' id='word_1_1326' title='bbox 1992 2489 2162 2520; x_wconf 87' lang='lat' dir='ltr'>reservamus</span> <span class='ocrx_word' id='word_1_1327' title='bbox 2177 2501 2187 2528; x_wconf 80' lang='lat'>3</span> <span class='ocrx_word' id='word_1_1328' title='bbox 2209 2488 2321 2520; x_wconf 89' lang='lat' dir='ltr'>Nolen-</span> 
     </span>
     <span class='ocr_line' id='line_1_169' title="bbox 1250 2526 2322 2566; baseline 0.002 -9"><span class='ocrx_word' id='word_1_1329' title='bbox 1250 2536 1291 2557; x_wconf 87' lang='lat' dir='ltr'>tes</span> <span class='ocrx_word' id='word_1_1330' title='bbox 1310 2527 1389 2564; x_wconf 81' lang='lat' dir='ltr'>quod</span> <span class='ocrx_word' id='word_1_1331' title='bbox 1406 2526 1489 2560; x_wconf 63' lang='lat' dir='ltr'>dietis</span> <span class='ocrx_word' id='word_1_1332' title='bbox 1508 2526 1685 2566; x_wconf 87' lang='lat' dir='ltr'>Nepotibus,</span> <span class='ocrx_word' id='word_1_1333' title='bbox 1699 2535 1744 2558; x_wconf 89' lang='lat' dir='ltr'>aut</span> <span class='ocrx_word' id='word_1_1334' title='bbox 1761 2526 1904 2565; x_wconf 85' lang='lat' dir='ltr'>Neptibus</span> <span class='ocrx_word' id='word_1_1335' title='bbox 1925 2526 2025 2558; x_wconf 90' lang='lat' dir='ltr'>nostris</span> <span class='ocrx_word' id='word_1_1336' title='bbox 2051 2537 2101 2566; x_wconf 89' lang='lat' dir='ltr'>per</span> <span class='ocrx_word' id='word_1_1337' title='bbox 2124 2527 2322 2559; x_wconf 86' lang='lat' dir='ltr'>Donationem</span> 
     </span>
     <span class='ocr_line' id='line_1_170' title="bbox 1251 2564 2130 2604; baseline 0 -8"><span class='ocrx_word' id='word_1_1338' title='bbox 1251 2566 1285 2596; x_wconf 87' lang='lat'>&amp;</span> <span class='ocrx_word' id='word_1_1339' title='bbox 1310 2565 1534 2596; x_wconf 83' lang='lat' dir='ltr'>Conceffionem</span> <span class='ocrx_word' id='word_1_1340' title='bbox 1549 2564 1670 2604; x_wconf 78' lang='lat' dir='ltr'>nostras,</span> <span class='ocrx_word' id='word_1_1341' title='bbox 1688 2565 1885 2603; x_wconf 68' lang='lat' dir='ltr'>praejudicetur</span> <span class='ocrx_word' id='word_1_1342' title='bbox 1924 2567 2004 2596; x_wconf 90' lang='lat' dir='ltr'>uovis</span> <span class='ocrx_word' id='word_1_1343' title='bbox 2025 2566 2130 2596; x_wconf 90' lang='lat' dir='ltr'>modo:</span> 
     </span>
    </p>

    <p class='ocr_par' dir='ltr' id='par_1_64' title="bbox 1254 2603 2323 2720">
     <span class='ocr_line' id='line_1_171' title="bbox 1288 2603 2322 2636; baseline 0.001 -2"><span class='ocrx_word' id='word_1_1344' title='bbox 1288 2603 1377 2635; x_wconf 87' lang='lat' dir='ltr'>Salvis</span> <span class='ocrx_word' id='word_1_1345' title='bbox 1398 2605 1481 2634; x_wconf 88' lang='lat' dir='ltr'>etiam</span> <span class='ocrx_word' id='word_1_1346' title='bbox 1500 2604 1533 2633; x_wconf 87' lang='lat'>&amp;</span> <span class='ocrx_word' id='word_1_1347' title='bbox 1552 2603 1710 2635; x_wconf 88' lang='lat' dir='ltr'>Reservatis</span> <span class='ocrx_word' id='word_1_1348' title='bbox 1723 2604 1822 2634; x_wconf 90' lang='lat' dir='ltr'>Nobis</span> <span class='ocrx_word' id='word_1_1349' title='bbox 1841 2605 1875 2635; x_wconf 90' lang='lat'>&amp;</span> <span class='ocrx_word' id='word_1_1350' title='bbox 1929 2604 2066 2635; x_wconf 82' lang='lat' dir='ltr'>aeredibus</span> <span class='ocrx_word' id='word_1_1351' title='bbox 2080 2604 2182 2635; x_wconf 88' lang='lat' dir='ltr'>nostris</span> <span class='ocrx_word' id='word_1_1352' title='bbox 2204 2603 2322 2636; x_wconf 82' lang='lat' dir='ltr'>Croceis</span> 
     </span>
     <span class='ocr_line' id='line_1_172' title="bbox 1254 2641 2323 2680; baseline 0.003 -8"><span class='ocrx_word' id='word_1_1353' title='bbox 1254 2644 1283 2672; x_wconf 90' lang='lat' dir='ltr'>in</span> <span class='ocrx_word' id='word_1_1354' title='bbox 1305 2642 1386 2674; x_wconf 67' lang='lat' dir='ltr'>die&#39;to</span> <span class='ocrx_word' id='word_1_1355' title='bbox 1404 2641 1555 2673; x_wconf 86' lang='lat' dir='ltr'>Comitatu</span> <span class='ocrx_word' id='word_1_1356' title='bbox 1576 2642 1612 2672; x_wconf 92' lang='lat' dir='ltr'>de</span> <span class='ocrx_word' id='word_1_1357' title='bbox 1634 2642 1766 2680; x_wconf 88' lang='lat' dir='ltr'>Loveth,</span> <span class='ocrx_word' id='word_1_1358' title='bbox 1783 2643 1851 2673; x_wconf 80' lang='lat' dir='ltr'>sicut</span> <span class='ocrx_word' id='word_1_1359' title='bbox 1865 2644 1895 2672; x_wconf 93' lang='lat' dir='ltr'>in</span> <span class='ocrx_word' id='word_1_1360' title='bbox 1912 2643 1968 2673; x_wconf 77' lang='lat' dir='ltr'>aliis</span> <span class='ocrx_word' id='word_1_1361' title='bbox 1985 2642 2175 2674; x_wconf 86' lang='lat' dir='ltr'>Comitatibus</span> <span class='ocrx_word' id='word_1_1362' title='bbox 2198 2643 2323 2675; x_wconf 87' lang='lat' dir='ltr'>Liberta-</span> 
     </span>
     <span class='ocr_line' id='line_1_173' title="bbox 1254 2680 2099 2720; baseline 0 -8"><span class='ocrx_word' id='word_1_1363' title='bbox 1254 2691 1315 2712; x_wconf 87' lang='lat' dir='ltr'>tum</span> <span class='ocrx_word' id='word_1_1364' title='bbox 1324 2704 1334 2720; x_wconf 85' lang='lat'>,</span> <span class='ocrx_word' id='word_1_1365' title='bbox 1352 2683 1381 2711; x_wconf 91' lang='lat' dir='ltr'>in</span> <span class='ocrx_word' id='word_1_1366' title='bbox 1399 2680 1494 2711; x_wconf 67' lang='lat' dir='ltr'>Terru</span> <span class='ocrx_word' id='word_1_1367' title='bbox 1511 2680 1604 2711; x_wconf 66' lang='lat' dir='ltr'>nostru</span> <span class='ocrx_word' id='word_1_1368' title='bbox 1621 2681 1790 2720; x_wconf 87' lang='lat' dir='ltr'>Hiberniae,</span> <span class='ocrx_word' id='word_1_1369' title='bbox 1804 2681 1903 2712; x_wconf 90' lang='lat' dir='ltr'>Nobis</span> <span class='ocrx_word' id='word_1_1370' title='bbox 1916 2681 2099 2720; x_wconf 61' lang='lat' dir='ltr'>reservantur,</span> 
     </span>
    </p>

    <p class='ocr_par' dir='ltr' id='par_1_65' title="bbox 1255 2719 2325 2875">
     <span class='ocr_line' id='line_1_174' title="bbox 1293 2719 2322 2757; baseline 0.002 -7"><span class='ocrx_word' id='word_1_1371' title='bbox 1293 2719 1333 2750; x_wconf 88' lang='lat' dir='ltr'>Ita</span> <span class='ocrx_word' id='word_1_1372' title='bbox 1350 2728 1442 2750; x_wconf 87' lang='lat' dir='ltr'>tamen</span> <span class='ocrx_word' id='word_1_1373' title='bbox 1460 2719 1536 2757; x_wconf 88' lang='lat' dir='ltr'>quod</span> <span class='ocrx_word' id='word_1_1374' title='bbox 1556 2719 1665 2751; x_wconf 67' lang='lat' dir='ltr'>dietum</span> <span class='ocrx_word' id='word_1_1375' title='bbox 1683 2720 1839 2750; x_wconf 83' lang='lat' dir='ltr'>Residuum</span> <span class='ocrx_word' id='word_1_1376' title='bbox 1857 2720 1993 2750; x_wconf 73' lang='lat' dir='ltr'>Exituum</span> <span class='ocrx_word' id='word_1_1377' title='bbox 2013 2721 2085 2751; x_wconf 67' lang='lat' dir='ltr'>dieti</span> <span class='ocrx_word' id='word_1_1378' title='bbox 2106 2719 2269 2751; x_wconf 88' lang='lat' dir='ltr'>Comitatus</span> <span class='ocrx_word' id='word_1_1379' title='bbox 2287 2719 2322 2752; x_wconf 89' lang='lat' dir='ltr'>de</span> 
     </span>
     <span class='ocr_line' id='line_1_175' title="bbox 1255 2757 2325 2797; baseline 0 -8"><span class='ocrx_word' id='word_1_1380' title='bbox 1255 2759 1368 2790; x_wconf 89' lang='lat' dir='ltr'>Loveth</span> <span class='ocrx_word' id='word_1_1381' title='bbox 1379 2781 1388 2797; x_wconf 86' lang='lat'>,</span> <span class='ocrx_word' id='word_1_1382' title='bbox 1404 2759 1436 2790; x_wconf 87' lang='lat'>&amp;</span> <span class='ocrx_word' id='word_1_1383' title='bbox 1454 2759 1530 2788; x_wconf 91' lang='lat' dir='ltr'>idem</span> <span class='ocrx_word' id='word_1_1384' title='bbox 1551 2758 1728 2797; x_wconf 84' lang='lat' dir='ltr'>Comitatus,</span> <span class='ocrx_word' id='word_1_1385' title='bbox 1742 2768 1775 2788; x_wconf 87' lang='lat' dir='ltr'>ac</span> <span class='ocrx_word' id='word_1_1386' title='bbox 1796 2758 1941 2789; x_wconf 88' lang='lat' dir='ltr'>Officium</span> <span class='ocrx_word' id='word_1_1387' title='bbox 1959 2757 2146 2790; x_wconf 84' lang='lat' dir='ltr'>Vicecomitis</span> <span class='ocrx_word' id='word_1_1388' title='bbox 2161 2757 2325 2790; x_wconf 85' lang='lat' dir='ltr'>Comitatus</span> 
     </span>
     <span class='ocr_line' id='line_1_176' title="bbox 1256 2796 2323 2866; baseline 0.001 -39"><span class='ocrx_word' id='word_1_1389' title='bbox 1256 2798 1339 2835; x_wconf 77' lang='lat' dir='ltr'>illius,</span> <span class='ocrx_word' id='word_1_1390' title='bbox 1356 2798 1389 2828; x_wconf 88' lang='lat'>&amp;</span> <span class='ocrx_word' id='word_1_1391' title='bbox 1407 2797 1456 2828; x_wconf 86' lang='lat' dir='ltr'>alia</span> <span class='ocrx_word' id='word_1_1392' title='bbox 1475 2796 1627 2834; x_wconf 69' lang='lat' dir='ltr'>supradieta</span> <span class='ocrx_word' id='word_1_1393' title='bbox 1643 2796 1898 2866; x_wconf 42' lang='lat' dir='ltr'>praefatcssJohanni</span> <span class='ocrx_word' id='word_1_1394' title='bbox 1915 2797 1951 2827; x_wconf 93' lang='lat' dir='ltr'>de</span> <span class='ocrx_word' id='word_1_1395' title='bbox 1969 2796 2217 2838; x_wconf 87' lang='lat' dir='ltr'>Bermyngeham,</span> <span class='ocrx_word' id='word_1_1396' title='bbox 2231 2797 2265 2828; x_wconf 89' lang='lat' dir='ltr'>ad</span> <span class='ocrx_word' id='word_1_1397' title='bbox 2280 2799 2323 2828; x_wconf 90' lang='lat' dir='ltr'>vi-</span> 
     </span>
     <span class='ocr_line' id='line_1_177' title="bbox 1257 2835 2323 2875; baseline 0 -8"><span class='ocrx_word' id='word_1_1398' title='bbox 1257 2845 1314 2867; x_wconf 82' lang='lat' dir='ltr'>tam</span> <span class='ocrx_word' id='word_1_1399' title='bbox 1327 2836 1401 2866; x_wconf 89' lang='lat' dir='ltr'>suam</span> <span class='ocrx_word' id='word_1_1400' title='bbox 1421 2835 1568 2866; x_wconf 74' lang='grc' dir='ltr'>Ι-ΙΑΒΕΝ</span> <span class='ocrx_word' id='word_1_1401' title='bbox 1582 2845 1651 2875; x_wconf 84' lang='lat' dir='ltr'>DA,</span> <span class='ocrx_word' id='word_1_1402' title='bbox 1673 2844 1721 2873; x_wconf 87' lang='lat' dir='ltr'>per</span> <span class='ocrx_word' id='word_1_1403' title='bbox 1778 2845 1809 2865; x_wconf 90' lang='lat' dir='ltr'>os</span> <span class='ocrx_word' id='word_1_1404' title='bbox 1833 2835 1870 2866; x_wconf 84' lang='lat' dir='ltr'>fic</span> <span class='ocrx_word' id='word_1_1405' title='bbox 1897 2835 2026 2866; x_wconf 77' lang='lat' dir='ltr'>concessa</span> <span class='ocrx_word' id='word_1_1406' title='bbox 2041 2859 2050 2874; x_wconf 86' lang='lat'>,</span> <span class='ocrx_word' id='word_1_1407' title='bbox 2081 2835 2145 2874; x_wconf 89' lang='lat' dir='ltr'>post</span> <span class='ocrx_word' id='word_1_1408' title='bbox 2166 2835 2323 2867; x_wconf 79' lang='lat' dir='ltr'>Deceffum</span> 
     </span>
    </p>
   </div>
   <div class='ocr_carea' id='block_1_41' title="bbox 1257 2873 2166 2991">
    <p class='ocr_par' dir='ltr' id='par_1_66' title="bbox 1257 2873 2166 2991">
     <span class='ocr_line' id='line_1_178' title="bbox 1257 2873 2166 2917; baseline 0 -12"><span class='ocrx_word' id='word_1_1409' title='bbox 1257 2874 1395 2917; x_wconf 83' lang='lat' dir='ltr'>ejusdem,</span> <span class='ocrx_word' id='word_1_1410' title='bbox 1410 2874 1444 2904; x_wconf 87' lang='lat' dir='ltr'>ad</span> <span class='ocrx_word' id='word_1_1411' title='bbox 1458 2873 1524 2904; x_wconf 86' lang='lat' dir='ltr'>Nos</span> <span class='ocrx_word' id='word_1_1412' title='bbox 1536 2875 1570 2905; x_wconf 65' lang='grc' dir='ltr'>ὃς</span> <span class='ocrx_word' id='word_1_1413' title='bbox 1585 2874 1719 2905; x_wconf 87' lang='lat' dir='ltr'>Haeredes</span> <span class='ocrx_word' id='word_1_1414' title='bbox 1733 2873 1845 2904; x_wconf 90' lang='lat' dir='ltr'>nostros</span> <span class='ocrx_word' id='word_1_1415' title='bbox 1861 2875 1973 2912; x_wconf 76' lang='lat' dir='ltr'>integre</span> <span class='ocrx_word' id='word_1_1416' title='bbox 1989 2882 2166 2907; x_wconf 83' lang='lat' dir='ltr'>revertantur.</span> 
     </span>
     <span class='ocr_line' id='line_1_179' title="bbox 1294 2913 1993 2991; baseline 0 -8"><span class='ocrx_word' id='word_1_1417' title='bbox 1294 2913 1425 2983; x_wconf 44' lang='lat' dir='ltr'>In&#39;lcgffg</span> <span class='ocrx_word' id='word_1_1418' title='bbox 1432 2913 1525 2989; x_wconf 57' lang='lat' dir='ltr'>&#39;Rssgge</span> <span class='ocrx_word' id='word_1_1419' title='bbox 1538 2951 1611 2989; x_wconf 85' lang='lat' dir='ltr'>apud</span> <span class='ocrx_word' id='word_1_1420' title='bbox 1625 2950 1772 2991; x_wconf 82' lang='lat' dir='ltr'>Eborum,</span> <span class='ocrx_word' id='word_1_1421' title='bbox 1790 2961 1834 2982; x_wconf 86' lang='lat'>12.</span> <span class='ocrx_word' id='word_1_1422' title='bbox 1849 2952 1896 2983; x_wconf 89' lang='lat' dir='ltr'>die</span> <span class='ocrx_word' id='word_1_1423' title='bbox 1908 2950 1993 2983; x_wconf 85' lang='lat' dir='ltr'>Maii.</span> 
     </span>
    </p>
   </div>
   <div class='ocr_carea' id='block_1_42' title="bbox 1295 3027 2288 3106">
    <p class='ocr_par' dir='ltr' id='par_1_67' title="bbox 1295 3027 2288 3106">
     <span class='ocr_line' id='line_1_180' title="bbox 1295 3027 2288 3106; baseline -0.045 -6"><span class='ocrx_word' id='word_1_1424' title='bbox 1295 3066 1444 3106; x_wconf 80' lang='lat' dir='ltr'>Dupplicat</span> <span class='ocrx_word' id='word_1_1425' title='bbox 2013 3031 2038 3058; x_wconf 85' lang='grc' dir='ltr'><strong><em>Ρ</em></strong></span> <span class='ocrx_word' id='word_1_1426' title='bbox 2039 3039 2068 3058; x_wconf 67' lang='lat' dir='ltr'>er</span> <span class='ocrx_word' id='word_1_1427' title='bbox 2083 3027 2166 3068; x_wconf 68' lang='lat' dir='ltr'>iPffiW</span> <span class='ocrx_word' id='word_1_1428' title='bbox 2183 3030 2288 3066; x_wconf 79' lang='lat' dir='ltr'>Regem.</span> 
     </span>
    </p>
   </div>
   <div class='ocr_carea' id='block_1_43' title="bbox 1257 3142 2328 3528">
    <p class='ocr_par' dir='ltr' id='par_1_68' title="bbox 1321 3142 2328 3182">
     <span class='ocr_line' id='line_1_181' title="bbox 1321 3142 2328 3182; baseline -0.002 -8"><span class='ocrx_word' id='word_1_1429' title='bbox 1321 3143 1352 3174; x_wconf 92' lang='lat' dir='ltr'>T</span> <span class='ocrx_word' id='word_1_1430' title='bbox 1378 3143 1548 3174; x_wconf 83' lang='lat' dir='ltr'>Mandatum</span> <span class='ocrx_word' id='word_1_1431' title='bbox 1570 3142 1610 3174; x_wconf 90' lang='lat' dir='ltr'>est</span> <span class='ocrx_word' id='word_1_1432' title='bbox 1639 3143 1825 3182; x_wconf 83' lang='lat' dir='ltr'>Comitibus,</span> <span class='ocrx_word' id='word_1_1433' title='bbox 1850 3143 2020 3182; x_wconf 86' lang='lat' dir='ltr'>Baronibus,</span> <span class='ocrx_word' id='word_1_1434' title='bbox 2038 3143 2196 3181; x_wconf 87' lang='lat' dir='ltr'>Militibus,</span> <span class='ocrx_word' id='word_1_1435' title='bbox 2221 3142 2328 3173; x_wconf 73' lang='lat' dir='ltr'>Libens</span> 
     </span>
    </p>

    <p class='ocr_par' dir='ltr' id='par_1_69' title="bbox 1257 3181 2326 3491">
     <span class='ocr_line' id='line_1_182' title="bbox 1337 3181 2325 3220; baseline -0.002 -8"><span class='ocrx_word' id='word_1_1436' title='bbox 1337 3182 1573 3220; x_wconf 81' lang='lat' dir='ltr'>Hominibus,&amp;</span> <span class='ocrx_word' id='word_1_1437' title='bbox 1590 3184 1726 3214; x_wconf 89' lang='lat' dir='ltr'>omnibus</span> <span class='ocrx_word' id='word_1_1438' title='bbox 1743 3184 1800 3214; x_wconf 83' lang='lat' dir='ltr'>aliis</span> <span class='ocrx_word' id='word_1_1439' title='bbox 1808 3183 1986 3213; x_wconf 86' lang='lat' dir='ltr'>Tenentibus</span> <span class='ocrx_word' id='word_1_1440' title='bbox 2002 3182 2037 3212; x_wconf 88' lang='lat' dir='ltr'>de</span> <span class='ocrx_word' id='word_1_1441' title='bbox 2057 3181 2203 3212; x_wconf 87' lang='lat' dir='ltr'>Comitatu</span> <span class='ocrx_word' id='word_1_1442' title='bbox 2215 3181 2251 3211; x_wconf 88' lang='lat' dir='ltr'>de</span> <span class='ocrx_word' id='word_1_1443' title='bbox 2266 3181 2325 3210; x_wconf 87' lang='lat' dir='ltr'>Lo-</span> 
     </span>
     <span class='ocr_line' id='line_1_183' title="bbox 1263 3219 2326 3261; baseline -0.002 -10"><span class='ocrx_word' id='word_1_1444' title='bbox 1263 3221 1331 3252; x_wconf 88' lang='lat' dir='ltr'>veth</span> <span class='ocrx_word' id='word_1_1445' title='bbox 1349 3222 1377 3250; x_wconf 90' lang='lat' dir='ltr'>in</span> <span class='ocrx_word' id='word_1_1446' title='bbox 1394 3220 1535 3251; x_wconf 82' lang='lat' dir='ltr'>Hibernia</span> <span class='ocrx_word' id='word_1_1447' title='bbox 1565 3221 1640 3261; x_wconf 90' lang='lat' dir='ltr'>quod</span> <span class='ocrx_word' id='word_1_1448' title='bbox 1658 3222 1774 3259; x_wconf 69' lang='lat' dir='ltr'>praefato</span> <span class='ocrx_word' id='word_1_1449' title='bbox 1790 3222 1910 3260; x_wconf 87' lang='lat' dir='ltr'>Johanni</span> <span class='ocrx_word' id='word_1_1450' title='bbox 1926 3244 1936 3259; x_wconf 93' lang='lat'>,</span> <span class='ocrx_word' id='word_1_1451' title='bbox 1961 3219 2070 3250; x_wconf 90' lang='lat' dir='ltr'>Comiti</span> <span class='ocrx_word' id='word_1_1452' title='bbox 2089 3220 2125 3250; x_wconf 90' lang='lat' dir='ltr'>de</span> <span class='ocrx_word' id='word_1_1453' title='bbox 2144 3219 2255 3250; x_wconf 67' lang='lat' dir='ltr'>loveth</span> <span class='ocrx_word' id='word_1_1454' title='bbox 2266 3241 2275 3257; x_wconf 82' lang='lat'>,</span> <span class='ocrx_word' id='word_1_1455' title='bbox 2289 3219 2326 3249; x_wconf 90' lang='lat' dir='ltr'>de</span> 
     </span>
     <span class='ocr_line' id='line_1_184' title="bbox 1263 3244 2325 3302; baseline -0.003 -12"><span class='ocrx_word' id='word_1_1456' title='bbox 1263 3259 1414 3296; x_wconf 85' lang='lat' dir='ltr'>Homagiis</span> <span class='ocrx_word' id='word_1_1457' title='bbox 1428 3282 1439 3297; x_wconf 95' lang='lat'>,</span> <span class='ocrx_word' id='word_1_1458' title='bbox 1471 3244 1678 3297; x_wconf 76' lang='lat' dir='ltr'>Fidelitatibus,</span> <span class='ocrx_word' id='word_1_1459' title='bbox 1697 3261 1731 3291; x_wconf 72' lang='grc' dir='ltr'><strong>ὃ(</strong></span> <span class='ocrx_word' id='word_1_1460' title='bbox 1751 3261 1809 3290; x_wconf 83' lang='grc'><strong>31113</strong></span> <span class='ocrx_word' id='word_1_1461' title='bbox 1826 3260 1948 3290; x_wconf 86' lang='lat' dir='ltr'>Servitiis</span> <span class='ocrx_word' id='word_1_1462' title='bbox 1966 3258 2032 3302; x_wconf 80' lang='lat' dir='ltr'>suis,</span> <span class='ocrx_word' id='word_1_1463' title='bbox 2050 3260 2155 3302; x_wconf 81' lang='lat' dir='ltr'>ratione</span> <span class='ocrx_word' id='word_1_1464' title='bbox 2174 3258 2325 3301; x_wconf 65' lang='lat' dir='ltr'>praedicto-</span> 
     </span>
     <span class='ocr_line' id='line_1_185' title="bbox 1261 3296 2323 3340; baseline -0.004 -11"><span class='ocrx_word' id='word_1_1465' title='bbox 1261 3308 1327 3329; x_wconf 85' lang='lat' dir='ltr'>rum</span> <span class='ocrx_word' id='word_1_1466' title='bbox 1345 3297 1508 3329; x_wconf 75' lang='lat' dir='ltr'>Comitatus</span> <span class='ocrx_word' id='word_1_1467' title='bbox 1527 3299 1559 3328; x_wconf 69' lang='grc' dir='ltr'><strong>ὅ(</strong></span> <span class='ocrx_word' id='word_1_1468' title='bbox 1577 3298 1724 3328; x_wconf 83' lang='lat' dir='ltr'>Libertatis</span> <span class='ocrx_word' id='word_1_1469' title='bbox 1738 3298 1837 3329; x_wconf 90' lang='lat' dir='ltr'>debitis</span> <span class='ocrx_word' id='word_1_1470' title='bbox 1856 3300 1996 3335; x_wconf 74' lang='lat' dir='ltr'>(exceptis</span> <span class='ocrx_word' id='word_1_1471' title='bbox 2013 3297 2167 3340; x_wconf 79' lang='lat' dir='ltr'>Homagiis</span> <span class='ocrx_word' id='word_1_1472' title='bbox 2180 3298 2212 3327; x_wconf 75' lang='grc' dir='ltr'><strong>ὃ(</strong></span> <span class='ocrx_word' id='word_1_1473' title='bbox 2229 3296 2323 3326; x_wconf 79' lang='lat' dir='ltr'>Servi-</span> 
     </span>
     <span class='ocr_line' id='line_1_186' title="bbox 1261 3335 2325 3377; baseline -0.004 -10"><span class='ocrx_word' id='word_1_1474' title='bbox 1261 3338 1304 3368; x_wconf 93' lang='lat' dir='ltr'>tiis</span> <span class='ocrx_word' id='word_1_1475' title='bbox 1321 3336 1472 3374; x_wconf 89' lang='lat' dir='ltr'>Nepotum</span> <span class='ocrx_word' id='word_1_1476' title='bbox 1491 3336 1583 3373; x_wconf 82' lang='lat' dir='ltr'>Regis</span> <span class='ocrx_word' id='word_1_1477' title='bbox 1602 3337 1634 3367; x_wconf 88' lang='lat'>&amp;</span> <span class='ocrx_word' id='word_1_1478' title='bbox 1653 3337 1793 3374; x_wconf 89' lang='lat' dir='ltr'>Neptium</span> <span class='ocrx_word' id='word_1_1479' title='bbox 1810 3336 2010 3374; x_wconf 62' lang='lat' dir='ltr'>praedictorum</span> <span class='ocrx_word' id='word_1_1480' title='bbox 2026 3358 2035 3374; x_wconf 90' lang='lat'>,</span> <span class='ocrx_word' id='word_1_1481' title='bbox 2062 3338 2081 3365; x_wconf 82' lang='lat'>{1</span> <span class='ocrx_word' id='word_1_1482' title='bbox 2106 3345 2168 3373; x_wconf 81' lang='lat' dir='ltr'>quae</span> <span class='ocrx_word' id='word_1_1483' title='bbox 2192 3335 2240 3377; x_wconf 73' lang='lat' dir='ltr'>sint</span> <span class='ocrx_word' id='word_1_1484' title='bbox 2256 3356 2265 3371; x_wconf 84' lang='lat'>,</span> <span class='ocrx_word' id='word_1_1485' title='bbox 2290 3343 2325 3363; x_wconf 86' lang='lat' dir='ltr'>ac</span> 
     </span>
     <span class='ocr_line' id='line_1_187' title="bbox 1261 3372 2324 3413; baseline -0.004 -8"><span class='ocrx_word' id='word_1_1486' title='bbox 1261 3374 1396 3413; x_wconf 69' lang='lat' dir='ltr'>praedictai</span> <span class='ocrx_word' id='word_1_1487' title='bbox 1415 3374 1488 3405; x_wconf 65' lang='lat' dir='ltr'>Villa</span> <span class='ocrx_word' id='word_1_1488' title='bbox 1508 3373 1599 3411; x_wconf 79' lang='lat' dir='ltr'>Regis</span> <span class='ocrx_word' id='word_1_1489' title='bbox 1614 3375 1651 3405; x_wconf 90' lang='lat' dir='ltr'>de</span> <span class='ocrx_word' id='word_1_1490' title='bbox 1670 3374 1796 3412; x_wconf 78' lang='lat' dir='ltr'>Dogth</span> <span class='ocrx_word' id='word_1_1491' title='bbox 1811 3398 1821 3413; x_wconf 84' lang='lat'>,</span> <span class='ocrx_word' id='word_1_1492' title='bbox 1848 3376 1881 3405; x_wconf 87' lang='lat'>&amp;</span> <span class='ocrx_word' id='word_1_1493' title='bbox 1900 3375 1958 3405; x_wconf 87' lang='lat' dir='ltr'>aliis</span> <span class='ocrx_word' id='word_1_1494' title='bbox 1974 3373 2135 3412; x_wconf 63' lang='lat' dir='ltr'>supradietis</span> <span class='ocrx_word' id='word_1_1495' title='bbox 2160 3372 2235 3408; x_wconf 72' lang='lat' dir='ltr'>Reg1</span> <span class='ocrx_word' id='word_1_1496' title='bbox 2252 3393 2261 3408; x_wconf 92' lang='lat'>,</span> <span class='ocrx_word' id='word_1_1497' title='bbox 2294 3380 2324 3402; x_wconf 89' lang='lat' dir='ltr'>ut</span> 
     </span>
     <span class='ocr_line' id='line_1_188' title="bbox 1261 3409 2326 3452; baseline -0.004 -8"><span class='ocrx_word' id='word_1_1498' title='bbox 1261 3413 1622 3452; x_wconf 85' lang='lat' dir='ltr'>praemittitur,reservatis)</span> <span class='ocrx_word' id='word_1_1499' title='bbox 1642 3413 1678 3444; x_wconf 90' lang='lat' dir='ltr'>de</span> <span class='ocrx_word' id='word_1_1500' title='bbox 1696 3422 1797 3444; x_wconf 85' lang='lat' dir='ltr'>caetero</span> <span class='ocrx_word' id='word_1_1501' title='bbox 1812 3413 1984 3443; x_wconf 86' lang='lat' dir='ltr'>intendentes</span> <span class='ocrx_word' id='word_1_1502' title='bbox 2001 3413 2052 3443; x_wconf 84' lang='lat' dir='ltr'>fint</span> <span class='ocrx_word' id='word_1_1503' title='bbox 2070 3413 2103 3442; x_wconf 76' lang='grc' dir='ltr'>δε</span> <span class='ocrx_word' id='word_1_1504' title='bbox 2120 3409 2326 3449; x_wconf 82' lang='lat' dir='ltr'>respondentes,</span> 
     </span>
     <span class='ocr_line' id='line_1_189' title="bbox 1257 3451 1987 3491; baseline -0.003 -8"><span class='ocrx_word' id='word_1_1505' title='bbox 1257 3454 1335 3491; x_wconf 84' lang='lat' dir='ltr'>juxta</span> <span class='ocrx_word' id='word_1_1506' title='bbox 1354 3460 1486 3483; x_wconf 89' lang='lat' dir='ltr'>tenorem</span> <span class='ocrx_word' id='word_1_1507' title='bbox 1507 3451 1662 3482; x_wconf 86' lang='lat' dir='ltr'>Literarum</span> <span class='ocrx_word' id='word_1_1508' title='bbox 1675 3451 1766 3490; x_wconf 86' lang='lat' dir='ltr'>Regis</span> <span class='ocrx_word' id='word_1_1509' title='bbox 1780 3452 1987 3490; x_wconf 62' lang='lat' dir='ltr'>praedictarum.</span> 
     </span>
    </p>

    <p class='ocr_par' dir='ltr' id='par_1_70' title="bbox 1298 3490 1532 3528">
     <span class='ocr_line' id='line_1_190' title="bbox 1298 3490 1532 3528; baseline -0.004 -7"><span class='ocrx_word' id='word_1_1510' title='bbox 1298 3490 1388 3522; x_wconf 90' lang='lat' dir='ltr'>Teste</span> <span class='ocrx_word' id='word_1_1511' title='bbox 1400 3499 1430 3521; x_wconf 88' lang='lat' dir='ltr'>ut</span> <span class='ocrx_word' id='word_1_1512' title='bbox 1444 3490 1532 3528; x_wconf 81' lang='lat' dir='ltr'>supra.</span> 
     </span>
    </p>
   </div>
   <div class='ocr_carea' id='block_1_44' title="bbox 1368 3630 2191 3681">
    <p class='ocr_par' dir='ltr' id='par_1_71' title="bbox 1368 3630 2191 3681">
     <span class='ocr_line' id='line_1_191' title="bbox 1368 3630 2191 3681; baseline -0.007 -12"><span class='ocrx_word' id='word_1_1513' title='bbox 1368 3634 1427 3669; x_wconf 83' lang='lat' dir='ltr'>Ad</span> <span class='ocrx_word' id='word_1_1514' title='bbox 1446 3639 1579 3681; x_wconf 81' lang='lat' dir='ltr'>Papam,</span> <span class='ocrx_word' id='word_1_1515' title='bbox 1604 3643 1707 3666; x_wconf 81' lang='lat' dir='ltr'>contra</span> <span class='ocrx_word' id='word_1_1516' title='bbox 1733 3630 1828 3678; x_wconf 83' lang='lat' dir='ltr'>Juris</span> <span class='ocrx_word' id='word_1_1517' title='bbox 1851 3633 1936 3678; x_wconf 82' lang='lat' dir='ltr'>Regii</span> <span class='ocrx_word' id='word_1_1518' title='bbox 1959 3632 2191 3677; x_wconf 80' lang='lat' dir='ltr'>Impugnatores.</span> 
     </span>
    </p>
   </div>
   <div class='ocr_carea' id='block_1_45' title="bbox 1259 3715 2330 3836">
    <p class='ocr_par' dir='ltr' id='par_1_72' title="bbox 1259 3715 2330 3836">
     <span class='ocr_line' id='line_1_192' title="bbox 1259 3715 2221 3779; baseline -0.008 -28"><span class='ocrx_word' id='word_1_1519' title='bbox 1259 3719 1417 3779; x_wconf 80' lang='lat' dir='ltr'>PAPAE</span> <span class='ocrx_word' id='word_1_1520' title='bbox 1433 3719 1499 3750; x_wconf 80' lang='lat' dir='ltr'>Rex</span> <span class='ocrx_word' id='word_1_1521' title='bbox 1517 3719 1618 3763; x_wconf 79' lang='lat' dir='ltr'>devota</span> <span class='ocrx_word' id='word_1_1522' title='bbox 1634 3718 1737 3761; x_wconf 83' lang='lat' dir='ltr'>pedum</span> <span class='ocrx_word' id='word_1_1523' title='bbox 1755 3716 1848 3760; x_wconf 75' lang='lat' dir='ltr'>oscula</span> <span class='ocrx_word' id='word_1_1524' title='bbox 1864 3715 2021 3760; x_wconf 62' lang='lat' dir='ltr'>beatorum3</span> <span class='ocrx_word' id='word_1_1525' title='bbox 2038 3754 2042 3759; x_wconf 45' lang='grc'><strong>-</strong></span> <span class='ocrx_word' id='word_1_1526' title='bbox 2105 3754 2109 3759; x_wconf 24' lang='grc' dir='ltr'>ἰ</span> <span class='ocrx_word' id='word_1_1527' title='bbox 2145 3754 2159 3768; x_wconf 87' lang='lat'>.-</span> <span class='ocrx_word' id='word_1_1528' title='bbox 2216 3754 2221 3759; x_wconf 38' lang='lat'><em>¹</em></span> 
     </span>
     <span class='ocr_line' id='line_1_193' title="bbox 1336 3751 2326 3796; baseline -0.006 -7"><span class='ocrx_word' id='word_1_1529' title='bbox 1336 3758 1414 3790; x_wconf 80' lang='lat' dir='ltr'>Sedis</span> <span class='ocrx_word' id='word_1_1530' title='bbox 1428 3757 1601 3796; x_wconf 83' lang='lat' dir='ltr'>Apostohcae</span> <span class='ocrx_word' id='word_1_1531' title='bbox 1616 3755 1810 3792; x_wconf 79' lang='lat' dir='ltr'>Provrdentia,</span> <span class='ocrx_word' id='word_1_1532' title='bbox 1824 3753 1895 3792; x_wconf 80' lang='lat' dir='ltr'>Juris</span> <span class='ocrx_word' id='word_1_1533' title='bbox 1906 3754 1939 3784; x_wconf 90' lang='lat'>&amp;</span> <span class='ocrx_word' id='word_1_1534' title='bbox 1950 3753 2070 3792; x_wconf 81' lang='lat' dir='ltr'>Justitiae</span> <span class='ocrx_word' id='word_1_1535' title='bbox 2082 3751 2273 3791; x_wconf 79' lang='lat' dir='ltr'>d1stiibut1va,</span> <span class='ocrx_word' id='word_1_1536' title='bbox 2313 3772 2326 3777; x_wconf 86' lang='lat'><em>-</em></span> 
     </span>
     <span class='ocr_line' id='line_1_194' title="bbox 1260 3791 2330 3836; baseline -0.004 -9"><span class='ocrx_word' id='word_1_1537' title='bbox 1260 3797 1334 3836; x_wconf 90' lang='lat' dir='ltr'>lam,</span> <span class='ocrx_word' id='word_1_1538' title='bbox 1355 3805 1386 3827; x_wconf 92' lang='lat' dir='ltr'>ut</span> <span class='ocrx_word' id='word_1_1539' title='bbox 1401 3796 1515 3827; x_wconf 81' lang='lat' dir='ltr'>firmiter</span> <span class='ocrx_word' id='word_1_1540' title='bbox 1531 3795 1688 3831; x_wconf 81' lang='lat' dir='ltr'>credimus,</span> <span class='ocrx_word' id='word_1_1541' title='bbox 1706 3795 1736 3823; x_wconf 91' lang='lat' dir='ltr'>in</span> <span class='ocrx_word' id='word_1_1542' title='bbox 1754 3792 1806 3823; x_wconf 89' lang='lat' dir='ltr'>suis</span> <span class='ocrx_word' id='word_1_1543' title='bbox 1820 3792 1942 3823; x_wconf 66' lang='lat' dir='ltr'>Actibus</span> <span class='ocrx_word' id='word_1_1544' title='bbox 1963 3800 2036 3823; x_wconf 90' lang='lat' dir='ltr'>tenet</span> <span class='ocrx_word' id='word_1_1545' title='bbox 2052 3791 2160 3830; x_wconf 87' lang='lat' dir='ltr'>semper</span> <span class='ocrx_word' id='word_1_1546' title='bbox 2173 3791 2206 3822; x_wconf 66' lang='grc' dir='ltr'>ὃς</span> <span class='ocrx_word' id='word_1_1547' title='bbox 2225 3792 2330 3830; x_wconf 85' lang='lat' dir='ltr'>ubique</span> 
     </span>
    </p>
   </div>
   <div class='ocr_carea' id='block_1_46' title="bbox 2303 491 2435 513">
    <p class='ocr_par' dir='ltr' id='par_1_73' title="bbox 2303 491 2435 513">
     <span class='ocr_line' id='line_1_195' title="bbox 2303 491 2435 513; baseline 0 -4"><span class='ocrx_word' id='word_1_1548' title='bbox 2303 491 2376 511; x_wconf 84' lang='lat' dir='ltr'>2.m.</span> <span class='ocrx_word' id='word_1_1549' title='bbox 2395 492 2435 513; x_wconf 71' lang='lat' dir='ltr'>ix.</span> 
     </span>
    </p>
   </div>
   <div class='ocr_carea' id='block_1_47' title="bbox 2342 1187 2430 1263">
    <p class='ocr_par' dir='ltr' id='par_1_74' title="bbox 2342 1187 2430 1263">
     <span class='ocr_line' id='line_1_196' title="bbox 2342 1187 2430 1217; baseline 0 0"><span class='ocrx_word' id='word_1_1550' title='bbox 2342 1187 2361 1209; x_wconf 51' lang='grc' dir='ltr'>θ*</span> <span class='ocrx_word' id='word_1_1551' title='bbox 2376 1190 2430 1217; x_wconf 60' lang='lat'>1114</span> 
     </span>
     <span class='ocr_line' id='line_1_197' title="bbox 2354 1227 2417 1263; baseline -0.048 -8"><span class='ocrx_word' id='word_1_1552' title='bbox 2354 1227 2417 1263; x_wconf 81' lang='lat'><strong>768.</strong></span> 
     </span>
    </p>
   </div>
   <div class='ocr_carea' id='block_1_48' title="bbox 2292 3729 2473 3784">
    <p class='ocr_par' dir='ltr' id='par_1_75' title="bbox 2292 3729 2473 3784">
     <span class='ocr_line' id='line_1_198' title="bbox 2292 3729 2473 3784; baseline 0 -24"><span class='ocrx_word' id='word_1_1553' title='bbox 2292 3753 2311 3784; x_wconf 70' lang='lat' dir='ltr'><strong>fl</strong></span> <span class='ocrx_word' id='word_1_1554' title='bbox 2335 3730 2413 3761; x_wconf 87' lang='lat' dir='ltr'>Ann.</span> <span class='ocrx_word' id='word_1_1555' title='bbox 2429 3729 2473 3766; x_wconf 42' lang='grc' dir='ltr'>ΠΕ·</span> 
     </span>
    </p>
   </div>
   <div class='ocr_carea' id='block_1_49' title="bbox 2366 3777 2447 3807">
    <p class='ocr_par' dir='ltr' id='par_1_76' title="bbox 2366 3777 2447 3807">
     <span class='ocr_line' id='line_1_199' title="bbox 2366 3777 2447 3807; baseline -0.012 -9"><span class='ocrx_word' id='word_1_1556' title='bbox 2366 3777 2447 3807; x_wconf 85' lang='lat'>1319.</span> 
     </span>
    </p>
   </div>
   <div class='ocr_carea' id='block_1_50' title="bbox 2347 3812 2461 3834">
    <p class='ocr_par' dir='ltr' id='par_1_77' title="bbox 2347 3812 2461 3834">
     <span class='ocr_line' id='line_1_200' title="bbox 2347 3812 2461 3834; baseline 0 0"><span class='ocrx_word' id='word_1_1557' title='bbox 2347 3812 2400 3834; x_wconf 80' lang='lat' dir='ltr'>An.</span> <span class='ocrx_word' id='word_1_1558' title='bbox 2419 3817 2461 3834; x_wconf 82' lang='lat'>12.</span> 
     </span>
    </p>
   </div>
   <div class='ocr_carea' id='block_1_51' title="bbox 1259 3830 2420 3902">
    <p class='ocr_par' dir='ltr' id='par_1_78' title="bbox 1259 3830 2420 3902">
     <span class='ocr_line' id='line_1_201' title="bbox 1259 3830 2420 3901; baseline -0.004 -35"><span class='ocrx_word' id='word_1_1559' title='bbox 1259 3836 1448 3873; x_wconf 87' lang='lat' dir='ltr'>Temperiem</span> <span class='ocrx_word' id='word_1_1560' title='bbox 1453 3857 1476 3901; x_wconf 58' lang='lat' dir='ltr'>s*</span> <span class='ocrx_word' id='word_1_1561' title='bbox 1484 3842 1513 3864; x_wconf 91' lang='lat' dir='ltr'>ut</span> <span class='ocrx_word' id='word_1_1562' title='bbox 1531 3834 1598 3871; x_wconf 87' lang='lat' dir='ltr'>juris</span> <span class='ocrx_word' id='word_1_1563' title='bbox 1616 3831 1859 3876; x_wconf 31' lang='lat' dir='ltr'>Praeceptaffiquae</span> <span class='ocrx_word' id='word_1_1564' title='bbox 1882 3832 1919 3861; x_wconf 88' lang='lat' dir='ltr'>ab</span> <span class='ocrx_word' id='word_1_1565' title='bbox 1940 3831 2074 3861; x_wconf 86' lang='lat' dir='ltr'>omnibus</span> <span class='ocrx_word' id='word_1_1566' title='bbox 2094 3830 2206 3861; x_wconf 86' lang='lat' dir='ltr'>mandat</span> <span class='ocrx_word' id='word_1_1567' title='bbox 2228 3830 2327 3862; x_wconf 87' lang='lat' dir='ltr'>illibata</span> <span class='ocrx_word' id='word_1_1568' title='bbox 2343 3850 2373 3873; x_wconf 80' lang='lat' dir='ltr'>E.</span> <span class='ocrx_word' id='word_1_1569' title='bbox 2394 3855 2420 3872; x_wconf 44' lang='lat'>2·</span> 
     </span>
     <span class='ocr_line' id='line_1_202' title="bbox 1464 3882 1480 3902; baseline 0 0"><span class='ocrx_word' id='word_1_1570' title='bbox 1464 3882 1480 3902; x_wconf 91' lang='lat' dir='ltr'>a</span> 
     </span>
    </p>
   </div>
   <div class='ocr_carea' id='block_1_52' title="bbox 1259 3872 1451 3946">
    <p class='ocr_par' dir='ltr' id='par_1_79' title="bbox 1259 3872 1451 3946">
     <span class='ocr_line' id='line_1_203' title="bbox 1260 3872 1451 3918; baseline -0.016 -13"><span class='ocrx_word' id='word_1_1571' title='bbox 1260 3874 1359 3918; x_wconf 79' lang='lat' dir='ltr'>servari</span> <span class='ocrx_word' id='word_1_1572' title='bbox 1372 3896 1382 3913; x_wconf 87' lang='lat'>,</span> <span class='ocrx_word' id='word_1_1573' title='bbox 1405 3872 1451 3902; x_wconf 92' lang='lat' dir='ltr'>nul</span> 
     </span>
     <span class='ocr_line' id='line_1_204' title="bbox 1259 3922 1347 3946; baseline -0.034 -2"><span class='ocrx_word' id='word_1_1574' title='bbox 1259 3922 1347 3946; x_wconf 87' lang='lat' dir='ltr'>tra1re.</span> 
     </span>
    </p>
   </div>
   <div class='ocr_carea' id='block_1_53' title="bbox 1504 3869 2454 3949">
    <p class='ocr_par' dir='ltr' id='par_1_80' title="bbox 1504 3869 2454 3949">
     <span class='ocr_line' id='line_1_205' title="bbox 1504 3869 2454 3915; baseline -0.003 -14"><span class='ocrx_word' id='word_1_1575' title='bbox 1504 3869 1661 3902; x_wconf 88' lang='lat' dir='ltr'>neceffitate</span> <span class='ocrx_word' id='word_1_1576' title='bbox 1685 3870 1754 3902; x_wconf 86' lang='lat' dir='ltr'>velit</span> <span class='ocrx_word' id='word_1_1577' title='bbox 1778 3869 1930 3907; x_wconf 80' lang='lat' dir='ltr'>infringere</span> <span class='ocrx_word' id='word_1_1578' title='bbox 1944 3892 1954 3908; x_wconf 89' lang='lat'>,</span> <span class='ocrx_word' id='word_1_1579' title='bbox 1976 3877 2023 3900; x_wconf 87' lang='lat' dir='ltr'>aut</span> <span class='ocrx_word' id='word_1_1580' title='bbox 2048 3869 2088 3899; x_wconf 91' lang='lat' dir='ltr'>eis</span> <span class='ocrx_word' id='word_1_1581' title='bbox 2111 3869 2236 3901; x_wconf 87' lang='lat' dir='ltr'>ultronea</span> <span class='ocrx_word' id='word_1_1582' title='bbox 2254 3879 2326 3900; x_wconf 88' lang='lat' dir='ltr'>con·</span> <span class='ocrx_word' id='word_1_1583' title='bbox 2340 3881 2454 3915; x_wconf 68' lang='lat' dir='ltr'>Rom&amp;</span> 
     </span>
     <span class='ocr_line' id='line_1_206' title="bbox 2338 3925 2432 3949; baseline -0.011 -1"><span class='ocrx_word' id='word_1_1584' title='bbox 2338 3925 2378 3949; x_wconf 78' lang='lat' dir='ltr'>Fr.</span> <span class='ocrx_word' id='word_1_1585' title='bbox 2401 3929 2432 3948; x_wconf 85' lang='lat'>12</span> 
     </span>
    </p>
   </div>
   <div class='ocr_carea' id='block_1_54' title="bbox 1260 3944 2472 4027">
    <p class='ocr_par' dir='ltr' id='par_1_81' title="bbox 1260 3942 2472 4027">
     <span class='ocr_line' id='line_1_207' title="bbox 1296 3944 2471 3988; baseline -0.005 -8"><span class='ocrx_word' id='word_1_1586' title='bbox 1296 3949 1376 3981; x_wconf 84' lang='lat' dir='ltr'>Cum</span> <span class='ocrx_word' id='word_1_1587' title='bbox 1396 3949 1477 3988; x_wconf 90' lang='lat' dir='ltr'>igitur</span> <span class='ocrx_word' id='word_1_1588' title='bbox 1498 3946 1534 3978; x_wconf 90' lang='lat' dir='ltr'>ad</span> <span class='ocrx_word' id='word_1_1589' title='bbox 1552 3945 1707 3978; x_wconf 88' lang='lat' dir='ltr'>Ecclefiam</span> <span class='ocrx_word' id='word_1_1590' title='bbox 1729 3945 1764 3977; x_wconf 92' lang='lat' dir='ltr'>de</span> <span class='ocrx_word' id='word_1_1591' title='bbox 1788 3944 1974 3984; x_wconf 86' lang='lat' dir='ltr'>Rutherfeld,</span> <span class='ocrx_word' id='word_1_1592' title='bbox 1991 3944 2159 3977; x_wconf 80' lang='lat' dir='ltr'>Cicestsenfi</span> <span class='ocrx_word' id='word_1_1593' title='bbox 2185 3945 2324 3983; x_wconf 84' lang='lat' dir='ltr'>Diocese,</span> <span class='ocrx_word' id='word_1_1594' title='bbox 2342 3964 2369 3986; x_wconf 45' lang='grc' dir='ltr'>Ε,</span> <span class='ocrx_word' id='word_1_1595' title='bbox 2387 3968 2411 3985; x_wconf 44' lang='lat'>2·</span> <span class='ocrx_word' id='word_1_1596' title='bbox 2433 3966 2471 3987; x_wconf 55' lang='lat' dir='ltr'>m</span> 
     </span>
     <span class='ocr_line' id='line_1_208' title="bbox 1260 3983 2472 4027; baseline -0.007 -7"><span class='ocrx_word' id='word_1_1597' title='bbox 1260 3999 1346 4027; x_wconf 88' lang='lat' dir='ltr'>nuper</span> <span class='ocrx_word' id='word_1_1598' title='bbox 1361 3986 1533 4026; x_wconf 87' lang='lat' dir='ltr'>Vacantem,</span> <span class='ocrx_word' id='word_1_1599' title='bbox 1551 3986 1584 4017; x_wconf 87' lang='lat'>&amp;</span> <span class='ocrx_word' id='word_1_1600' title='bbox 1601 3986 1636 4017; x_wconf 85' lang='lat' dir='ltr'>ad</span> <span class='ocrx_word' id='word_1_1601' title='bbox 1657 3984 1779 4016; x_wconf 87' lang='lat' dir='ltr'>nostram</span> <span class='ocrx_word' id='word_1_1602' title='bbox 1799 3983 1993 4016; x_wconf 88' lang='lat' dir='ltr'>Donationem</span> <span class='ocrx_word' id='word_1_1603' title='bbox 2005 4008 2015 4024; x_wconf 86' lang='lat'>‚</span> <span class='ocrx_word' id='word_1_1604' title='bbox 2041 3987 2147 4016; x_wconf 85' lang='lat' dir='ltr'>ratione</span> <span class='ocrx_word' id='word_1_1605' title='bbox 2168 3985 2323 4015; x_wconf 85' lang='lat' dir='ltr'>Terrarum</span> <span class='ocrx_word' id='word_1_1606' title='bbox 2343 3997 2368 4024; x_wconf 37' lang='lat'>3,</span> <span class='ocrx_word' id='word_1_1607' title='bbox 2464 3989 2472 3994; x_wconf 83' lang='lat'><em>‘</em></span> 
     </span>
    </p>
   </div>
   <div class='ocr_carea' id='block_1_55' title="bbox 1260 4020 2331 4102">
    <p class='ocr_par' dir='ltr' id='par_1_82' title="bbox 1260 4020 2331 4102">
     <span class='ocr_line' id='line_1_209' title="bbox 1260 4020 2331 4102; baseline -0.008 -42"><span class='ocrx_word' id='word_1_1608' title='bbox 1260 4029 1295 4060; x_wconf 87' lang='lat'>&amp;</span> <span class='ocrx_word' id='word_1_1609' title='bbox 1309 4025 1557 4059; x_wconf 85' lang='lat' dir='ltr'>Tenementorum</span> <span class='ocrx_word' id='word_1_1610' title='bbox 1570 4023 1694 4058; x_wconf 81' lang='lat' dir='ltr'>Gilberti</span> <span class='ocrx_word' id='word_1_1611' title='bbox 1708 4022 1860 4102; x_wconf 39' lang='lat' dir='ltr'>derilare,</span> <span class='ocrx_word' id='word_1_1612' title='bbox 1877 4021 2001 4057; x_wconf 79' lang='lat' dir='ltr'>Comitis</span> <span class='ocrx_word' id='word_1_1613' title='bbox 2008 4022 2197 4057; x_wconf 76' lang='lat' dir='ltr'>Gloucestriae</span> <span class='ocrx_word' id='word_1_1614' title='bbox 2203 4020 2331 4089; x_wconf 41' lang='lat' dir='ltr'>&amp;Hefagtrz</span> 
     </span>
    </p>
   </div>
  </div>
 </body>
</html>
