<?xml version="1.0" encoding="UTF-8"?>
<!DOCTYPE html PUBLIC "-//W3C//DTD XHTML 1.0 Transitional//EN"
    "http://www.w3.org/TR/xhtml1/DTD/xhtml1-transitional.dtd">
<html xmlns="http://www.w3.org/1999/xhtml" xml:lang="en" lang="en">
 <head>
  <title>
</title>
<meta http-equiv="Content-Type" content="text/html;charset=utf-8" />
  <meta name='ocr-system' content='tesseract 3.04.00' />
  <meta name='ocr-capabilities' content='ocr_page ocr_carea ocr_par ocr_line ocrx_word'/>
</head>
<body>
  <div class='ocr_page' id='page_1' title='image "./fderaconventione02ryme/fderaconventione02ryme_0560.png"; bbox 0 0 2562 4279; ppageno 0'>
   <div class='ocr_carea' id='block_1_1' title="bbox 175 156 250 185">
    <p class='ocr_par' dir='ltr' id='par_1_1' title="bbox 175 156 250 185">
     <span class='ocr_line' id='line_1_1' title="bbox 175 156 250 185; baseline 0.027 -2"><span class='ocrx_word' id='word_1_1' title='bbox 175 156 250 185; x_wconf 78' lang='lat'>112</span> 
     </span>
    </p>
   </div>
   <div class='ocr_carea' id='block_1_2' title="bbox 21 222 1232 1226">
    <p class='ocr_par' dir='ltr' id='par_1_2' title="bbox 21 222 1229 448">
     <span class='ocr_line' id='line_1_2' title="bbox 21 222 1225 262; baseline -0.004 -4"><span class='ocrx_word' id='word_1_2' title='bbox 21 227 100 258; x_wconf 80' lang='lat' dir='ltr'>Ami.</span> <span class='ocrx_word' id='word_1_3' title='bbox 113 226 155 258; x_wconf 96' lang='lat' dir='ltr'>D.</span> <span class='ocrx_word' id='word_1_4' title='bbox 171 228 268 259; x_wconf 76' lang='lat' dir='ltr'>Abbas</span> <span class='ocrx_word' id='word_1_5' title='bbox 286 227 318 258; x_wconf 61' lang='grc' dir='ltr'>ἃ</span> <span class='ocrx_word' id='word_1_6' title='bbox 340 226 508 257; x_wconf 76' lang='lat' dir='ltr'>Conventus</span> <span class='ocrx_word' id='word_1_7' title='bbox 530 222 699 255; x_wconf 85' lang='lat' dir='ltr'>Monasterii</span> <span class='ocrx_word' id='word_1_8' title='bbox 718 223 837 262; x_wconf 80' lang='lat' dir='ltr'>Majoris</span> <span class='ocrx_word' id='word_1_9' title='bbox 852 223 1020 255; x_wconf 87' lang='lat' dir='ltr'>Monasterii</span> <span class='ocrx_word' id='word_1_10' title='bbox 1031 223 1225 260; x_wconf 86' lang='lat' dir='ltr'>Turonensis,</span> 
     </span>
     <span class='ocr_line' id='line_1_3' title="bbox 45 262 1224 305; baseline -0.003 -10"><span class='ocrx_word' id='word_1_11' title='bbox 45 274 129 305; x_wconf 77' lang='lat'><em>¹334-</em></span> <span class='ocrx_word' id='word_1_12' title='bbox 169 267 202 297; x_wconf 86' lang='lat' dir='ltr'>ad</span> <span class='ocrx_word' id='word_1_13' title='bbox 223 267 381 296; x_wconf 86' lang='lat' dir='ltr'>Romanam</span> <span class='ocrx_word' id='word_1_14' title='bbox 401 264 556 295; x_wconf 80' lang='lat' dir='ltr'>Ecclesiam</span> <span class='ocrx_word' id='word_1_15' title='bbox 578 263 656 292; x_wconf 87' lang='lat' dir='ltr'>nullo</span> <span class='ocrx_word' id='word_1_16' title='bbox 677 262 774 292; x_wconf 87' lang='lat' dir='ltr'>medio</span> <span class='ocrx_word' id='word_1_17' title='bbox 795 263 975 300; x_wconf 86' lang='lat' dir='ltr'>pertinentis,</span> <span class='ocrx_word' id='word_1_18' title='bbox 991 263 1107 295; x_wconf 85' lang='lat' dir='ltr'>Ordinis</span> <span class='ocrx_word' id='word_1_19' title='bbox 1128 263 1224 294; x_wconf 67' lang='lat' dir='ltr'>saneti</span> 
     </span>
     <span class='ocr_line' id='line_1_4' title="bbox 22 301 1227 342; baseline -0.002 -10"><span class='ocrx_word' id='word_1_20' title='bbox 22 307 88 333; x_wconf 62' lang='grc' dir='ltr'><em>-ῑαυ,</em></span> <span class='ocrx_word' id='word_1_21' title='bbox 110 315 137 342; x_wconf 84' lang='lat'>3.</span> <span class='ocrx_word' id='word_1_22' title='bbox 171 305 331 339; x_wconf 69' lang='lat' dir='ltr'>Benediffi,</span> <span class='ocrx_word' id='word_1_23' title='bbox 352 303 436 341; x_wconf 69' lang='lat' dir='ltr'>quam</span> <span class='ocrx_word' id='word_1_24' title='bbox 454 301 672 332; x_wconf 75' lang='lat' dir='ltr'>Praedecessores</span> <span class='ocrx_word' id='word_1_25' title='bbox 694 310 813 339; x_wconf 89' lang='lat' dir='ltr'>eorum,</span> <span class='ocrx_word' id='word_1_26' title='bbox 831 301 983 340; x_wconf 87' lang='lat' dir='ltr'>Decimas,</span> <span class='ocrx_word' id='word_1_27' title='bbox 1002 302 1134 340; x_wconf 92' lang='lat' dir='ltr'>Domos,</span> <span class='ocrx_word' id='word_1_28' title='bbox 1151 302 1227 332; x_wconf 91' lang='lat' dir='ltr'>Ter-</span> 
     </span>
     <span class='ocr_line' id='line_1_5' title="bbox 169 338 1229 380; baseline -0.003 -8"><span class='ocrx_word' id='word_1_29' title='bbox 169 353 227 380; x_wconf 86' lang='lat' dir='ltr'>ras,</span> <span class='ocrx_word' id='word_1_30' title='bbox 246 342 362 378; x_wconf 74' lang='lat' dir='ltr'>vineas,</span> <span class='ocrx_word' id='word_1_31' title='bbox 382 339 583 377; x_wconf 80' lang='lat' dir='ltr'>Posseisiories,</span> <span class='ocrx_word' id='word_1_32' title='bbox 602 338 699 378; x_wconf 80' lang='lat' dir='ltr'>Prata,</span> <span class='ocrx_word' id='word_1_33' title='bbox 717 338 1229 379; x_wconf 86' lang='lat' dir='ltr'>Pascua,Piscarias,Nemora,Mo-</span> 
     </span>
     <span class='ocr_line' id='line_1_6' title="bbox 168 378 1228 448; baseline -0.002 -38"><span class='ocrx_word' id='word_1_34' title='bbox 168 381 296 448; x_wconf 50' lang='lat' dir='ltr'>lsendina,</span> <span class='ocrx_word' id='word_1_35' title='bbox 309 380 394 417; x_wconf 85' lang='lat' dir='ltr'>Jura,</span> <span class='ocrx_word' id='word_1_36' title='bbox 407 379 634 417; x_wconf 67' lang='lat' dir='ltr'>Jurisdieciones,</span> <span class='ocrx_word' id='word_1_37' title='bbox 652 380 686 409; x_wconf 67' lang='grc' dir='ltr'>ὃς</span> <span class='ocrx_word' id='word_1_38' title='bbox 702 379 831 416; x_wconf 70' lang='lat' dir='ltr'>quaedam</span> <span class='ocrx_word' id='word_1_39' title='bbox 847 379 898 408; x_wconf 84' lang='lat' dir='ltr'>alia</span> <span class='ocrx_word' id='word_1_40' title='bbox 912 378 1008 417; x_wconf 80' lang='lat' dir='ltr'>Bona,</span> <span class='ocrx_word' id='word_1_41' title='bbox 1025 380 1105 417; x_wconf 79' lang='lat' dir='ltr'>ipsius</span> <span class='ocrx_word' id='word_1_42' title='bbox 1120 380 1228 410; x_wconf 86' lang='lat' dir='ltr'>Mona-</span> 
     </span>
    </p>

    <p class='ocr_par' dir='ltr' id='par_1_3' title="bbox 196 427 244 449">
     <span class='ocr_line' id='line_1_7' title="bbox 196 427 244 449; baseline -0.042 0"><span class='ocrx_word' id='word_1_43' title='bbox 196 427 244 449; x_wconf 80' lang='lat' dir='ltr'>ern</span> 
     </span>
    </p>

    <p class='ocr_par' dir='ltr' id='par_1_4' title="bbox 170 441 1228 571">
     <span class='ocr_line' id='line_1_8' title="bbox 210 441 1228 494; baseline -0.002 -8"><span class='ocrx_word' id='word_1_44' title='bbox 210 441 291 486; x_wconf 67' lang='lat' dir='ltr'>Di&#39;n‘s</span> <span class='ocrx_word' id='word_1_45' title='bbox 308 455 385 494; x_wconf 82' lang='lat' dir='ltr'>super</span> <span class='ocrx_word' id='word_1_46' title='bbox 401 455 458 486; x_wconf 91' lang='lat' dir='ltr'>hoc</span> <span class='ocrx_word' id='word_1_47' title='bbox 475 455 590 493; x_wconf 83' lang='lat' dir='ltr'>Literis,</span> <span class='ocrx_word' id='word_1_48' title='bbox 608 455 746 486; x_wconf 54' lang='lat' dir='ltr'>confestis</span> <span class='ocrx_word' id='word_1_49' title='bbox 758 455 859 485; x_wconf 79' lang='lat' dir='ltr'>exinde</span> <span class='ocrx_word' id='word_1_50' title='bbox 874 455 993 492; x_wconf 81' lang='lat' dir='ltr'>publicis</span> <span class='ocrx_word' id='word_1_51' title='bbox 1016 455 1228 493; x_wconf 83' lang='lat' dir='ltr'>Instrumentis,</span> 
     </span>
     <span class='ocr_line' id='line_1_9' title="bbox 172 493 1227 562; baseline -0.003 -37"><span class='ocrx_word' id='word_1_52' title='bbox 172 494 339 531; x_wconf 81' lang='lat' dir='ltr'>interpositis</span> <span class='ocrx_word' id='word_1_53' title='bbox 352 494 520 562; x_wconf 66' lang='lat' dir='ltr'>Iiuramentis</span> <span class='ocrx_word' id='word_1_54' title='bbox 530 518 538 531; x_wconf 94' lang='lat'>,</span> <span class='ocrx_word' id='word_1_55' title='bbox 557 493 635 524; x_wconf 69' lang='lat' dir='ltr'>faffls</span> <span class='ocrx_word' id='word_1_56' title='bbox 647 494 920 524; x_wconf 81' lang='lat' dir='ltr'>Renunciationibus</span> <span class='ocrx_word' id='word_1_57' title='bbox 928 495 978 533; x_wconf 89' lang='lat'>,&amp;</span> <span class='ocrx_word' id='word_1_58' title='bbox 994 493 1091 525; x_wconf 80' lang='lat' dir='ltr'>Poenis</span> <span class='ocrx_word' id='word_1_59' title='bbox 1104 494 1227 533; x_wconf 64' lang='lat' dir='ltr'>adjeftis,</span> 
     </span>
     <span class='ocr_line' id='line_1_10' title="bbox 170 531 996 571; baseline -0.002 -8"><span class='ocrx_word' id='word_1_60' title='bbox 170 534 199 563; x_wconf 87' lang='lat' dir='ltr'>in</span> <span class='ocrx_word' id='word_1_61' title='bbox 218 542 333 571; x_wconf 79' lang='lat' dir='ltr'>gravem</span> <span class='ocrx_word' id='word_1_62' title='bbox 363 533 494 562; x_wconf 80' lang='lat' dir='ltr'>aesionem</span> <span class='ocrx_word' id='word_1_63' title='bbox 508 532 590 569; x_wconf 84' lang='lat' dir='ltr'>ipsius</span> <span class='ocrx_word' id='word_1_64' title='bbox 608 531 792 569; x_wconf 86' lang='lat' dir='ltr'>Monasterii,</span> <span class='ocrx_word' id='word_1_65' title='bbox 990 532 996 539; x_wconf 85' lang='lat'>&#39;</span> 
     </span>
    </p>

    <p class='ocr_par' dir='ltr' id='par_1_5' title="bbox 167 570 1228 687">
     <span class='ocr_line' id='line_1_11' title="bbox 207 570 1228 610; baseline -0.001 -9"><span class='ocrx_word' id='word_1_66' title='bbox 207 571 365 602; x_wconf 80' lang='lat' dir='ltr'>Nonnullis</span> <span class='ocrx_word' id='word_1_67' title='bbox 386 570 506 601; x_wconf 84' lang='lat' dir='ltr'>Clericis</span> <span class='ocrx_word' id='word_1_68' title='bbox 524 571 558 601; x_wconf 59' lang='grc' dir='ltr'>ὃς</span> <span class='ocrx_word' id='word_1_69' title='bbox 580 570 688 610; x_wconf 86' lang='lat' dir='ltr'>Laicis,</span> <span class='ocrx_word' id='word_1_70' title='bbox 706 571 844 609; x_wconf 84' lang='lat' dir='ltr'>aliquibus</span> <span class='ocrx_word' id='word_1_71' title='bbox 868 580 969 601; x_wconf 86' lang='lat' dir='ltr'>eorum</span> <span class='ocrx_word' id='word_1_72' title='bbox 992 570 1027 601; x_wconf 92' lang='lat' dir='ltr'>ad</span> <span class='ocrx_word' id='word_1_73' title='bbox 1042 572 1147 610; x_wconf 88' lang='lat' dir='ltr'>vitam,</span> <span class='ocrx_word' id='word_1_74' title='bbox 1165 571 1228 608; x_wconf 90' lang='lat' dir='ltr'>qui-</span> 
     </span>
     <span class='ocr_line' id='line_1_12' title="bbox 167 609 1227 648; baseline -0.001 -9"><span class='ocrx_word' id='word_1_75' title='bbox 167 609 281 640; x_wconf 87' lang='lat' dir='ltr'>busdam</span> <span class='ocrx_word' id='word_1_76' title='bbox 295 611 366 640; x_wconf 84' lang='lat' dir='ltr'>vero</span> <span class='ocrx_word' id='word_1_77' title='bbox 380 609 413 638; x_wconf 85' lang='lat' dir='ltr'>ad</span> <span class='ocrx_word' id='word_1_78' title='bbox 430 619 489 640; x_wconf 89' lang='lat' dir='ltr'>non</span> <span class='ocrx_word' id='word_1_79' title='bbox 505 609 656 640; x_wconf 89' lang='lat' dir='ltr'>modicum</span> <span class='ocrx_word' id='word_1_80' title='bbox 670 619 797 647; x_wconf 77' lang='lat' dir='ltr'>ternpuS,</span> <span class='ocrx_word' id='word_1_81' title='bbox 815 609 848 639; x_wconf 89' lang='lat'>&amp;</span> <span class='ocrx_word' id='word_1_82' title='bbox 861 609 918 639; x_wconf 89' lang='lat' dir='ltr'>aliis</span> <span class='ocrx_word' id='word_1_83' title='bbox 938 612 1094 648; x_wconf 80' lang='lat' dir='ltr'>perpetuo,</span> <span class='ocrx_word' id='word_1_84' title='bbox 1111 611 1145 640; x_wconf 88' lang='lat' dir='ltr'>ad</span> <span class='ocrx_word' id='word_1_85' title='bbox 1167 609 1227 639; x_wconf 91' lang='lat' dir='ltr'>Fir-</span> 
     </span>
     <span class='ocr_line' id='line_1_13' title="bbox 167 646 868 687; baseline -0.001 -9"><span class='ocrx_word' id='word_1_86' title='bbox 167 658 262 687; x_wconf 84' lang='lat' dir='ltr'>mam‚</span> <span class='ocrx_word' id='word_1_87' title='bbox 280 648 325 678; x_wconf 89' lang='lat' dir='ltr'>vel</span> <span class='ocrx_word' id='word_1_88' title='bbox 339 647 388 678; x_wconf 88' lang='lat' dir='ltr'>sub</span> <span class='ocrx_word' id='word_1_89' title='bbox 404 646 500 679; x_wconf 82' lang='lat' dir='ltr'>Censu</span> <span class='ocrx_word' id='word_1_90' title='bbox 515 648 640 685; x_wconf 89' lang='lat' dir='ltr'>Annuo,</span> <span class='ocrx_word' id='word_1_91' title='bbox 655 648 868 685; x_wconf 82' lang='lat' dir='ltr'>concesserunt,</span> 
     </span>
    </p>

    <p class='ocr_par' dir='ltr' id='par_1_6' title="bbox 170 684 1227 763">
     <span class='ocr_line' id='line_1_14' title="bbox 209 684 1227 725; baseline -0.001 -9"><span class='ocrx_word' id='word_1_92' title='bbox 209 688 346 725; x_wconf 85' lang='lat' dir='ltr'>Qiorum</span> <span class='ocrx_word' id='word_1_93' title='bbox 366 686 475 724; x_wconf 86' lang='lat' dir='ltr'>aliqui,</span> <span class='ocrx_word' id='word_1_94' title='bbox 500 686 580 724; x_wconf 86' lang='lat' dir='ltr'>super</span> <span class='ocrx_word' id='word_1_95' title='bbox 599 687 649 716; x_wconf 89' lang='lat' dir='ltr'>hiis</span> <span class='ocrx_word' id='word_1_96' title='bbox 671 687 776 717; x_wconf 88' lang='lat' dir='ltr'>Literas</span> <span class='ocrx_word' id='word_1_97' title='bbox 793 685 1026 718; x_wconf 81' lang='lat' dir='ltr'>Confirmationis</span> <span class='ocrx_word' id='word_1_98' title='bbox 1040 709 1050 725; x_wconf 88' lang='lat'>,</span> <span class='ocrx_word' id='word_1_99' title='bbox 1081 687 1110 716; x_wconf 88' lang='lat' dir='ltr'>in</span> <span class='ocrx_word' id='word_1_100' title='bbox 1132 684 1227 716; x_wconf 63' lang='lat' dir='ltr'>forma</span> 
     </span>
     <span class='ocr_line' id='line_1_15' title="bbox 170 724 966 763; baseline 0 -9"><span class='ocrx_word' id='word_1_101' title='bbox 170 726 337 761; x_wconf 87' lang='lat' dir='ltr'>communi,</span> <span class='ocrx_word' id='word_1_102' title='bbox 353 735 368 754; x_wconf 90' lang='lat' dir='ltr'>a</span> <span class='ocrx_word' id='word_1_103' title='bbox 384 724 457 755; x_wconf 85' lang='lat' dir='ltr'>Sede</span> <span class='ocrx_word' id='word_1_104' title='bbox 472 725 638 762; x_wconf 77' lang='lat' dir='ltr'>Apostolica</span> <span class='ocrx_word' id='word_1_105' title='bbox 652 725 811 763; x_wconf 69' lang='lat' dir='ltr'>impetrasse</span> <span class='ocrx_word' id='word_1_106' title='bbox 824 725 966 756; x_wconf 89' lang='lat' dir='ltr'>dicuntur.</span> 
     </span>
    </p>

    <p class='ocr_par' dir='ltr' id='par_1_7' title="bbox 168 763 1229 916">
     <span class='ocr_line' id='line_1_16' title="bbox 209 763 1229 802; baseline -0.001 -9"><span class='ocrx_word' id='word_1_107' title='bbox 209 764 286 802; x_wconf 85' lang='lat' dir='ltr'>Qia</span> <span class='ocrx_word' id='word_1_108' title='bbox 300 765 370 793; x_wconf 80' lang='lat' dir='ltr'>vero</span> <span class='ocrx_word' id='word_1_109' title='bbox 385 763 479 794; x_wconf 90' lang='lat' dir='ltr'>nostra</span> <span class='ocrx_word' id='word_1_110' title='bbox 494 763 605 795; x_wconf 86' lang='lat' dir='ltr'>interest</span> <span class='ocrx_word' id='word_1_111' title='bbox 621 764 697 802; x_wconf 90' lang='lat' dir='ltr'>super</span> <span class='ocrx_word' id='word_1_112' title='bbox 712 765 769 794; x_wconf 89' lang='lat' dir='ltr'>hoc</span> <span class='ocrx_word' id='word_1_113' title='bbox 782 763 818 794; x_wconf 89' lang='lat' dir='ltr'>de</span> <span class='ocrx_word' id='word_1_114' title='bbox 829 772 975 801; x_wconf 86' lang='lat' dir='ltr'>oportuno</span> <span class='ocrx_word' id='word_1_115' title='bbox 989 763 1115 793; x_wconf 85' lang='lat' dir='ltr'>remedio</span> <span class='ocrx_word' id='word_1_116' title='bbox 1130 763 1229 802; x_wconf 89' lang='lat' dir='ltr'>provi-</span> 
     </span>
     <span class='ocr_line' id='line_1_17' title="bbox 168 801 1228 840; baseline -0.001 -9"><span class='ocrx_word' id='word_1_117' title='bbox 168 801 251 839; x_wconf 86' lang='lat' dir='ltr'>dere,</span> <span class='ocrx_word' id='word_1_118' title='bbox 271 801 444 832; x_wconf 90' lang='lat' dir='ltr'>Discretioni</span> <span class='ocrx_word' id='word_1_119' title='bbox 465 810 521 832; x_wconf 76' lang='lat' dir='ltr'>tuae</span> <span class='ocrx_word' id='word_1_120' title='bbox 542 813 591 840; x_wconf 86' lang='lat' dir='ltr'>per</span> <span class='ocrx_word' id='word_1_121' title='bbox 614 802 780 840; x_wconf 83' lang='lat' dir='ltr'>Apostolica</span> <span class='ocrx_word' id='word_1_122' title='bbox 798 803 895 839; x_wconf 88' lang='lat' dir='ltr'>scripta</span> <span class='ocrx_word' id='word_1_123' title='bbox 917 801 1080 832; x_wconf 82' lang='lat' dir='ltr'>mandamus</span> <span class='ocrx_word' id='word_1_124' title='bbox 1101 802 1228 839; x_wconf 84' lang='lat' dir='ltr'>quatinus</span> 
     </span>
     <span class='ocr_line' id='line_1_18' title="bbox 169 839 1228 879; baseline -0.001 -9"><span class='ocrx_word' id='word_1_125' title='bbox 169 850 219 878; x_wconf 78' lang='lat' dir='ltr'>ea,</span> <span class='ocrx_word' id='word_1_126' title='bbox 238 851 302 878; x_wconf 82' lang='lat' dir='ltr'>quae</span> <span class='ocrx_word' id='word_1_127' title='bbox 315 840 352 870; x_wconf 92' lang='lat' dir='ltr'>de</span> <span class='ocrx_word' id='word_1_128' title='bbox 365 841 448 871; x_wconf 90' lang='lat' dir='ltr'>bonis</span> <span class='ocrx_word' id='word_1_129' title='bbox 462 841 542 878; x_wconf 85' lang='lat' dir='ltr'>iplius</span> <span class='ocrx_word' id='word_1_130' title='bbox 556 840 740 879; x_wconf 87' lang='lat' dir='ltr'>Monasterii,</span> <span class='ocrx_word' id='word_1_131' title='bbox 759 851 808 878; x_wconf 87' lang='lat' dir='ltr'>per</span> <span class='ocrx_word' id='word_1_132' title='bbox 825 839 1032 870; x_wconf 85' lang='lat' dir='ltr'>Conceffiones</span> <span class='ocrx_word' id='word_1_133' title='bbox 1053 840 1228 878; x_wconf 91' lang='lat' dir='ltr'>hujusmodi,</span> 
     </span>
     <span class='ocr_line' id='line_1_19' title="bbox 168 879 795 916; baseline 0 -8"><span class='ocrx_word' id='word_1_134' title='bbox 168 879 296 909; x_wconf 85' lang='lat' dir='ltr'>Alienata</span> <span class='ocrx_word' id='word_1_135' title='bbox 310 880 449 909; x_wconf 89' lang='lat' dir='ltr'>inveneris</span> <span class='ocrx_word' id='word_1_136' title='bbox 464 880 560 909; x_wconf 80' lang='lat' dir='ltr'>illicite</span> <span class='ocrx_word' id='word_1_137' title='bbox 576 880 621 910; x_wconf 92' lang='lat' dir='ltr'>vel</span> <span class='ocrx_word' id='word_1_138' title='bbox 633 879 776 909; x_wconf 57' lang='lat' dir='ltr'>Distracta</span> <span class='ocrx_word' id='word_1_139' title='bbox 786 902 795 916; x_wconf 89' lang='lat'>,</span> 
     </span>
    </p>

    <p class='ocr_par' dir='ltr' id='par_1_8' title="bbox 167 916 1229 994">
     <span class='ocr_line' id='line_1_20' title="bbox 206 916 1229 956; baseline -0.001 -8"><span class='ocrx_word' id='word_1_140' title='bbox 206 917 282 948; x_wconf 91' lang='lat' dir='ltr'>Non</span> <span class='ocrx_word' id='word_1_141' title='bbox 295 916 470 948; x_wconf 82' lang='lat' dir='ltr'>obstantibus</span> <span class='ocrx_word' id='word_1_142' title='bbox 486 918 603 956; x_wconf 85' lang='lat' dir='ltr'>Literis,</span> <span class='ocrx_word' id='word_1_143' title='bbox 622 916 832 955; x_wconf 85' lang='lat' dir='ltr'>Instrumentis,</span> <span class='ocrx_word' id='word_1_144' title='bbox 848 916 1033 955; x_wconf 89' lang='lat' dir='ltr'>Juramentis,</span> <span class='ocrx_word' id='word_1_145' title='bbox 1048 916 1229 955; x_wconf 83' lang='lat' dir='ltr'>Poenis‚Re-</span> 
     </span>
     <span class='ocr_line' id='line_1_21' title="bbox 167 955 964 994; baseline -0.001 -8"><span class='ocrx_word' id='word_1_146' title='bbox 167 957 397 986; x_wconf 84' lang='lat' dir='ltr'>nunciationibus</span> <span class='ocrx_word' id='word_1_147' title='bbox 432 957 466 986; x_wconf 73' lang='grc' dir='ltr'>δε</span> <span class='ocrx_word' id='word_1_148' title='bbox 480 956 770 994; x_wconf 81' lang='lat' dir='ltr'>Confirmationibus,</span> <span class='ocrx_word' id='word_1_149' title='bbox 788 955 964 993; x_wconf 55' lang='lat' dir='ltr'>supradifftis,</span> 
     </span>
    </p>

    <p class='ocr_par' dir='ltr' id='par_1_9' title="bbox 169 979 1231 1109">
     <span class='ocr_line' id='line_1_22' title="bbox 207 979 1226 1036; baseline 0 -12"><span class='ocrx_word' id='word_1_150' title='bbox 207 994 254 1025; x_wconf 83' lang='lat' dir='ltr'>Ad</span> <span class='ocrx_word' id='word_1_151' title='bbox 271 994 323 1033; x_wconf 84' lang='lat' dir='ltr'>Jus</span> <span class='ocrx_word' id='word_1_152' title='bbox 342 996 375 1025; x_wconf 74' lang='grc' dir='ltr'>δε</span> <span class='ocrx_word' id='word_1_153' title='bbox 397 979 600 1031; x_wconf 65' lang='grc' dir='ltr'>ρτορῑίεῖειῑετη</span> <span class='ocrx_word' id='word_1_154' title='bbox 622 995 744 1032; x_wconf 86' lang='lat' dir='ltr'>ejusdem</span> <span class='ocrx_word' id='word_1_155' title='bbox 766 993 1079 1036; x_wconf 44' lang='lat' dir='ltr'>Monasterii-legitime</span> <span class='ocrx_word' id='word_1_156' title='bbox 1092 1003 1226 1024; x_wconf 77' lang='lat' dir='ltr'>revocare</span> 
     </span>
     <span class='ocr_line' id='line_1_23' title="bbox 169 1032 1231 1071; baseline 0.002 -9"><span class='ocrx_word' id='word_1_157' title='bbox 169 1043 322 1071; x_wconf 63' lang='lat' dir='ltr'>procures,</span> <span class='ocrx_word' id='word_1_158' title='bbox 343 1032 574 1063; x_wconf 68' lang='lat' dir='ltr'>ContradicTtores</span> <span class='ocrx_word' id='word_1_159' title='bbox 596 1043 646 1071; x_wconf 85' lang='lat' dir='ltr'>per</span> <span class='ocrx_word' id='word_1_160' title='bbox 667 1032 822 1063; x_wconf 86' lang='lat' dir='ltr'>Censuram</span> <span class='ocrx_word' id='word_1_161' title='bbox 838 1032 1080 1071; x_wconf 83' lang='lat' dir='ltr'>Eccleliasticam,</span> <span class='ocrx_word' id='word_1_162' title='bbox 1099 1033 1231 1071; x_wconf 81' lang='lat' dir='ltr'>Appella-</span> 
     </span>
     <span class='ocr_line' id='line_1_24' title="bbox 172 1071 676 1109; baseline 0 -7"><span class='ocrx_word' id='word_1_163' title='bbox 172 1072 254 1102; x_wconf 90' lang='lat' dir='ltr'>tione</span> <span class='ocrx_word' id='word_1_164' title='bbox 268 1071 438 1109; x_wconf 67' lang='lat' dir='ltr'>postpoiita,</span> <span class='ocrx_word' id='word_1_165' title='bbox 457 1072 676 1109; x_wconf 82' lang='lat' dir='ltr'>compescendo.</span> 
     </span>
    </p>

    <p class='ocr_par' dir='ltr' id='par_1_10' title="bbox 170 1109 1232 1226">
     <span class='ocr_line' id='line_1_25' title="bbox 208 1109 1232 1148; baseline 0 -8"><span class='ocrx_word' id='word_1_166' title='bbox 208 1110 311 1140; x_wconf 86' lang='lat' dir='ltr'>Testes</span> <span class='ocrx_word' id='word_1_167' title='bbox 326 1118 437 1147; x_wconf 88' lang='lat' dir='ltr'>autem,</span> <span class='ocrx_word' id='word_1_168' title='bbox 457 1111 503 1148; x_wconf 87' lang='lat' dir='ltr'>qui</span> <span class='ocrx_word' id='word_1_169' title='bbox 519 1111 620 1140; x_wconf 86' lang='lat' dir='ltr'>fuerint</span> <span class='ocrx_word' id='word_1_170' title='bbox 633 1110 787 1147; x_wconf 86' lang='lat' dir='ltr'>nominati,</span> <span class='ocrx_word' id='word_1_171' title='bbox 805 1109 824 1139; x_wconf 90' lang='lat' dir='ltr'>si</span> <span class='ocrx_word' id='word_1_172' title='bbox 847 1109 874 1139; x_wconf 88' lang='lat' dir='ltr'>se</span> <span class='ocrx_word' id='word_1_173' title='bbox 896 1109 1000 1148; x_wconf 72' lang='lat' dir='ltr'>gratia,</span> <span class='ocrx_word' id='word_1_174' title='bbox 1021 1109 1107 1148; x_wconf 82' lang='lat' dir='ltr'>odio,</span> <span class='ocrx_word' id='word_1_175' title='bbox 1125 1110 1170 1141; x_wconf 89' lang='lat' dir='ltr'>vel</span> <span class='ocrx_word' id='word_1_176' title='bbox 1196 1111 1232 1141; x_wconf 86' lang='lat' dir='ltr'>ti-</span> 
     </span>
     <span class='ocr_line' id='line_1_26' title="bbox 170 1147 1230 1187; baseline 0.001 -9"><span class='ocrx_word' id='word_1_177' title='bbox 170 1157 270 1187; x_wconf 85' lang='lat' dir='ltr'>more,</span> <span class='ocrx_word' id='word_1_178' title='bbox 289 1149 486 1186; x_wconf 80' lang='lat' dir='ltr'>subtraxerint,</span> <span class='ocrx_word' id='word_1_179' title='bbox 502 1147 627 1179; x_wconf 67' lang='lat' dir='ltr'>Censura</span> <span class='ocrx_word' id='word_1_180' title='bbox 650 1149 730 1178; x_wconf 85' lang='lat' dir='ltr'>simili</span> <span class='ocrx_word' id='word_1_181' title='bbox 743 1173 752 1186; x_wconf 88' lang='lat'><strong>‚</strong></span> <span class='ocrx_word' id='word_1_182' title='bbox 771 1148 967 1186; x_wconf 86' lang='lat' dir='ltr'>Appellatione</span> <span class='ocrx_word' id='word_1_183' title='bbox 988 1148 1126 1187; x_wconf 80' lang='lat' dir='ltr'>cessante,</span> <span class='ocrx_word' id='word_1_184' title='bbox 1145 1158 1230 1179; x_wconf 90' lang='lat' dir='ltr'>com-</span> 
     </span>
     <span class='ocr_line' id='line_1_27' title="bbox 171 1187 785 1226; baseline -0.003 -9"><span class='ocrx_word' id='word_1_185' title='bbox 171 1187 255 1226; x_wconf 77' lang='lat' dir='ltr'>pellas</span> <span class='ocrx_word' id='word_1_186' title='bbox 272 1187 390 1217; x_wconf 78' lang='lat' dir='ltr'>Veritati</span> <span class='ocrx_word' id='word_1_187' title='bbox 405 1187 620 1217; x_wconf 87' lang='lat' dir='ltr'>Testimonium</span> <span class='ocrx_word' id='word_1_188' title='bbox 634 1187 785 1224; x_wconf 82' lang='lat' dir='ltr'>perhibere.</span> 
     </span>
    </p>
   </div>
   <div class='ocr_carea' id='block_1_3' title="bbox 171 1223 1228 1295">
    <p class='ocr_par' dir='ltr' id='par_1_11' title="bbox 171 1223 1228 1295">
     <span class='ocr_line' id='line_1_28' title="bbox 171 1223 1228 1294; baseline 0.001 -39"><span class='ocrx_word' id='word_1_189' title='bbox 171 1224 279 1294; x_wconf 39' lang='lat' dir='ltr'>Olgat.</span> <span class='ocrx_word' id='word_1_190' title='bbox 300 1225 436 1256; x_wconf 86' lang='lat' dir='ltr'>Avinion.</span> <span class='ocrx_word' id='word_1_191' title='bbox 458 1225 523 1256; x_wconf 81' lang='lat' dir='ltr'>Kal.</span> <span class='ocrx_word' id='word_1_192' title='bbox 545 1225 664 1264; x_wconf 76' lang='lat' dir='ltr'>Aprilis,</span> <span class='ocrx_word' id='word_1_193' title='bbox 679 1223 863 1256; x_wconf 74' lang='lat' dir='ltr'>Pontificatus</span> <span class='ocrx_word' id='word_1_194' title='bbox 883 1223 972 1255; x_wconf 86' lang='lat' dir='ltr'>nostri</span> <span class='ocrx_word' id='word_1_195' title='bbox 993 1223 1082 1254; x_wconf 85' lang='lat' dir='ltr'>Anno</span> <span class='ocrx_word' id='word_1_196' title='bbox 1098 1224 1228 1256; x_wconf 89' lang='lat' dir='ltr'>Decimo</span> 
     </span>
     <span class='ocr_line' id='line_1_29' title="bbox 207 1273 300 1295; baseline 0.011 -1"><span class='ocrx_word' id='word_1_197' title='bbox 207 1273 222 1294; x_wconf 80' lang='lat' dir='ltr'>c</span> <span class='ocrx_word' id='word_1_198' title='bbox 236 1273 300 1295; x_wconf 89' lang='lat' dir='ltr'>avo.</span> 
     </span>
    </p>
   </div>
   <div class='ocr_carea' id='block_1_4' title="bbox 854 1337 1125 1382">
    <p class='ocr_par' dir='ltr' id='par_1_12' title="bbox 854 1337 1125 1382">
     <span class='ocr_line' id='line_1_30' title="bbox 854 1337 1125 1382; baseline -0.011 -10"><span class='ocrx_word' id='word_1_199' title='bbox 854 1340 907 1372; x_wconf 77' lang='lat' dir='ltr'>Sub</span> <span class='ocrx_word' id='word_1_200' title='bbox 917 1339 978 1382; x_wconf 82' lang='lat' dir='ltr'>filis</span> <span class='ocrx_word' id='word_1_201' title='bbox 992 1337 1125 1370; x_wconf 68' lang='lat' dir='ltr'>canabeis.</span> 
     </span>
    </p>
   </div>
   <div class='ocr_carea' id='block_1_5' title="bbox 407 1477 988 1523">
    <p class='ocr_par' dir='ltr' id='par_1_13' title="bbox 407 1477 988 1523">
     <span class='ocr_line' id='line_1_31' title="bbox 407 1477 988 1523; baseline -0.003 -13"><span class='ocrx_word' id='word_1_202' title='bbox 407 1479 501 1522; x_wconf 71' lang='lat' dir='ltr'>Super</span> <span class='ocrx_word' id='word_1_203' title='bbox 524 1477 662 1523; x_wconf 68' lang='lat' dir='ltr'>Expenfis</span> <span class='ocrx_word' id='word_1_204' title='bbox 678 1477 871 1508; x_wconf 77' lang='lat' dir='ltr'>Nunciorum</span> <span class='ocrx_word' id='word_1_205' title='bbox 892 1477 988 1521; x_wconf 80' lang='lat' dir='ltr'>Regis.</span> 
     </span>
    </p>
   </div>
   <div class='ocr_carea' id='block_1_6' title="bbox 22 1559 1233 2908">
    <p class='ocr_par' dir='ltr' id='par_1_14' title="bbox 23 1559 1232 1646">
     <span class='ocr_line' id='line_1_32' title="bbox 23 1559 1232 1619; baseline -0.005 -21"><span class='ocrx_word' id='word_1_206' title='bbox 23 1565 100 1598; x_wconf 83' lang='lat' dir='ltr'>Arm.</span> <span class='ocrx_word' id='word_1_207' title='bbox 114 1565 156 1598; x_wconf 96' lang='lat' dir='ltr'>D.</span> <span class='ocrx_word' id='word_1_208' title='bbox 175 1561 307 1619; x_wconf 76' lang='lat' dir='ltr'>REX,</span> <span class='ocrx_word' id='word_1_209' title='bbox 322 1561 525 1599; x_wconf 82' lang='lat' dir='ltr'>Thesaurario,</span> <span class='ocrx_word' id='word_1_210' title='bbox 544 1562 577 1592; x_wconf 65' lang='grc' dir='ltr'>ὃς</span> <span class='ocrx_word' id='word_1_211' title='bbox 593 1561 749 1592; x_wconf 86' lang='lat' dir='ltr'>Baronibus</span> <span class='ocrx_word' id='word_1_212' title='bbox 763 1559 830 1597; x_wconf 86' lang='lat' dir='ltr'>suis,</span> <span class='ocrx_word' id='word_1_213' title='bbox 846 1559 881 1590; x_wconf 90' lang='lat' dir='ltr'>de</span> <span class='ocrx_word' id='word_1_214' title='bbox 895 1559 1060 1599; x_wconf 82' lang='lat' dir='ltr'>Scaccario,</span> <span class='ocrx_word' id='word_1_215' title='bbox 1078 1569 1110 1591; x_wconf 79' lang='lat' dir='ltr'>ac</span> <span class='ocrx_word' id='word_1_216' title='bbox 1126 1560 1232 1592; x_wconf 88' lang='lat' dir='ltr'>Came·</span> 
     </span>
     <span class='ocr_line' id='line_1_33' title="bbox 45 1600 1039 1646; baseline 0 -16"><span class='ocrx_word' id='word_1_217' title='bbox 45 1615 130 1646; x_wconf 75' lang='lat'>1334,</span> <span class='ocrx_word' id='word_1_218' title='bbox 247 1601 322 1630; x_wconf 86' lang='lat' dir='ltr'>rariis</span> <span class='ocrx_word' id='word_1_219' title='bbox 334 1600 403 1639; x_wconf 84' lang='lat' dir='ltr'>suis,</span> <span class='ocrx_word' id='word_1_220' title='bbox 421 1600 555 1631; x_wconf 82' lang='lat' dir='ltr'>Salutem.</span> <span class='ocrx_word' id='word_1_221' title='bbox 1035 1638 1039 1642; x_wconf 42' lang='lat'>·</span> 
     </span>
    </p>

    <p class='ocr_par' dir='ltr' id='par_1_15' title="bbox 23 1637 1232 1677">
     <span class='ocr_line' id='line_1_34' title="bbox 23 1637 1232 1677; baseline 0 -8"><span class='ocrx_word' id='word_1_222' title='bbox 23 1650 77 1674; x_wconf 59' lang='lat' dir='ltr'>Aa,</span> <span class='ocrx_word' id='word_1_223' title='bbox 92 1646 120 1674; x_wconf 66' lang='grc' dir='ltr'>ὃ,</span> <span class='ocrx_word' id='word_1_224' title='bbox 213 1637 310 1676; x_wconf 77' lang='lat' dir='ltr'>Cum,</span> <span class='ocrx_word' id='word_1_225' title='bbox 327 1640 433 1671; x_wconf 64' lang='lat' dir='ltr'>odlavo</span> <span class='ocrx_word' id='word_1_226' title='bbox 448 1639 493 1669; x_wconf 91' lang='lat' dir='ltr'>die</span> <span class='ocrx_word' id='word_1_227' title='bbox 507 1639 663 1675; x_wconf 78' lang='lat' dir='ltr'>Februarii,</span> <span class='ocrx_word' id='word_1_228' title='bbox 679 1638 813 1675; x_wconf 79' lang='lat' dir='ltr'>proximo</span> <span class='ocrx_word' id='word_1_229' title='bbox 823 1638 981 1675; x_wconf 63' lang='lat' dir='ltr'>praeterito,</span> <span class='ocrx_word' id='word_1_230' title='bbox 1001 1637 1232 1677; x_wconf 82' lang='lat' dir='ltr'>miserimus,Di—</span> 
     </span>
    </p>

    <p class='ocr_par' dir='ltr' id='par_1_16' title="bbox 22 1675 1233 1720">
     <span class='ocr_line' id='line_1_35' title="bbox 22 1675 1233 1720; baseline 0.002 -14"><span class='ocrx_word' id='word_1_231' title='bbox 22 1687 53 1710; x_wconf 72' lang='lat' dir='ltr'>E.</span> <span class='ocrx_word' id='word_1_232' title='bbox 76 1693 100 1720; x_wconf 75' lang='lat'>3,</span> <span class='ocrx_word' id='word_1_233' title='bbox 174 1676 280 1707; x_wconf 63' lang='lat' dir='ltr'>lectum</span> <span class='ocrx_word' id='word_1_234' title='bbox 296 1677 442 1708; x_wconf 87' lang='lat' dir='ltr'>Clericum</span> <span class='ocrx_word' id='word_1_235' title='bbox 456 1676 602 1714; x_wconf 88' lang='lat' dir='ltr'>nostrum,</span> <span class='ocrx_word' id='word_1_236' title='bbox 623 1675 793 1715; x_wconf 77' lang='lat' dir='ltr'>Magistrum</span> <span class='ocrx_word' id='word_1_237' title='bbox 811 1675 960 1705; x_wconf 84' lang='lat' dir='ltr'>Simonem</span> <span class='ocrx_word' id='word_1_238' title='bbox 980 1675 1015 1706; x_wconf 91' lang='lat' dir='ltr'>de</span> <span class='ocrx_word' id='word_1_239' title='bbox 1037 1676 1151 1715; x_wconf 78' lang='lat' dir='ltr'>stanes,</span> <span class='ocrx_word' id='word_1_240' title='bbox 1170 1688 1233 1708; x_wconf 77' lang='lat' dir='ltr'>ver-</span> 
     </span>
    </p>

    <p class='ocr_par' dir='ltr' id='par_1_17' title="bbox 22 1713 1233 1760">
     <span class='ocr_line' id='line_1_36' title="bbox 22 1713 1233 1760; baseline 0.001 -14"><span class='ocrx_word' id='word_1_241' title='bbox 22 1721 112 1760; x_wconf 63' lang='lat' dir='ltr'>Clffls·</span> <span class='ocrx_word' id='word_1_242' title='bbox 127 1721 156 1750; x_wconf 72' lang='lat'>8,</span> <span class='ocrx_word' id='word_1_243' title='bbox 174 1715 216 1745; x_wconf 88' lang='lat' dir='ltr'>sus</span> <span class='ocrx_word' id='word_1_244' title='bbox 236 1724 324 1753; x_wconf 88' lang='lat' dir='ltr'>partes</span> <span class='ocrx_word' id='word_1_245' title='bbox 344 1716 498 1753; x_wconf 81' lang='lat' dir='ltr'>Flandriae,</span> <span class='ocrx_word' id='word_1_246' title='bbox 516 1715 549 1745; x_wconf 91' lang='lat' dir='ltr'>ad</span> <span class='ocrx_word' id='word_1_247' title='bbox 567 1714 742 1745; x_wconf 65' lang='lat' dir='ltr'>tractandum</span> <span class='ocrx_word' id='word_1_248' title='bbox 767 1723 853 1751; x_wconf 91' lang='lat' dir='ltr'>cum,</span> <span class='ocrx_word' id='word_1_249' title='bbox 873 1714 979 1743; x_wconf 84' lang='lat' dir='ltr'>Nobili</span> <span class='ocrx_word' id='word_1_250' title='bbox 994 1713 1083 1752; x_wconf 89' lang='lat' dir='ltr'>Viro,</span> <span class='ocrx_word' id='word_1_251' title='bbox 1099 1715 1233 1747; x_wconf 89' lang='lat' dir='ltr'>Domino</span> 
     </span>
    </p>

    <p class='ocr_par' dir='ltr' id='par_1_18' title="bbox 22 1752 1232 1792">
     <span class='ocr_line' id='line_1_37' title="bbox 22 1752 1232 1792; baseline 0 -8"><span class='ocrx_word' id='word_1_252' title='bbox 22 1764 54 1787; x_wconf 73' lang='lat' dir='ltr'>E.</span> <span class='ocrx_word' id='word_1_253' title='bbox 70 1771 139 1789; x_wconf 43' lang='lat' dir='ltr'>nm,</span> <span class='ocrx_word' id='word_1_254' title='bbox 175 1753 341 1785; x_wconf 90' lang='lat' dir='ltr'>Lodowico</span> <span class='ocrx_word' id='word_1_255' title='bbox 376 1754 494 1785; x_wconf 89' lang='lat' dir='ltr'>Comite</span> <span class='ocrx_word' id='word_1_256' title='bbox 507 1753 658 1789; x_wconf 61' lang='lat' dir='ltr'>mandri-x,</span> <span class='ocrx_word' id='word_1_257' title='bbox 675 1752 895 1790; x_wconf 84' lang='lat' dir='ltr'>Consanguineo</span> <span class='ocrx_word' id='word_1_258' title='bbox 906 1752 1006 1783; x_wconf 90' lang='lat' dir='ltr'>nostro</span> <span class='ocrx_word' id='word_1_259' title='bbox 1027 1753 1184 1792; x_wconf 83' lang='lat' dir='ltr'>cariffimo,</span> <span class='ocrx_word' id='word_1_260' title='bbox 1199 1764 1232 1786; x_wconf 91' lang='lat' dir='ltr'>ac</span> 
     </span>
    </p>

    <p class='ocr_par' dir='ltr' id='par_1_19' title="bbox 25 1778 822 1835">
     <span class='ocr_line' id='line_1_38' title="bbox 25 1778 822 1835; baseline -0.008 -10"><span class='ocrx_word' id='word_1_261' title='bbox 25 1781 82 1833; x_wconf 66' lang='lat'>27.³</span> <span class='ocrx_word' id='word_1_262' title='bbox 173 1778 415 1832; x_wconf 60' lang='lat' dir='ltr'>Burgimagiiiris‚</span> <span class='ocrx_word' id='word_1_263' title='bbox 431 1793 572 1828; x_wconf 83' lang='lat' dir='ltr'>scabinis,</span> <span class='ocrx_word' id='word_1_264' title='bbox 587 1792 620 1835; x_wconf 65' lang='lat' dir='ltr'>sc</span> <span class='ocrx_word' id='word_1_265' title='bbox 636 1791 822 1828; x_wconf 70' lang='lat' dir='ltr'>Consulibus,</span> 
     </span>
    </p>

    <p class='ocr_par' dir='ltr' id='par_1_20' title="bbox 172 1828 1233 1911">
     <span class='ocr_line' id='line_1_39' title="bbox 211 1828 1232 1867; baseline 0.001 -6"><span class='ocrx_word' id='word_1_266' title='bbox 211 1831 256 1862; x_wconf 90' lang='lat' dir='ltr'>Ac</span> <span class='ocrx_word' id='word_1_267' title='bbox 276 1832 331 1862; x_wconf 90' lang='lat' dir='ltr'>aliis</span> <span class='ocrx_word' id='word_1_268' title='bbox 350 1831 542 1867; x_wconf 87' lang='lat' dir='ltr'>Hominibus,</span> <span class='ocrx_word' id='word_1_269' title='bbox 566 1829 698 1859; x_wconf 82' lang='lat' dir='ltr'>Villarum</span> <span class='ocrx_word' id='word_1_270' title='bbox 721 1829 757 1858; x_wconf 91' lang='lat' dir='ltr'>de</span> <span class='ocrx_word' id='word_1_271' title='bbox 779 1828 896 1867; x_wconf 74' lang='lat' dir='ltr'>Bruges,</span> <span class='ocrx_word' id='word_1_272' title='bbox 915 1828 948 1859; x_wconf 87' lang='lat'>&amp;</span> <span class='ocrx_word' id='word_1_273' title='bbox 974 1828 1130 1867; x_wconf 87' lang='lat' dir='ltr'>Gandano,</span> <span class='ocrx_word' id='word_1_274' title='bbox 1149 1831 1182 1861; x_wconf 75' lang='grc' dir='ltr'>δε</span> <span class='ocrx_word' id='word_1_275' title='bbox 1196 1831 1232 1862; x_wconf 91' lang='lat' dir='ltr'>de</span> 
     </span>
     <span class='ocr_line' id='line_1_40' title="bbox 172 1866 1233 1911; baseline 0.001 -11"><span class='ocrx_word' id='word_1_276' title='bbox 172 1867 186 1899; x_wconf 92' lang='lat' dir='ltr'>I</span> <span class='ocrx_word' id='word_1_277' title='bbox 208 1880 253 1907; x_wconf 88' lang='lat' dir='ltr'>re,</span> <span class='ocrx_word' id='word_1_278' title='bbox 270 1870 313 1900; x_wconf 92' lang='lat' dir='ltr'>seu</span> <span class='ocrx_word' id='word_1_279' title='bbox 328 1880 394 1900; x_wconf 91' lang='lat' dir='ltr'>cum</span> <span class='ocrx_word' id='word_1_280' title='bbox 410 1869 477 1907; x_wconf 88' lang='lat' dir='ltr'>illis,</span> <span class='ocrx_word' id='word_1_281' title='bbox 497 1879 567 1907; x_wconf 85' lang='lat' dir='ltr'>quos</span> <span class='ocrx_word' id='word_1_282' title='bbox 582 1867 688 1905; x_wconf 84' lang='lat' dir='ltr'>iidem,</span> <span class='ocrx_word' id='word_1_283' title='bbox 700 1866 834 1911; x_wconf 38' lang='lat' dir='ltr'>Corne&amp;</span> <span class='ocrx_word' id='word_1_284' title='bbox 854 1867 1079 1907; x_wconf 80' lang='lat' dir='ltr'>Burgimagistri,</span> <span class='ocrx_word' id='word_1_285' title='bbox 1099 1869 1233 1910; x_wconf 82' lang='lat' dir='ltr'>Scabiiii,</span> 
     </span>
    </p>

    <p class='ocr_par' dir='ltr' id='par_1_21' title="bbox 204 1905 1121 1946">
     <span class='ocr_line' id='line_1_41' title="bbox 204 1905 1121 1946; baseline -0.001 -8"><span class='ocrx_word' id='word_1_286' title='bbox 204 1908 329 1945; x_wconf 87' lang='lat' dir='ltr'>onsules,</span> <span class='ocrx_word' id='word_1_287' title='bbox 348 1909 380 1938; x_wconf 69' lang='grc' dir='ltr'>δε</span> <span class='ocrx_word' id='word_1_288' title='bbox 398 1908 458 1946; x_wconf 84' lang='lat' dir='ltr'>alii,</span> <span class='ocrx_word' id='word_1_289' title='bbox 476 1907 513 1937; x_wconf 90' lang='lat' dir='ltr'>de</span> <span class='ocrx_word' id='word_1_290' title='bbox 528 1907 607 1936; x_wconf 84' lang='lat' dir='ltr'>Villis</span> <span class='ocrx_word' id='word_1_291' title='bbox 619 1905 777 1944; x_wconf 53' lang='lat' dir='ltr'>predictis,</span> <span class='ocrx_word' id='word_1_292' title='bbox 797 1906 864 1936; x_wconf 89' lang='lat' dir='ltr'>loco</span> <span class='ocrx_word' id='word_1_293' title='bbox 880 1906 928 1936; x_wconf 89' lang='lat' dir='ltr'>suo</span> <span class='ocrx_word' id='word_1_294' title='bbox 942 1906 1121 1946; x_wconf 82' lang='lat' dir='ltr'>deputarent,</span> 
     </span>
    </p>

    <p class='ocr_par' dir='ltr' id='par_1_22' title="bbox 170 1943 1231 2099">
     <span class='ocr_line' id='line_1_42' title="bbox 210 1943 1230 1985; baseline 0.002 -9"><span class='ocrx_word' id='word_1_295' title='bbox 210 1946 247 1976; x_wconf 94' lang='lat' dir='ltr'>Su</span> <span class='ocrx_word' id='word_1_296' title='bbox 270 1956 299 1976; x_wconf 91' lang='lat' dir='ltr'>er</span> <span class='ocrx_word' id='word_1_297' title='bbox 320 1946 598 1983; x_wconf 74' lang='lat' dir='ltr'>Transgrell&#39;ionibus</span> <span class='ocrx_word' id='word_1_298' title='bbox 611 1967 620 1982; x_wconf 86' lang='lat'>‚</span> <span class='ocrx_word' id='word_1_299' title='bbox 640 1943 782 1982; x_wconf 79' lang='lat' dir='ltr'>Dampnis</span> <span class='ocrx_word' id='word_1_300' title='bbox 794 1968 803 1981; x_wconf 93' lang='lat'>,</span> <span class='ocrx_word' id='word_1_301' title='bbox 823 1944 841 1963; x_wconf 66' lang='lat'><strong><em>*</em></strong></span> <span class='ocrx_word' id='word_1_302' title='bbox 869 1943 978 1981; x_wconf 85' lang='lat' dir='ltr'>Injuriis</span> <span class='ocrx_word' id='word_1_303' title='bbox 993 1968 1002 1983; x_wconf 85' lang='lat'>,</span> <span class='ocrx_word' id='word_1_304' title='bbox 1020 1945 1157 1976; x_wconf 82' lang='lat' dir='ltr'>Roberiis</span> <span class='ocrx_word' id='word_1_305' title='bbox 1169 1969 1178 1985; x_wconf 87' lang='lat'>,</span> <span class='ocrx_word' id='word_1_306' title='bbox 1196 1948 1230 1978; x_wconf 90' lang='lat'>&amp;</span> 
     </span>
     <span class='ocr_line' id='line_1_43' title="bbox 171 1982 1230 2023; baseline 0.003 -9"><span class='ocrx_word' id='word_1_307' title='bbox 171 1984 228 2014; x_wconf 87' lang='lat' dir='ltr'>aliis</span> <span class='ocrx_word' id='word_1_308' title='bbox 272 1984 399 2015; x_wconf 55' lang='lat' dir='ltr'>&#39;Ialeficiis</span> <span class='ocrx_word' id='word_1_309' title='bbox 419 1985 662 2023; x_wconf 87' lang='lat' dir='ltr'>quibuscumque,</span> <span class='ocrx_word' id='word_1_310' title='bbox 677 1993 725 2020; x_wconf 84' lang='lat' dir='ltr'>per</span> <span class='ocrx_word' id='word_1_311' title='bbox 745 1982 854 2012; x_wconf 83' lang='lat' dir='ltr'>Gentes</span> <span class='ocrx_word' id='word_1_312' title='bbox 875 1984 908 2014; x_wconf 71' lang='grc' dir='ltr'>δε</span> <span class='ocrx_word' id='word_1_313' title='bbox 931 1982 1110 2014; x_wconf 86' lang='lat' dir='ltr'>Habitatores</span> <span class='ocrx_word' id='word_1_314' title='bbox 1133 1986 1230 2022; x_wconf 85' lang='lat' dir='ltr'>Regni</span> 
     </span>
     <span class='ocr_line' id='line_1_44' title="bbox 170 2020 1231 2061; baseline 0.002 -8"><span class='ocrx_word' id='word_1_315' title='bbox 170 2022 259 2053; x_wconf 85' lang='lat' dir='ltr'>nostri</span> <span class='ocrx_word' id='word_1_316' title='bbox 281 2033 313 2053; x_wconf 78' lang='lat' dir='ltr'>ex</span> <span class='ocrx_word' id='word_1_317' title='bbox 332 2032 407 2061; x_wconf 85' lang='lat' dir='ltr'>parte</span> <span class='ocrx_word' id='word_1_318' title='bbox 427 2024 499 2060; x_wconf 71' lang='lat' dir='ltr'>una,</span> <span class='ocrx_word' id='word_1_319' title='bbox 519 2023 551 2053; x_wconf 67' lang='grc' dir='ltr'>ὅ(</span> <span class='ocrx_word' id='word_1_320' title='bbox 565 2021 674 2061; x_wconf 78' lang='lat' dir='ltr'>Gentes</span> <span class='ocrx_word' id='word_1_321' title='bbox 687 2022 720 2053; x_wconf 66' lang='grc' dir='ltr'>ὃς</span> <span class='ocrx_word' id='word_1_322' title='bbox 733 2020 1022 2052; x_wconf 82' lang='lat' dir='ltr'>HabitatoresTerrae</span> <span class='ocrx_word' id='word_1_323' title='bbox 1036 2022 1175 2054; x_wconf 83' lang='lat' dir='ltr'>Flandriae</span> <span class='ocrx_word' id='word_1_324' title='bbox 1197 2034 1231 2055; x_wconf 87' lang='lat' dir='ltr'>ex</span> 
     </span>
     <span class='ocr_line' id='line_1_45' title="bbox 171 2061 549 2099; baseline 0 -8"><span class='ocrx_word' id='word_1_325' title='bbox 171 2061 270 2098; x_wconf 73' lang='lat' dir='ltr'>altera,</span> <span class='ocrx_word' id='word_1_326' title='bbox 289 2062 355 2093; x_wconf 92' lang='lat' dir='ltr'>hinc</span> <span class='ocrx_word' id='word_1_327' title='bbox 374 2061 440 2092; x_wconf 79' lang='lat' dir='ltr'>inde</span> <span class='ocrx_word' id='word_1_328' title='bbox 456 2062 549 2099; x_wconf 84' lang='lat' dir='ltr'>illatis,</span> 
     </span>
    </p>

    <p class='ocr_par' dir='ltr' id='par_1_23' title="bbox 167 2098 1231 2219">
     <span class='ocr_line' id='line_1_46' title="bbox 207 2098 1231 2143; baseline 0.001 -13"><span class='ocrx_word' id='word_1_329' title='bbox 207 2099 244 2130; x_wconf 87' lang='lat' dir='ltr'>Et</span> <span class='ocrx_word' id='word_1_330' title='bbox 267 2100 485 2132; x_wconf 68' lang='lat' dir='ltr'>concesserimus</span> <span class='ocrx_word' id='word_1_331' title='bbox 506 2101 531 2130; x_wconf 90' lang='lat' dir='ltr'>ei</span> <span class='ocrx_word' id='word_1_332' title='bbox 553 2098 633 2143; x_wconf 77' lang='lat' dir='ltr'>quod</span> <span class='ocrx_word' id='word_1_333' title='bbox 651 2098 706 2136; x_wconf 88' lang='lat' dir='ltr'>ipse</span> <span class='ocrx_word' id='word_1_334' title='bbox 728 2098 861 2136; x_wconf 82' lang='lat' dir='ltr'>percipiat</span> <span class='ocrx_word' id='word_1_335' title='bbox 875 2098 908 2129; x_wconf 71' lang='lat' dir='ltr'>Sc</span> <span class='ocrx_word' id='word_1_336' title='bbox 922 2098 1036 2138; x_wconf 87' lang='lat' dir='ltr'>habeat,</span> <span class='ocrx_word' id='word_1_337' title='bbox 1056 2110 1107 2138; x_wconf 82' lang='lat' dir='ltr'>pro</span> <span class='ocrx_word' id='word_1_338' title='bbox 1123 2100 1231 2141; x_wconf 84' lang='lat' dir='ltr'>singulis</span> 
     </span>
     <span class='ocr_line' id='line_1_47' title="bbox 167 2137 1230 2178; baseline 0.003 -10"><span class='ocrx_word' id='word_1_339' title='bbox 167 2137 283 2177; x_wconf 90' lang='lat' dir='ltr'>diebus,</span> <span class='ocrx_word' id='word_1_340' title='bbox 302 2140 402 2178; x_wconf 88' lang='lat' dir='ltr'>quibus</span> <span class='ocrx_word' id='word_1_341' title='bbox 417 2141 446 2170; x_wconf 90' lang='lat' dir='ltr'>in</span> <span class='ocrx_word' id='word_1_342' title='bbox 458 2138 525 2169; x_wconf 91' lang='lat' dir='ltr'>obse</span> <span class='ocrx_word' id='word_1_343' title='bbox 546 2148 594 2168; x_wconf 86' lang='lat' dir='ltr'>uio</span> <span class='ocrx_word' id='word_1_344' title='bbox 607 2137 704 2167; x_wconf 86' lang='lat' dir='ltr'>nostro</span> <span class='ocrx_word' id='word_1_345' title='bbox 720 2137 858 2174; x_wconf 65' lang='lat' dir='ltr'>praediisto</span> <span class='ocrx_word' id='word_1_346' title='bbox 880 2137 1002 2177; x_wconf 86' lang='lat' dir='ltr'>steterit,</span> <span class='ocrx_word' id='word_1_347' title='bbox 1015 2139 1105 2177; x_wconf 49' lang='lat' dir='ltr'>‚usque</span> <span class='ocrx_word' id='word_1_348' title='bbox 1127 2139 1162 2170; x_wconf 88' lang='lat' dir='ltr'>ad</span> <span class='ocrx_word' id='word_1_349' title='bbox 1185 2150 1230 2172; x_wconf 89' lang='lat' dir='ltr'>re-</span> 
     </span>
     <span class='ocr_line' id='line_1_48' title="bbox 170 2148 971 2219; baseline -0.004 -12"><span class='ocrx_word' id='word_1_350' title='bbox 170 2176 262 2207; x_wconf 83' lang='lat' dir='ltr'>ditum</span> <span class='ocrx_word' id='word_1_351' title='bbox 277 2178 357 2209; x_wconf 88' lang='lat' dir='ltr'>suum</span> <span class='ocrx_word' id='word_1_352' title='bbox 373 2148 641 2216; x_wconf 70' lang='lat' dir='ltr'>Eborum,qUnam</span> <span class='ocrx_word' id='word_1_353' title='bbox 659 2175 808 2219; x_wconf 84' lang='lat' dir='ltr'>Marcam,</span> <span class='ocrx_word' id='word_1_354' title='bbox 967 2215 971 2219; x_wconf 40' lang='grc' dir='ltr'>Ι</span> 
     </span>
    </p>

    <p class='ocr_par' dir='ltr' id='par_1_24' title="bbox 169 2213 1230 2476">
     <span class='ocr_line' id='line_1_49' title="bbox 208 2213 1230 2255; baseline 0.003 -10"><span class='ocrx_word' id='word_1_355' title='bbox 208 2215 245 2246; x_wconf 88' lang='lat' dir='ltr'>Et</span> <span class='ocrx_word' id='word_1_356' title='bbox 259 2217 336 2254; x_wconf 89' lang='lat' dir='ltr'>quod</span> <span class='ocrx_word' id='word_1_357' title='bbox 351 2215 457 2247; x_wconf 87' lang='lat' dir='ltr'>Custus</span> <span class='ocrx_word' id='word_1_358' title='bbox 472 2217 504 2247; x_wconf 70' lang='grc' dir='ltr'>δε</span> <span class='ocrx_word' id='word_1_359' title='bbox 521 2214 674 2253; x_wconf 81' lang='lat' dir='ltr'>Expensas,</span> <span class='ocrx_word' id='word_1_360' title='bbox 693 2224 763 2252; x_wconf 85' lang='lat' dir='ltr'>quos</span> <span class='ocrx_word' id='word_1_361' title='bbox 777 2224 851 2244; x_wconf 81' lang='lat' dir='ltr'>circa</span> <span class='ocrx_word' id='word_1_362' title='bbox 867 2213 1024 2254; x_wconf 82' lang='lat' dir='ltr'>Passagium</span> <span class='ocrx_word' id='word_1_363' title='bbox 1042 2214 1121 2246; x_wconf 88' lang='lat' dir='ltr'>suum</span> <span class='ocrx_word' id='word_1_364' title='bbox 1131 2240 1141 2255; x_wconf 89' lang='lat'>,</span> <span class='ocrx_word' id='word_1_365' title='bbox 1159 2227 1230 2248; x_wconf 89' lang='lat' dir='ltr'>eun-</span> 
     </span>
     <span class='ocr_line' id='line_1_50' title="bbox 169 2252 1230 2295; baseline 0.004 -12"><span class='ocrx_word' id='word_1_366' title='bbox 169 2252 209 2284; x_wconf 92' lang='lat' dir='ltr'>do</span> <span class='ocrx_word' id='word_1_367' title='bbox 225 2256 315 2286; x_wconf 85' lang='lat' dir='ltr'>versus</span> <span class='ocrx_word' id='word_1_368' title='bbox 329 2264 416 2295; x_wconf 87' lang='lat' dir='ltr'>partes</span> <span class='ocrx_word' id='word_1_369' title='bbox 431 2254 596 2293; x_wconf 56' lang='lat' dir='ltr'>medietas,</span> <span class='ocrx_word' id='word_1_370' title='bbox 617 2255 649 2285; x_wconf 83' lang='lat'>&amp;</span> <span class='ocrx_word' id='word_1_371' title='bbox 663 2253 763 2283; x_wconf 80' lang='lat' dir='ltr'>exinde</span> <span class='ocrx_word' id='word_1_372' title='bbox 778 2253 940 2291; x_wconf 87' lang='lat' dir='ltr'>redeundo,</span> <span class='ocrx_word' id='word_1_373' title='bbox 956 2263 989 2283; x_wconf 88' lang='lat' dir='ltr'>ac</span> <span class='ocrx_word' id='word_1_374' title='bbox 1002 2254 1145 2292; x_wconf 74' lang='lat' dir='ltr'>Stipendia</span> <span class='ocrx_word' id='word_1_375' title='bbox 1160 2256 1230 2287; x_wconf 91' lang='lat' dir='ltr'>Cle-</span> 
     </span>
     <span class='ocr_line' id='line_1_51' title="bbox 169 2291 1229 2336; baseline 0.005 -15"><span class='ocrx_word' id='word_1_376' title='bbox 169 2293 312 2336; x_wconf 80' lang='lat' dir='ltr'>ricorum,</span> <span class='ocrx_word' id='word_1_377' title='bbox 331 2295 442 2332; x_wconf 81' lang='lat' dir='ltr'>negotia</span> <span class='ocrx_word' id='word_1_378' title='bbox 458 2293 552 2336; x_wconf 71' lang='lat' dir='ltr'>nostra</span> <span class='ocrx_word' id='word_1_379' title='bbox 566 2293 594 2322; x_wconf 91' lang='lat' dir='ltr'>in</span> <span class='ocrx_word' id='word_1_380' title='bbox 607 2293 728 2330; x_wconf 83' lang='lat' dir='ltr'>partibus</span> <span class='ocrx_word' id='word_1_381' title='bbox 744 2291 884 2329; x_wconf 64' lang='lat' dir='ltr'>praedietis</span> <span class='ocrx_word' id='word_1_382' title='bbox 897 2292 1093 2332; x_wconf 73' lang='lat' dir='ltr'>scribentium,</span> <span class='ocrx_word' id='word_1_383' title='bbox 1110 2295 1229 2332; x_wconf 85' lang='lat' dir='ltr'>apposu-</span> 
     </span>
     <span class='ocr_line' id='line_1_52' title="bbox 169 2332 1228 2412; baseline 0.002 -12"><span class='ocrx_word' id='word_1_384' title='bbox 169 2332 735 2412; x_wconf 45' lang='lat' dir='ltr'>erlli’idgmzzzbg¹igohirlOltisisquli}irita</span> <span class='ocrx_word' id='word_1_385' title='bbox 752 2367 882 2412; x_wconf 24' lang='lat' dir='ltr'>Marrcas,</span> <span class='ocrx_word' id='word_1_386' title='bbox 901 2369 929 2398; x_wconf 91' lang='lat' dir='ltr'>in</span> <span class='ocrx_word' id='word_1_387' title='bbox 946 2368 1054 2399; x_wconf 89' lang='lat' dir='ltr'>recessu</span> <span class='ocrx_word' id='word_1_388' title='bbox 1067 2369 1116 2400; x_wconf 90' lang='lat' dir='ltr'>suo</span> <span class='ocrx_word' id='word_1_389' title='bbox 1133 2371 1228 2402; x_wconf 91' lang='lat' dir='ltr'>versus</span> 
     </span>
     <span class='ocr_line' id='line_1_53' title="bbox 169 2407 1228 2475; baseline 0.002 -37"><span class='ocrx_word' id='word_1_390' title='bbox 169 2417 259 2451; x_wconf 81' lang='lat' dir='ltr'>partes</span> <span class='ocrx_word' id='word_1_391' title='bbox 275 2409 432 2475; x_wconf 50' lang='lat' dir='ltr'>prizeginstas,</span> <span class='ocrx_word' id='word_1_392' title='bbox 450 2409 530 2446; x_wconf 84' lang='lat' dir='ltr'>super</span> <span class='ocrx_word' id='word_1_393' title='bbox 574 2407 640 2438; x_wconf 85' lang='lat' dir='ltr'>adiis</span> <span class='ocrx_word' id='word_1_394' title='bbox 651 2407 825 2445; x_wconf 75' lang='lat' dir='ltr'>hujusmodi,</span> <span class='ocrx_word' id='word_1_395' title='bbox 842 2407 878 2437; x_wconf 90' lang='lat' dir='ltr'>de</span> <span class='ocrx_word' id='word_1_396' title='bbox 898 2407 1045 2438; x_wconf 81' lang='lat' dir='ltr'>Thesauro</span> <span class='ocrx_word' id='word_1_397' title='bbox 1063 2409 1163 2440; x_wconf 87' lang='lat' dir='ltr'>nostro</span> <span class='ocrx_word' id='word_1_398' title='bbox 1185 2410 1228 2440; x_wconf 82' lang='lat' dir='ltr'>fe-</span> 
     </span>
     <span class='ocr_line' id='line_1_54' title="bbox 171 2456 411 2476; baseline 0 0"><span class='ocrx_word' id='word_1_399' title='bbox 171 2456 295 2476; x_wconf 88' lang='lat' dir='ltr'>cerimus</span> <span class='ocrx_word' id='word_1_400' title='bbox 317 2457 324 2475; x_wconf 91' lang='lat'><em>1</em></span> <span class='ocrx_word' id='word_1_401' title='bbox 347 2456 411 2476; x_wconf 81' lang='lat' dir='ltr'>erari</span> 
     </span>
    </p>

    <p class='ocr_par' dir='ltr' id='par_1_25' title="bbox 171 2469 1228 2715">
     <span class='ocr_line' id='line_1_55' title="bbox 212 2469 1227 2525; baseline 0.004 -11"><span class='ocrx_word' id='word_1_402' title='bbox 212 2483 304 2514; x_wconf 89' lang='lat' dir='ltr'>Vobis</span> <span class='ocrx_word' id='word_1_403' title='bbox 318 2469 482 2515; x_wconf 71' lang='lat' dir='ltr'>mandainus</span> <span class='ocrx_word' id='word_1_404' title='bbox 497 2482 575 2522; x_wconf 78' lang='lat' dir='ltr'>quod</span> <span class='ocrx_word' id='word_1_405' title='bbox 589 2482 710 2513; x_wconf 78' lang='lat' dir='ltr'>allocatis</span> <span class='ocrx_word' id='word_1_406' title='bbox 722 2483 839 2523; x_wconf 77' lang='lat' dir='ltr'>praefato</span> <span class='ocrx_word' id='word_1_407' title='bbox 854 2483 966 2514; x_wconf 88' lang='lat' dir='ltr'>Simoni</span> <span class='ocrx_word' id='word_1_408' title='bbox 985 2483 1067 2515; x_wconf 62' lang='lat' dir='ltr'>dietis</span> <span class='ocrx_word' id='word_1_409' title='bbox 1089 2486 1227 2525; x_wconf 89' lang='lat' dir='ltr'>quinqua-</span> 
     </span>
     <span class='ocr_line' id='line_1_56' title="bbox 172 2521 1227 2562; baseline 0.003 -10"><span class='ocrx_word' id='word_1_410' title='bbox 172 2523 247 2562; x_wconf 84' lang='lat' dir='ltr'>ginta</span> <span class='ocrx_word' id='word_1_411' title='bbox 268 2522 375 2553; x_wconf 85' lang='lat' dir='ltr'>Marcis</span> <span class='ocrx_word' id='word_1_412' title='bbox 397 2533 448 2561; x_wconf 88' lang='lat' dir='ltr'>pro</span> <span class='ocrx_word' id='word_1_413' title='bbox 473 2523 671 2561; x_wconf 74' lang='lat' dir='ltr'>quinquaginta</span> <span class='ocrx_word' id='word_1_414' title='bbox 692 2521 789 2552; x_wconf 88' lang='lat' dir='ltr'>diebus</span> <span class='ocrx_word' id='word_1_415' title='bbox 805 2532 819 2551; x_wconf 86' lang='lat' dir='ltr'>a</span> <span class='ocrx_word' id='word_1_416' title='bbox 833 2522 970 2559; x_wconf 64' lang='lat' dir='ltr'>praedicto</span> <span class='ocrx_word' id='word_1_417' title='bbox 987 2523 1093 2554; x_wconf 55' lang='lat' dir='ltr'>ociavo</span> <span class='ocrx_word' id='word_1_418' title='bbox 1113 2525 1159 2555; x_wconf 92' lang='lat' dir='ltr'>die</span> <span class='ocrx_word' id='word_1_419' title='bbox 1174 2535 1227 2556; x_wconf 88' lang='lat' dir='ltr'>nu-</span> 
     </span>
     <span class='ocr_line' id='line_1_57' title="bbox 171 2560 1228 2600; baseline 0.003 -9"><span class='ocrx_word' id='word_1_420' title='bbox 171 2560 301 2591; x_wconf 85' lang='lat' dir='ltr'>merand.</span> <span class='ocrx_word' id='word_1_421' title='bbox 315 2561 417 2592; x_wconf 89' lang='lat' dir='ltr'>eodem</span> <span class='ocrx_word' id='word_1_422' title='bbox 432 2561 477 2591; x_wconf 91' lang='lat' dir='ltr'>die</span> <span class='ocrx_word' id='word_1_423' title='bbox 490 2568 655 2598; x_wconf 79' lang='lat' dir='ltr'>computato</span> <span class='ocrx_word' id='word_1_424' title='bbox 671 2560 764 2590; x_wconf 88' lang='lat' dir='ltr'>eidem</span> <span class='ocrx_word' id='word_1_425' title='bbox 781 2560 892 2590; x_wconf 76' lang='lat' dir='ltr'>SImoni</span> <span class='ocrx_word' id='word_1_426' title='bbox 908 2560 953 2598; x_wconf 90' lang='lat' dir='ltr'>id,</span> <span class='ocrx_word' id='word_1_427' title='bbox 971 2562 1048 2599; x_wconf 91' lang='lat' dir='ltr'>quod</span> <span class='ocrx_word' id='word_1_428' title='bbox 1062 2564 1087 2592; x_wconf 90' lang='lat' dir='ltr'>ei</span> <span class='ocrx_word' id='word_1_429' title='bbox 1103 2572 1155 2600; x_wconf 84' lang='lat' dir='ltr'>pro</span> <span class='ocrx_word' id='word_1_430' title='bbox 1171 2563 1228 2594; x_wconf 85' lang='lat' dir='ltr'>Va-</span> 
     </span>
     <span class='ocr_line' id='line_1_58' title="bbox 173 2598 1227 2638; baseline 0.002 -9"><span class='ocrx_word' id='word_1_431' title='bbox 173 2599 226 2630; x_wconf 90' lang='lat' dir='ltr'>diis</span> <span class='ocrx_word' id='word_1_432' title='bbox 238 2599 410 2637; x_wconf 85' lang='lat' dir='ltr'>hujusmodi,</span> <span class='ocrx_word' id='word_1_433' title='bbox 428 2599 516 2638; x_wconf 89' lang='lat' dir='ltr'>usque</span> <span class='ocrx_word' id='word_1_434' title='bbox 528 2598 562 2628; x_wconf 87' lang='lat' dir='ltr'>ad</span> <span class='ocrx_word' id='word_1_435' title='bbox 579 2600 613 2628; x_wconf 88' lang='lat'>16</span> <span class='ocrx_word' id='word_1_436' title='bbox 627 2598 703 2627; x_wconf 82' lang='lat' dir='ltr'>diem</span> <span class='ocrx_word' id='word_1_437' title='bbox 719 2598 859 2638; x_wconf 57' lang='lat' dir='ltr'>proesentis</span> <span class='ocrx_word' id='word_1_438' title='bbox 873 2598 980 2629; x_wconf 83' lang='lat' dir='ltr'>Mensis</span> <span class='ocrx_word' id='word_1_439' title='bbox 988 2600 1106 2638; x_wconf 81' lang='lat' dir='ltr'>Aprilis,</span> <span class='ocrx_word' id='word_1_440' title='bbox 1124 2602 1227 2633; x_wconf 88' lang='lat' dir='ltr'>eodem</span> 
     </span>
     <span class='ocr_line' id='line_1_59' title="bbox 171 2636 1228 2676; baseline 0.003 -8"><span class='ocrx_word' id='word_1_441' title='bbox 171 2638 218 2668; x_wconf 93' lang='lat' dir='ltr'>die</span> <span class='ocrx_word' id='word_1_442' title='bbox 238 2646 421 2676; x_wconf 88' lang='lat' dir='ltr'>computato,</span> <span class='ocrx_word' id='word_1_443' title='bbox 438 2638 508 2669; x_wconf 85' lang='lat' dir='ltr'>ultra</span> <span class='ocrx_word' id='word_1_444' title='bbox 528 2637 614 2667; x_wconf 55' lang='lat' dir='ltr'>dfias</span> <span class='ocrx_word' id='word_1_445' title='bbox 635 2637 848 2676; x_wconf 81' lang='lat' dir='ltr'>Qiinquaginta</span> <span class='ocrx_word' id='word_1_446' title='bbox 866 2636 980 2667; x_wconf 84' lang='lat' dir='ltr'>Marcas</span> <span class='ocrx_word' id='word_1_447' title='bbox 993 2662 1002 2676; x_wconf 90' lang='lat'>,</span> <span class='ocrx_word' id='word_1_448' title='bbox 1020 2638 1116 2669; x_wconf 86' lang='lat' dir='ltr'>deberi</span> <span class='ocrx_word' id='word_1_449' title='bbox 1135 2642 1228 2671; x_wconf 92' lang='lat' dir='ltr'>conti-</span> 
     </span>
     <span class='ocr_line' id='line_1_60' title="bbox 172 2675 1228 2715; baseline 0.002 -9"><span class='ocrx_word' id='word_1_450' title='bbox 172 2678 262 2715; x_wconf 73' lang='lat' dir='ltr'>gerit,</span> <span class='ocrx_word' id='word_1_451' title='bbox 282 2676 318 2707; x_wconf 89' lang='lat' dir='ltr'>de</span> <span class='ocrx_word' id='word_1_452' title='bbox 329 2677 475 2707; x_wconf 84' lang='lat' dir='ltr'>Thesauro</span> <span class='ocrx_word' id='word_1_453' title='bbox 490 2675 589 2706; x_wconf 91' lang='lat' dir='ltr'>nostro</span> <span class='ocrx_word' id='word_1_454' title='bbox 609 2675 744 2713; x_wconf 73' lang='lat' dir='ltr'>liberetis,</span> <span class='ocrx_word' id='word_1_455' title='bbox 762 2675 795 2706; x_wconf 71' lang='grc' dir='ltr'>δὲ</span> <span class='ocrx_word' id='word_1_456' title='bbox 808 2699 819 2713; x_wconf 81' lang='lat'><strong>‚</strong></span> <span class='ocrx_word' id='word_1_457' title='bbox 838 2684 1005 2713; x_wconf 82' lang='lat' dir='ltr'>computato</span> <span class='ocrx_word' id='word_1_458' title='bbox 1026 2678 1228 2709; x_wconf 83' lang='lat' dir='ltr'>nichilominus</span> 
     </span>
    </p>

    <p class='ocr_par' dir='ltr' id='par_1_26' title="bbox 150 2712 1227 2861">
     <span class='ocr_line' id='line_1_61' title="bbox 150 2712 1225 2753; baseline 0 -8"><span class='ocrx_word' id='word_1_459' title='bbox 150 2750 152 2752; x_wconf 27' lang='lat'>¹</span> <span class='ocrx_word' id='word_1_460' title='bbox 170 2724 239 2745; x_wconf 90' lang='lat' dir='ltr'>cum</span> <span class='ocrx_word' id='word_1_461' title='bbox 252 2715 355 2745; x_wconf 87' lang='lat' dir='ltr'>eodem</span> <span class='ocrx_word' id='word_1_462' title='bbox 370 2715 488 2745; x_wconf 87' lang='lat' dir='ltr'>Simone</span> <span class='ocrx_word' id='word_1_463' title='bbox 502 2715 539 2744; x_wconf 89' lang='lat' dir='ltr'>de</span> <span class='ocrx_word' id='word_1_464' title='bbox 551 2713 696 2744; x_wconf 86' lang='lat' dir='ltr'>Custubus</span> <span class='ocrx_word' id='word_1_465' title='bbox 709 2715 742 2744; x_wconf 59' lang='grc' dir='ltr'>ὃς</span> <span class='ocrx_word' id='word_1_466' title='bbox 758 2712 904 2752; x_wconf 82' lang='lat' dir='ltr'>Expeniis,</span> <span class='ocrx_word' id='word_1_467' title='bbox 922 2715 997 2744; x_wconf 89' lang='lat' dir='ltr'>circa</span> <span class='ocrx_word' id='word_1_468' title='bbox 1010 2714 1168 2753; x_wconf 80' lang='lat' dir='ltr'>Paffagium</span> <span class='ocrx_word' id='word_1_469' title='bbox 1191 2717 1225 2747; x_wconf 88' lang='lat'>&amp;</span> 
     </span>
     <span class='ocr_line' id='line_1_62' title="bbox 168 2751 1227 2792; baseline 0.002 -10"><span class='ocrx_word' id='word_1_470' title='bbox 168 2752 311 2790; x_wconf 88' lang='lat' dir='ltr'>Stipendia</span> <span class='ocrx_word' id='word_1_471' title='bbox 331 2753 463 2791; x_wconf 64' lang='lat' dir='ltr'>praedirsta</span> <span class='ocrx_word' id='word_1_472' title='bbox 484 2753 629 2792; x_wconf 83' lang='lat' dir='ltr'>appositis,</span> <span class='ocrx_word' id='word_1_473' title='bbox 645 2752 672 2782; x_wconf 92' lang='lat' dir='ltr'>id</span> <span class='ocrx_word' id='word_1_474' title='bbox 693 2751 771 2790; x_wconf 87' lang='lat' dir='ltr'>quod</span> <span class='ocrx_word' id='word_1_475' title='bbox 795 2754 820 2782; x_wconf 92' lang='lat' dir='ltr'>ei</span> <span class='ocrx_word' id='word_1_476' title='bbox 836 2776 846 2791; x_wconf 88' lang='lat'>,</span> <span class='ocrx_word' id='word_1_477' title='bbox 864 2762 914 2790; x_wconf 91' lang='lat' dir='ltr'>per</span> <span class='ocrx_word' id='word_1_478' title='bbox 932 2752 1112 2790; x_wconf 88' lang='lat' dir='ltr'>Compotum</span> <span class='ocrx_word' id='word_1_479' title='bbox 1136 2755 1227 2792; x_wconf 87' lang='lat' dir='ltr'>hujus-</span> 
     </span>
     <span class='ocr_line' id='line_1_63' title="bbox 171 2790 1226 2830; baseline 0.004 -10"><span class='ocrx_word' id='word_1_480' title='bbox 171 2790 272 2828; x_wconf 86' lang='lat' dir='ltr'>modi,</span> <span class='ocrx_word' id='word_1_481' title='bbox 288 2791 382 2821; x_wconf 91' lang='lat' dir='ltr'>deberi</span> <span class='ocrx_word' id='word_1_482' title='bbox 396 2793 514 2823; x_wconf 91' lang='lat' dir='ltr'>inveniri</span> <span class='ocrx_word' id='word_1_483' title='bbox 529 2792 678 2830; x_wconf 85' lang='lat' dir='ltr'>contigerit</span> <span class='ocrx_word' id='word_1_484' title='bbox 691 2801 744 2829; x_wconf 86' lang='lat' dir='ltr'>pro</span> <span class='ocrx_word' id='word_1_485' title='bbox 764 2790 884 2830; x_wconf 87' lang='lat' dir='ltr'>eisdem,</span> <span class='ocrx_word' id='word_1_486' title='bbox 901 2791 938 2821; x_wconf 89' lang='lat' dir='ltr'>de</span> <span class='ocrx_word' id='word_1_487' title='bbox 956 2791 1104 2822; x_wconf 79' lang='lat' dir='ltr'>Thesauro</span> <span class='ocrx_word' id='word_1_488' title='bbox 1126 2793 1226 2824; x_wconf 83' lang='lat' dir='ltr'>nostro</span> 
     </span>
     <span class='ocr_line' id='line_1_64' title="bbox 172 2829 438 2861; baseline 0 -1"><span class='ocrx_word' id='word_1_489' title='bbox 172 2829 297 2860; x_wconf 74' lang='lat' dir='ltr'>limiliter</span> <span class='ocrx_word' id='word_1_490' title='bbox 312 2829 438 2861; x_wconf 85' lang='lat' dir='ltr'>liberetis.</span> 
     </span>
    </p>

    <p class='ocr_par' dir='ltr' id='par_1_27' title="bbox 211 2866 1005 2908">
     <span class='ocr_line' id='line_1_65' title="bbox 211 2866 1005 2908; baseline -0.001 -10"><span class='ocrx_word' id='word_1_491' title='bbox 211 2866 301 2898; x_wconf 88' lang='lat' dir='ltr'>Teste</span> <span class='ocrx_word' id='word_1_492' title='bbox 314 2867 395 2908; x_wconf 85' lang='lat' dir='ltr'>Rege</span> <span class='ocrx_word' id='word_1_493' title='bbox 408 2867 481 2906; x_wconf 88' lang='lat' dir='ltr'>apud</span> <span class='ocrx_word' id='word_1_494' title='bbox 496 2867 688 2907; x_wconf 81' lang='lat' dir='ltr'>Rokyngham</span> <span class='ocrx_word' id='word_1_495' title='bbox 697 2891 706 2905; x_wconf 94' lang='lat'>,</span> <span class='ocrx_word' id='word_1_496' title='bbox 725 2869 820 2906; x_wconf 86' lang='lat' dir='ltr'>primo</span> <span class='ocrx_word' id='word_1_497' title='bbox 835 2867 881 2898; x_wconf 91' lang='lat' dir='ltr'>die</span> <span class='ocrx_word' id='word_1_498' title='bbox 894 2867 1005 2905; x_wconf 84' lang='lat' dir='ltr'>Aprilis.</span> 
     </span>
    </p>
   </div>
   <div class='ocr_carea' id='block_1_7' title="bbox 24 1951 116 2023">
    <p class='ocr_par' dir='ltr' id='par_1_28' title="bbox 24 1951 116 2023">
     <span class='ocr_line' id='line_1_66' title="bbox 26 1951 116 1978; baseline 0 0"><span class='ocrx_word' id='word_1_499' title='bbox 26 1951 43 1967; x_wconf 67' lang='lat'>&#39;⁶</span> <span class='ocrx_word' id='word_1_500' title='bbox 64 1951 116 1978; x_wconf 84' lang='lat' dir='ltr'>IV.</span> 
     </span>
     <span class='ocr_line' id='line_1_67' title="bbox 24 1991 89 2023; baseline -0.015 -6"><span class='ocrx_word' id='word_1_501' title='bbox 24 1991 89 2023; x_wconf 88' lang='lat'>607.</span> 
     </span>
    </p>
   </div>
   <div class='ocr_carea' id='block_1_8' title="bbox 429 2944 967 2981">
    <p class='ocr_par' dir='ltr' id='par_1_29' title="bbox 429 2944 967 2981">
     <span class='ocr_line' id='line_1_68' title="bbox 429 2944 967 2981; baseline 0.004 -4"><span class='ocrx_word' id='word_1_502' title='bbox 429 2950 487 2981; x_wconf 74' lang='lat' dir='ltr'>Pro</span> <span class='ocrx_word' id='word_1_503' title='bbox 506 2946 667 2978; x_wconf 54' lang='lat' dir='ltr'>willielmo</span> <span class='ocrx_word' id='word_1_504' title='bbox 688 2948 753 2978; x_wconf 72' lang='lat' dir='ltr'>Pax</span> <span class='ocrx_word' id='word_1_505' title='bbox 771 2944 806 2978; x_wconf 73' lang='lat' dir='ltr'>de</span> <span class='ocrx_word' id='word_1_506' title='bbox 823 2944 967 2980; x_wconf 79' lang='lat' dir='ltr'>Eborum.</span> 
     </span>
    </p>
   </div>
   <div class='ocr_carea' id='block_1_9' title="bbox 172 3030 1231 3300">
    <p class='ocr_par' dir='ltr' id='par_1_30' title="bbox 172 3030 1231 3300">
     <span class='ocr_line' id='line_1_69' title="bbox 235 3030 1228 3069; baseline 0.001 -6"><span class='ocrx_word' id='word_1_507' title='bbox 235 3031 373 3063; x_wconf 88' lang='lat' dir='ltr'>Onsimile</span> <span class='ocrx_word' id='word_1_508' title='bbox 387 3031 475 3062; x_wconf 88' lang='lat' dir='ltr'>Breve</span> <span class='ocrx_word' id='word_1_509' title='bbox 487 3030 612 3069; x_wconf 71' lang='lat' dir='ltr'>dirigitur</span> <span class='ocrx_word' id='word_1_510' title='bbox 624 3030 725 3061; x_wconf 78' lang='lat' dir='ltr'>eisdem</span> <span class='ocrx_word' id='word_1_511' title='bbox 740 3040 791 3068; x_wconf 86' lang='lat' dir='ltr'>pro</span> <span class='ocrx_word' id='word_1_512' title='bbox 797 3031 958 3062; x_wconf 75' lang='lat' dir='ltr'>willielmo</span> <span class='ocrx_word' id='word_1_513' title='bbox 973 3032 1034 3062; x_wconf 79' lang='lat' dir='ltr'>Fox</span> <span class='ocrx_word' id='word_1_514' title='bbox 1048 3032 1083 3063; x_wconf 90' lang='lat' dir='ltr'>de</span> <span class='ocrx_word' id='word_1_515' title='bbox 1098 3032 1228 3065; x_wconf 88' lang='lat' dir='ltr'>Eborum</span> 
     </span>
     <span class='ocr_line' id='line_1_70' title="bbox 252 3069 1230 3110; baseline 0.001 -9"><span class='ocrx_word' id='word_1_516' title='bbox 252 3071 335 3101; x_wconf 80' lang='lat' dir='ltr'>misso</span> <span class='ocrx_word' id='word_1_517' title='bbox 349 3072 377 3100; x_wconf 92' lang='lat' dir='ltr'>in</span> <span class='ocrx_word' id='word_1_518' title='bbox 390 3069 566 3108; x_wconf 80' lang='lat' dir='ltr'>Obsequium</span> <span class='ocrx_word' id='word_1_519' title='bbox 583 3070 667 3109; x_wconf 84' lang='lat' dir='ltr'>Regis</span> <span class='ocrx_word' id='word_1_520' title='bbox 682 3069 715 3098; x_wconf 88' lang='lat' dir='ltr'>ad</span> <span class='ocrx_word' id='word_1_521' title='bbox 730 3079 817 3107; x_wconf 77' lang='lat' dir='ltr'>partes</span> <span class='ocrx_word' id='word_1_522' title='bbox 832 3070 992 3109; x_wconf 60' lang='lat' dir='ltr'>praedictas,</span> <span class='ocrx_word' id='word_1_523' title='bbox 1011 3073 1066 3102; x_wconf 73' lang='lat' dir='ltr'>unii</span> <span class='ocrx_word' id='word_1_524' title='bbox 1080 3082 1147 3102; x_wconf 91' lang='lat' dir='ltr'>cum</span> <span class='ocrx_word' id='word_1_525' title='bbox 1157 3083 1230 3110; x_wconf 85' lang='lat' dir='ltr'>prae-</span> 
     </span>
     <span class='ocr_line' id='line_1_71' title="bbox 172 3107 1228 3149; baseline 0.004 -12"><span class='ocrx_word' id='word_1_526' title='bbox 172 3107 233 3138; x_wconf 81' lang='lat' dir='ltr'>fato</span> <span class='ocrx_word' id='word_1_527' title='bbox 245 3109 381 3147; x_wconf 86' lang='lat' dir='ltr'>Simone,</span> <span class='ocrx_word' id='word_1_528' title='bbox 399 3108 434 3138; x_wconf 93' lang='lat' dir='ltr'>de</span> <span class='ocrx_word' id='word_1_529' title='bbox 448 3108 556 3147; x_wconf 80' lang='lat' dir='ltr'>Viginti</span> <span class='ocrx_word' id='word_1_530' title='bbox 570 3108 674 3146; x_wconf 79' lang='lat' dir='ltr'>Libris,</span> <span class='ocrx_word' id='word_1_531' title='bbox 694 3108 742 3137; x_wconf 88' lang='lat' dir='ltr'>sibi</span> <span class='ocrx_word' id='word_1_532' title='bbox 757 3108 834 3144; x_wconf 89' lang='lat' dir='ltr'>super</span> <span class='ocrx_word' id='word_1_533' title='bbox 845 3108 977 3146; x_wconf 68' lang='lat' dir='ltr'>Expeniis</span> <span class='ocrx_word' id='word_1_534' title='bbox 991 3109 1041 3139; x_wconf 90' lang='lat' dir='ltr'>suis</span> <span class='ocrx_word' id='word_1_535' title='bbox 1055 3110 1147 3140; x_wconf 89' lang='lat' dir='ltr'>versus</span> <span class='ocrx_word' id='word_1_536' title='bbox 1165 3121 1228 3149; x_wconf 81' lang='lat' dir='ltr'>par-</span> 
     </span>
     <span class='ocr_line' id='line_1_72' title="bbox 178 3145 1229 3190; baseline 0.003 -14"><span class='ocrx_word' id='word_1_537' title='bbox 178 3154 220 3176; x_wconf 88' lang='lat' dir='ltr'>tes</span> <span class='ocrx_word' id='word_1_538' title='bbox 242 3147 296 3176; x_wconf 85' lang='lat' dir='ltr'>illas</span> <span class='ocrx_word' id='word_1_539' title='bbox 315 3148 452 3183; x_wconf 82' lang='lat' dir='ltr'>liberatis,</span> <span class='ocrx_word' id='word_1_540' title='bbox 471 3157 523 3184; x_wconf 86' lang='lat' dir='ltr'>pro</span> <span class='ocrx_word' id='word_1_541' title='bbox 539 3146 728 3185; x_wconf 85' lang='lat' dir='ltr'>Qadraginta</span> <span class='ocrx_word' id='word_1_542' title='bbox 741 3145 838 3175; x_wconf 89' lang='lat' dir='ltr'>diebus</span> <span class='ocrx_word' id='word_1_543' title='bbox 852 3156 867 3175; x_wconf 90' lang='lat' dir='ltr'>a</span> <span class='ocrx_word' id='word_1_544' title='bbox 881 3147 1017 3190; x_wconf 73' lang='lat' dir='ltr'>praediCto</span> <span class='ocrx_word' id='word_1_545' title='bbox 1033 3148 1151 3178; x_wconf 56' lang='lat' dir='ltr'>Ost-avo</span> <span class='ocrx_word' id='word_1_546' title='bbox 1165 3150 1229 3187; x_wconf 84' lang='lat' dir='ltr'>die,</span> 
     </span>
     <span class='ocr_line' id='line_1_73' title="bbox 175 3183 1231 3225; baseline 0.005 -11"><span class='ocrx_word' id='word_1_547' title='bbox 175 3186 341 3223; x_wconf 86' lang='lat' dir='ltr'>recipiendo</span> <span class='ocrx_word' id='word_1_548' title='bbox 354 3195 402 3225; x_wconf 89' lang='lat' dir='ltr'>per</span> <span class='ocrx_word' id='word_1_549' title='bbox 418 3185 507 3215; x_wconf 87' lang='lat' dir='ltr'>Diem</span> <span class='ocrx_word' id='word_1_550' title='bbox 517 3185 630 3216; x_wconf 87' lang='lat' dir='ltr'>Decem</span> <span class='ocrx_word' id='word_1_551' title='bbox 639 3183 749 3216; x_wconf 81' lang='lat' dir='ltr'>Solidos</span> <span class='ocrx_word' id='word_1_552' title='bbox 758 3209 767 3222; x_wconf 88' lang='lat'>,</span> <span class='ocrx_word' id='word_1_553' title='bbox 782 3192 891 3223; x_wconf 57' lang='grc' dir='ltr'>σχίσμα</span> <span class='ocrx_word' id='word_1_554' title='bbox 906 3184 955 3215; x_wconf 68' lang='lat' dir='ltr'>illd</span> <span class='ocrx_word' id='word_1_555' title='bbox 971 3185 1089 3225; x_wconf 79' lang='lat' dir='ltr'>clausula&#39;</span> <span class='ocrx_word' id='word_1_556' title='bbox 1105 3187 1138 3218; x_wconf 72' lang='grc' dir='ltr'>δε</span> <span class='ocrx_word' id='word_1_557' title='bbox 1147 3197 1231 3219; x_wconf 88' lang='lat' dir='ltr'>com-</span> 
     </span>
     <span class='ocr_line' id='line_1_74' title="bbox 176 3224 497 3260; baseline 0 -7"><span class='ocrx_word' id='word_1_558' title='bbox 176 3232 274 3260; x_wconf 78' lang='lat' dir='ltr'>putato</span> <span class='ocrx_word' id='word_1_559' title='bbox 290 3224 497 3254; x_wconf 85' lang='lat' dir='ltr'>nichilominus.</span> 
     </span>
     <span class='ocr_line' id='line_1_75' title="bbox 211 3261 466 3300; baseline 0 -8"><span class='ocrx_word' id='word_1_560' title='bbox 211 3261 301 3292; x_wconf 88' lang='lat' dir='ltr'>Teste</span> <span class='ocrx_word' id='word_1_561' title='bbox 315 3262 443 3300; x_wconf 90' lang='lat' dir='ltr'>utsupra.</span> <span class='ocrx_word' id='word_1_562' title='bbox 464 3268 466 3271; x_wconf 86' lang='grc'><strong>“</strong></span> 
     </span>
    </p>
   </div>
   <div class='ocr_carea' id='block_1_10' title="bbox 352 3403 1055 3450">
    <p class='ocr_par' dir='ltr' id='par_1_31' title="bbox 352 3403 1055 3450">
     <span class='ocr_line' id='line_1_76' title="bbox 352 3403 1055 3450; baseline -0.004 -8"><span class='ocrx_word' id='word_1_563' title='bbox 352 3409 413 3442; x_wconf 83' lang='lat' dir='ltr'>Pro</span> <span class='ocrx_word' id='word_1_564' title='bbox 429 3404 673 3450; x_wconf 62' lang='lat' dir='ltr'>Fbmdreffbus,</span> <span class='ocrx_word' id='word_1_565' title='bbox 695 3405 730 3439; x_wconf 84' lang='lat' dir='ltr'>de</span> <span class='ocrx_word' id='word_1_566' title='bbox 747 3403 852 3440; x_wconf 77' lang='lat' dir='ltr'>Libero</span> <span class='ocrx_word' id='word_1_567' title='bbox 869 3406 1055 3450; x_wconf 72' lang='lat' dir='ltr'>Intercursn.</span> 
     </span>
    </p>
   </div>
   <div class='ocr_carea' id='block_1_11' title="bbox 33 3489 1232 4068">
    <p class='ocr_par' dir='ltr' id='par_1_32' title="bbox 35 3489 775 3553">
     <span class='ocr_line' id='line_1_77' title="bbox 35 3489 775 3553; baseline 0 -28"><span class='ocrx_word' id='word_1_568' title='bbox 35 3489 160 3521; x_wconf 71' lang='lat' dir='ltr'>Arm-D·</span> <span class='ocrx_word' id='word_1_569' title='bbox 177 3496 290 3553; x_wconf 77' lang='lat' dir='ltr'>REX</span> <span class='ocrx_word' id='word_1_570' title='bbox 308 3496 481 3528; x_wconf 87' lang='lat' dir='ltr'>Vicecomiti</span> <span class='ocrx_word' id='word_1_571' title='bbox 497 3495 625 3533; x_wconf 54' lang='lat' dir='ltr'>Karine,</span> <span class='ocrx_word' id='word_1_572' title='bbox 644 3495 775 3527; x_wconf 81' lang='lat' dir='ltr'>Salutem.</span> 
     </span>
    </p>

    <p class='ocr_par' dir='ltr' id='par_1_33' title="bbox 33 3531 1231 3765">
     <span class='ocr_line' id='line_1_78' title="bbox 61 3531 1231 3574; baseline -0.003 -7"><span class='ocrx_word' id='word_1_573' title='bbox 61 3536 145 3567; x_wconf 85' lang='lat'>1334-</span> <span class='ocrx_word' id='word_1_574' title='bbox 270 3535 368 3574; x_wconf 74' lang='lat' dir='ltr'>Cum,</span> <span class='ocrx_word' id='word_1_575' title='bbox 388 3535 503 3566; x_wconf 92' lang='lat' dir='ltr'>Nobilis</span> <span class='ocrx_word' id='word_1_576' title='bbox 524 3533 593 3573; x_wconf 85' lang='lat' dir='ltr'>Vir,</span> <span class='ocrx_word' id='word_1_577' title='bbox 611 3533 721 3564; x_wconf 85' lang='lat' dir='ltr'>Comes</span> <span class='ocrx_word' id='word_1_578' title='bbox 742 3532 877 3564; x_wconf 83' lang='lat' dir='ltr'>Flandriae</span> <span class='ocrx_word' id='word_1_579' title='bbox 893 3557 903 3570; x_wconf 87' lang='lat'>,</span> <span class='ocrx_word' id='word_1_580' title='bbox 921 3531 1156 3570; x_wconf 84' lang='lat' dir='ltr'>Consanguineus</span> <span class='ocrx_word' id='word_1_581' title='bbox 1176 3543 1231 3564; x_wconf 92' lang='lat' dir='ltr'>no-</span> 
     </span>
     <span class='ocr_line' id='line_1_79' title="bbox 33 3568 1229 3611; baseline 0.001 -10"><span class='ocrx_word' id='word_1_582' title='bbox 33 3569 86 3593; x_wconf 81' lang='lat' dir='ltr'>An.</span> <span class='ocrx_word' id='word_1_583' title='bbox 105 3568 131 3595; x_wconf 82' lang='lat'>8·</span> <span class='ocrx_word' id='word_1_584' title='bbox 179 3571 247 3611; x_wconf 87' lang='lat' dir='ltr'>ster,</span> <span class='ocrx_word' id='word_1_585' title='bbox 259 3572 406 3604; x_wconf 89' lang='lat' dir='ltr'>Vicesimo</span> <span class='ocrx_word' id='word_1_586' title='bbox 426 3574 510 3604; x_wconf 88' lang='lat' dir='ltr'>tertio</span> <span class='ocrx_word' id='word_1_587' title='bbox 530 3573 576 3603; x_wconf 91' lang='lat' dir='ltr'>die</span> <span class='ocrx_word' id='word_1_588' title='bbox 597 3571 719 3610; x_wconf 88' lang='lat' dir='ltr'>Martii,</span> <span class='ocrx_word' id='word_1_589' title='bbox 738 3573 871 3610; x_wconf 82' lang='lat' dir='ltr'>proximo</span> <span class='ocrx_word' id='word_1_590' title='bbox 896 3573 1038 3609; x_wconf 83' lang='lat' dir='ltr'>praeterito</span> <span class='ocrx_word' id='word_1_591' title='bbox 1050 3594 1060 3608; x_wconf 90' lang='lat'>,</span> <span class='ocrx_word' id='word_1_592' title='bbox 1078 3581 1129 3608; x_wconf 86' lang='lat' dir='ltr'>pro</span> <span class='ocrx_word' id='word_1_593' title='bbox 1150 3572 1229 3602; x_wconf 91' lang='lat' dir='ltr'>bono</span> 
     </span>
     <span class='ocr_line' id='line_1_80' title="bbox 33 3607 1230 3649; baseline 0 -10"><span class='ocrx_word' id='word_1_594' title='bbox 33 3607 63 3630; x_wconf 72' lang='lat' dir='ltr'>E.</span> <span class='ocrx_word' id='word_1_595' title='bbox 85 3612 110 3639; x_wconf 87' lang='lat'>3-</span> <span class='ocrx_word' id='word_1_596' title='bbox 176 3609 272 3649; x_wconf 81' lang='lat' dir='ltr'>Pacis,</span> <span class='ocrx_word' id='word_1_597' title='bbox 288 3614 358 3643; x_wconf 85' lang='lat' dir='ltr'>inter</span> <span class='ocrx_word' id='word_1_598' title='bbox 371 3611 559 3642; x_wconf 86' lang='lat' dir='ltr'>Homines&amp;</span> <span class='ocrx_word' id='word_1_599' title='bbox 576 3611 749 3641; x_wconf 86' lang='lat' dir='ltr'>Mercatores</span> <span class='ocrx_word' id='word_1_600' title='bbox 760 3610 796 3640; x_wconf 92' lang='lat' dir='ltr'>de</span> <span class='ocrx_word' id='word_1_601' title='bbox 808 3609 912 3649; x_wconf 86' lang='lat' dir='ltr'>Regno</span> <span class='ocrx_word' id='word_1_602' title='bbox 933 3608 1050 3646; x_wconf 89' lang='lat' dir='ltr'>nostro,</span> <span class='ocrx_word' id='word_1_603' title='bbox 1068 3611 1102 3640; x_wconf 90' lang='lat'>&amp;</span> <span class='ocrx_word' id='word_1_604' title='bbox 1121 3609 1230 3639; x_wconf 87' lang='lat' dir='ltr'>Homi-</span> 
     </span>
     <span class='ocr_line' id='line_1_81' title="bbox 34 3641 1230 3685; baseline 0.001 -9"><span class='ocrx_word' id='word_1_605' title='bbox 34 3641 121 3677; x_wconf 81' lang='lat' dir='ltr'>claus.</span> <span class='ocrx_word' id='word_1_606' title='bbox 137 3642 162 3670; x_wconf 76' lang='lat'>3-</span> <span class='ocrx_word' id='word_1_607' title='bbox 178 3657 225 3678; x_wconf 89' lang='lat' dir='ltr'>nes</span> <span class='ocrx_word' id='word_1_608' title='bbox 243 3651 276 3680; x_wconf 73' lang='grc' dir='ltr'>δε</span> <span class='ocrx_word' id='word_1_609' title='bbox 298 3649 474 3680; x_wconf 85' lang='lat' dir='ltr'>Mercatores</span> <span class='ocrx_word' id='word_1_610' title='bbox 494 3650 530 3679; x_wconf 94' lang='lat' dir='ltr'>de</span> <span class='ocrx_word' id='word_1_611' title='bbox 552 3649 695 3679; x_wconf 90' lang='lat' dir='ltr'>Dominio</span> <span class='ocrx_word' id='word_1_612' title='bbox 706 3649 773 3679; x_wconf 71' lang='lat' dir='ltr'>diffi</span> <span class='ocrx_word' id='word_1_613' title='bbox 790 3647 929 3685; x_wconf 86' lang='lat' dir='ltr'>Comitis,</span> <span class='ocrx_word' id='word_1_614' title='bbox 948 3647 1015 3677; x_wconf 88' lang='lat' dir='ltr'>hinc</span> <span class='ocrx_word' id='word_1_615' title='bbox 1029 3647 1095 3677; x_wconf 87' lang='lat' dir='ltr'>inde</span> <span class='ocrx_word' id='word_1_616' title='bbox 1107 3650 1230 3679; x_wconf 87' lang='lat' dir='ltr'>nutrien-</span> 
     </span>
     <span class='ocr_line' id='line_1_82' title="bbox 34 3682 990 3728; baseline 0.002 -14"><span class='ocrx_word' id='word_1_617' title='bbox 34 3682 66 3705; x_wconf 74' lang='lat' dir='ltr'>E.</span> <span class='ocrx_word' id='word_1_618' title='bbox 89 3688 115 3714; x_wconf 87' lang='lat'>3·</span> <span class='ocrx_word' id='word_1_619' title='bbox 129 3688 165 3708; x_wconf 78' lang='lat' dir='ltr'>m·</span> <span class='ocrx_word' id='word_1_620' title='bbox 179 3685 239 3723; x_wconf 79' lang='lat' dir='ltr'>dae,</span> <span class='ocrx_word' id='word_1_621' title='bbox 257 3688 419 3723; x_wconf 86' lang='lat' dir='ltr'>proclamari</span> <span class='ocrx_word' id='word_1_622' title='bbox 433 3688 530 3718; x_wconf 90' lang='lat' dir='ltr'>fecerit</span> <span class='ocrx_word' id='word_1_623' title='bbox 544 3698 593 3728; x_wconf 84' lang='lat' dir='ltr'>per</span> <span class='ocrx_word' id='word_1_624' title='bbox 607 3696 696 3718; x_wconf 85' lang='lat' dir='ltr'>totam</span> <span class='ocrx_word' id='word_1_625' title='bbox 711 3687 882 3717; x_wconf 75' lang='lat' dir='ltr'>l&#39;orestatem</span> <span class='ocrx_word' id='word_1_626' title='bbox 897 3686 990 3724; x_wconf 81' lang='lat' dir='ltr'>suam,</span> 
     </span>
     <span class='ocr_line' id='line_1_83' title="bbox 34 3716 1231 3765; baseline 0.001 -13"><span class='ocrx_word' id='word_1_627' title='bbox 34 3716 80 3745; x_wconf 84' lang='lat'>²3·</span> <span class='ocrx_word' id='word_1_628' title='bbox 97 3717 123 3745; x_wconf 54' lang='grc' dir='ltr'>ὅ·</span> <span class='ocrx_word' id='word_1_629' title='bbox 200 3724 305 3765; x_wconf 43' lang='grc' dir='ltr'>,(ᾈιὸά</span> <span class='ocrx_word' id='word_1_630' title='bbox 327 3735 427 3755; x_wconf 87' lang='lat' dir='ltr'>omnes</span> <span class='ocrx_word' id='word_1_631' title='bbox 446 3727 479 3757; x_wconf 91' lang='lat'>&amp;</span> <span class='ocrx_word' id='word_1_632' title='bbox 501 3726 597 3765; x_wconf 72' lang='lat' dir='ltr'>singuli</span> <span class='ocrx_word' id='word_1_633' title='bbox 619 3724 794 3755; x_wconf 86' lang='lat' dir='ltr'>Mercatores</span> <span class='ocrx_word' id='word_1_634' title='bbox 809 3749 818 3761; x_wconf 87' lang='lat'>,</span> <span class='ocrx_word' id='word_1_635' title='bbox 836 3725 872 3754; x_wconf 92' lang='lat' dir='ltr'>de</span> <span class='ocrx_word' id='word_1_636' title='bbox 894 3723 1001 3763; x_wconf 87' lang='lat' dir='ltr'>Regno</span> <span class='ocrx_word' id='word_1_637' title='bbox 1021 3723 1121 3754; x_wconf 88' lang='lat' dir='ltr'>nostro</span> <span class='ocrx_word' id='word_1_638' title='bbox 1134 3748 1143 3761; x_wconf 96' lang='lat'>,</span> <span class='ocrx_word' id='word_1_639' title='bbox 1159 3724 1231 3754; x_wconf 85' lang='lat' dir='ltr'>infra</span> 
     </span>
    </p>

    <p class='ocr_par' dir='ltr' id='par_1_34' title="bbox 171 3758 1232 4068">
     <span class='ocr_line' id='line_1_84' title="bbox 177 3758 1230 3805; baseline 0.004 -17"><span class='ocrx_word' id='word_1_640' title='bbox 177 3758 280 3805; x_wconf 60' lang='lat' dir='ltr'>disiam</span> <span class='ocrx_word' id='word_1_641' title='bbox 295 3762 465 3794; x_wconf 74' lang='lat' dir='ltr'>potestatem</span> <span class='ocrx_word' id='word_1_642' title='bbox 478 3764 554 3794; x_wconf 87' lang='lat' dir='ltr'>suam</span> <span class='ocrx_word' id='word_1_643' title='bbox 568 3765 725 3801; x_wconf 86' lang='lat' dir='ltr'>venientes,</span> <span class='ocrx_word' id='word_1_644' title='bbox 744 3764 778 3793; x_wconf 67' lang='grc' dir='ltr'>ὃς</span> <span class='ocrx_word' id='word_1_645' title='bbox 798 3764 1021 3801; x_wconf 83' lang='lat' dir='ltr'>frequentantes,</span> <span class='ocrx_word' id='word_1_646' title='bbox 1039 3763 1083 3792; x_wconf 92' lang='lat' dir='ltr'>seu</span> <span class='ocrx_word' id='word_1_647' title='bbox 1106 3762 1230 3801; x_wconf 86' lang='lat' dir='ltr'>ibidem,</span> 
     </span>
     <span class='ocr_line' id='line_1_85' title="bbox 178 3798 1230 3840; baseline 0.002 -12"><span class='ocrx_word' id='word_1_648' title='bbox 178 3806 260 3828; x_wconf 87' lang='lat' dir='ltr'>causa</span> <span class='ocrx_word' id='word_1_649' title='bbox 273 3798 456 3840; x_wconf 78' lang='lat' dir='ltr'>Mercimonii</span> <span class='ocrx_word' id='word_1_650' title='bbox 473 3802 658 3840; x_wconf 84' lang='lat' dir='ltr'>excercendi,</span> <span class='ocrx_word' id='word_1_651' title='bbox 674 3802 771 3831; x_wconf 88' lang='lat' dir='ltr'>venire</span> <span class='ocrx_word' id='word_1_652' title='bbox 788 3802 821 3831; x_wconf 91' lang='lat'>&amp;</span> <span class='ocrx_word' id='word_1_653' title='bbox 835 3801 1010 3839; x_wconf 86' lang='lat' dir='ltr'>frequentare</span> <span class='ocrx_word' id='word_1_654' title='bbox 1023 3801 1230 3838; x_wconf 88' lang='lat' dir='ltr'>volentes,ibi-</span> 
     </span>
     <span class='ocr_line' id='line_1_86' title="bbox 178 3834 1232 3879; baseline 0.004 -15"><span class='ocrx_word' id='word_1_655' title='bbox 178 3834 262 3872; x_wconf 86' lang='lat' dir='ltr'>dem,</span> <span class='ocrx_word' id='word_1_656' title='bbox 280 3839 362 3873; x_wconf 82' lang='lat' dir='ltr'>ulque</span> <span class='ocrx_word' id='word_1_657' title='bbox 380 3838 414 3868; x_wconf 88' lang='lat' dir='ltr'>ad</span> <span class='ocrx_word' id='word_1_658' title='bbox 436 3838 549 3870; x_wconf 84' lang='lat' dir='ltr'>Festum</span> <span class='ocrx_word' id='word_1_659' title='bbox 570 3839 776 3879; x_wconf 85' lang='lat' dir='ltr'>Assumptionis</span> <span class='ocrx_word' id='word_1_660' title='bbox 791 3839 883 3869; x_wconf 87' lang='lat' dir='ltr'>Beatae</span> <span class='ocrx_word' id='word_1_661' title='bbox 899 3839 1018 3877; x_wconf 78' lang='lat' dir='ltr'>Mariae,</span> <span class='ocrx_word' id='word_1_662' title='bbox 1035 3841 1171 3877; x_wconf 83' lang='lat' dir='ltr'>proximo</span> <span class='ocrx_word' id='word_1_663' title='bbox 1185 3839 1232 3869; x_wconf 85' lang='lat' dir='ltr'>fu-</span> 
     </span>
     <span class='ocr_line' id='line_1_87' title="bbox 177 3874 1230 3915; baseline 0.002 -11"><span class='ocrx_word' id='word_1_664' title='bbox 177 3880 289 3909; x_wconf 82' lang='lat' dir='ltr'>turum,</span> <span class='ocrx_word' id='word_1_665' title='bbox 308 3874 356 3903; x_wconf 89' lang='lat' dir='ltr'>sub</span> <span class='ocrx_word' id='word_1_666' title='bbox 370 3875 442 3906; x_wconf 88' lang='lat' dir='ltr'>salvo</span> <span class='ocrx_word' id='word_1_667' title='bbox 458 3878 490 3907; x_wconf 88' lang='lat'>&amp;</span> <span class='ocrx_word' id='word_1_668' title='bbox 507 3878 604 3907; x_wconf 91' lang='lat' dir='ltr'>securo</span> <span class='ocrx_word' id='word_1_669' title='bbox 619 3877 778 3908; x_wconf 63' lang='lat' dir='ltr'>Condudlm</span> <span class='ocrx_word' id='word_1_670' title='bbox 793 3878 842 3907; x_wconf 88' lang='lat' dir='ltr'>suo</span> <span class='ocrx_word' id='word_1_671' title='bbox 863 3880 994 3915; x_wconf 85' lang='lat' dir='ltr'>veniant,</span> <span class='ocrx_word' id='word_1_672' title='bbox 1015 3886 1177 3915; x_wconf 77' lang='lat' dir='ltr'>morentur,</span> <span class='ocrx_word' id='word_1_673' title='bbox 1196 3877 1230 3907; x_wconf 72' lang='grc' dir='ltr'>δε</span> 
     </span>
     <span class='ocr_line' id='line_1_88' title="bbox 178 3909 1231 3955; baseline 0.004 -14"><span class='ocrx_word' id='word_1_674' title='bbox 178 3909 292 3941; x_wconf 86' lang='lat' dir='ltr'>Merces</span> <span class='ocrx_word' id='word_1_675' title='bbox 308 3919 465 3954; x_wconf 73' lang='lat' dir='ltr'>exerceant,</span> <span class='ocrx_word' id='word_1_676' title='bbox 480 3916 512 3944; x_wconf 85' lang='lat'>&amp;</span> <span class='ocrx_word' id='word_1_677' title='bbox 528 3915 627 3945; x_wconf 78' lang='lat' dir='ltr'>exinde</span> <span class='ocrx_word' id='word_1_678' title='bbox 642 3915 677 3946; x_wconf 86' lang='lat' dir='ltr'>ad</span> <span class='ocrx_word' id='word_1_679' title='bbox 690 3916 801 3955; x_wconf 87' lang='lat' dir='ltr'>propria</span> <span class='ocrx_word' id='word_1_680' title='bbox 815 3915 944 3954; x_wconf 85' lang='lat' dir='ltr'>redeant,</span> <span class='ocrx_word' id='word_1_681' title='bbox 961 3915 1064 3954; x_wconf 87' lang='lat' dir='ltr'>absque</span> <span class='ocrx_word' id='word_1_682' title='bbox 1078 3914 1170 3953; x_wconf 69' lang='lat' dir='ltr'>aliqua</span> <span class='ocrx_word' id='word_1_683' title='bbox 1178 3925 1231 3945; x_wconf 85' lang='lat' dir='ltr'>oc-</span> 
     </span>
     <span class='ocr_line' id='line_1_89' title="bbox 172 3948 1231 3991; baseline 0.007 -14"><span class='ocrx_word' id='word_1_684' title='bbox 172 3948 287 3982; x_wconf 69' lang='lat' dir='ltr'>casione</span> <span class='ocrx_word' id='word_1_685' title='bbox 301 3948 345 3978; x_wconf 65' lang='lat' dir='ltr'>seu</span> <span class='ocrx_word' id='word_1_686' title='bbox 359 3950 562 3986; x_wconf 80' lang='lat' dir='ltr'>impedimento</span> <span class='ocrx_word' id='word_1_687' title='bbox 578 3953 675 3987; x_wconf 75' lang='lat' dir='ltr'>(Dum</span> <span class='ocrx_word' id='word_1_688' title='bbox 691 3963 785 3984; x_wconf 85' lang='lat' dir='ltr'>tamen</span> <span class='ocrx_word' id='word_1_689' title='bbox 799 3963 859 3983; x_wconf 87' lang='lat' dir='ltr'>non</span> <span class='ocrx_word' id='word_1_690' title='bbox 873 3954 1052 3991; x_wconf 84' lang='lat' dir='ltr'>delinquant,</span> <span class='ocrx_word' id='word_1_691' title='bbox 1068 3954 1102 3984; x_wconf 87' lang='lat'>&amp;</span> <span class='ocrx_word' id='word_1_692' title='bbox 1122 3952 1231 3984; x_wconf 86' lang='lat' dir='ltr'>Custu-</span> 
     </span>
     <span class='ocr_line' id='line_1_90' title="bbox 175 3986 1231 4056; baseline 0.003 -38"><span class='ocrx_word' id='word_1_693' title='bbox 175 3995 236 4018; x_wconf 88' lang='lat' dir='ltr'>mas</span> <span class='ocrx_word' id='word_1_694' title='bbox 255 3986 397 4029; x_wconf 77' lang='lat' dir='ltr'>consuetas</span> <span class='ocrx_word' id='word_1_695' title='bbox 401 3996 465 4056; x_wconf 52' lang='lat' dir='ltr'>x{iro</span> <span class='ocrx_word' id='word_1_696' title='bbox 482 3988 631 4029; x_wconf 71' lang='lat' dir='ltr'>Mercibus</span> <span class='ocrx_word' id='word_1_697' title='bbox 651 3992 703 4021; x_wconf 84' lang='lat' dir='ltr'>suis</span> <span class='ocrx_word' id='word_1_698' title='bbox 716 3992 833 4026; x_wconf 89' lang='lat' dir='ltr'>solvant)</span> <span class='ocrx_word' id='word_1_699' title='bbox 850 3991 1058 4021; x_wconf 86' lang='lat' dir='ltr'>Mercatoribus</span> <span class='ocrx_word' id='word_1_700' title='bbox 1072 3992 1108 4021; x_wconf 92' lang='lat' dir='ltr'>de</span> <span class='ocrx_word' id='word_1_701' title='bbox 1125 3990 1231 4021; x_wconf 79' lang='lat' dir='ltr'>Remo</span> 
     </span>
     <span class='ocr_line' id='line_1_91' title="bbox 171 4023 1228 4068; baseline 0.005 -13"><span class='ocrx_word' id='word_1_702' title='bbox 171 4023 288 4064; x_wconf 83' lang='lat' dir='ltr'>nostro,</span> <span class='ocrx_word' id='word_1_703' title='bbox 305 4024 384 4058; x_wconf 61' lang='lat' dir='ltr'>disto</span> <span class='ocrx_word' id='word_1_704' title='bbox 429 4028 544 4057; x_wconf 85' lang='lat' dir='ltr'>iceiimo</span> <span class='ocrx_word' id='word_1_705' title='bbox 558 4029 641 4059; x_wconf 85' lang='lat' dir='ltr'>tertio</span> <span class='ocrx_word' id='word_1_706' title='bbox 655 4029 716 4068; x_wconf 86' lang='lat' dir='ltr'>die,</span> <span class='ocrx_word' id='word_1_707' title='bbox 734 4039 802 4060; x_wconf 83' lang='lat' dir='ltr'>cum</span> <span class='ocrx_word' id='word_1_708' title='bbox 815 4028 903 4061; x_wconf 86' lang='lat' dir='ltr'>Duce</span> <span class='ocrx_word' id='word_1_709' title='bbox 916 4030 1071 4062; x_wconf 85' lang='lat' dir='ltr'>Brabantiae</span> <span class='ocrx_word' id='word_1_710' title='bbox 1087 4039 1104 4061; x_wconf 87' lang='lat' dir='ltr'>e</span> <span class='ocrx_word' id='word_1_711' title='bbox 1113 4028 1228 4061; x_wconf 59' lang='lat' dir='ltr'>istenti-</span> 
     </span>
    </p>
   </div>
   <div class='ocr_carea' id='block_1_12' title="bbox 626 103 1903 202">
    <p class='ocr_par' dir='ltr' id='par_1_35' title="bbox 626 103 1903 202">
     <span class='ocr_line' id='line_1_92' title="bbox 626 103 1903 202; baseline -0.001 -22"><span class='ocrx_word' id='word_1_712' title='bbox 626 133 1430 185; x_wconf 90' lang='lat' dir='ltr'>CONVENTIONES‚</span> <span class='ocrx_word' id='word_1_713' title='bbox 1485 103 1903 202; x_wconf 39' lang='lat' dir='ltr'>LITERAEJ</span> 
     </span>
    </p>
   </div>
   <div class='ocr_carea' id='block_1_13' title="bbox 1262 220 2481 916">
    <p class='ocr_par' dir='ltr' id='par_1_36' title="bbox 1262 220 2481 303">
     <span class='ocr_line' id='line_1_93' title="bbox 1262 220 2481 265; baseline 0.001 -13"><span class='ocrx_word' id='word_1_714' title='bbox 1262 222 1332 260; x_wconf 89' lang='lat' dir='ltr'>bus,</span> <span class='ocrx_word' id='word_1_715' title='bbox 1348 222 1492 254; x_wconf 85' lang='lat' dir='ltr'>dumtaxat</span> <span class='ocrx_word' id='word_1_716' title='bbox 1501 224 1640 261; x_wconf 83' lang='lat' dir='ltr'>exceptis,</span> <span class='ocrx_word' id='word_1_717' title='bbox 1653 232 1737 261; x_wconf 88' lang='lat' dir='ltr'>prout</span> <span class='ocrx_word' id='word_1_718' title='bbox 1749 225 1778 254; x_wconf 87' lang='lat' dir='ltr'>in</span> <span class='ocrx_word' id='word_1_719' title='bbox 1795 223 1897 254; x_wconf 87' lang='lat' dir='ltr'>Literis</span> <span class='ocrx_word' id='word_1_720' title='bbox 1908 220 2073 253; x_wconf 86' lang='lat' dir='ltr'>Patentibus</span> <span class='ocrx_word' id='word_1_721' title='bbox 2086 221 2169 262; x_wconf 75' lang='lat' dir='ltr'>ipsius</span> <span class='ocrx_word' id='word_1_722' title='bbox 2188 223 2333 265; x_wconf 87' lang='lat' dir='ltr'>Comitis,</span> <span class='ocrx_word' id='word_1_723' title='bbox 2353 223 2481 255; x_wconf 67' lang='lat' dir='ltr'>AnnD.</span> 
     </span>
     <span class='ocr_line' id='line_1_94' title="bbox 1263 261 2456 303; baseline 0.001 -13"><span class='ocrx_word' id='word_1_724' title='bbox 1263 262 1344 290; x_wconf 88' lang='lat' dir='ltr'>nobis</span> <span class='ocrx_word' id='word_1_725' title='bbox 1358 261 1426 291; x_wconf 80' lang='lat' dir='ltr'>inde</span> <span class='ocrx_word' id='word_1_726' title='bbox 1443 261 1544 300; x_wconf 79' lang='lat' dir='ltr'>missis,</span> <span class='ocrx_word' id='word_1_727' title='bbox 1563 262 1677 300; x_wconf 79' lang='lat' dir='ltr'>plenius</span> <span class='ocrx_word' id='word_1_728' title='bbox 1693 264 1871 293; x_wconf 86' lang='lat' dir='ltr'>continetur:</span> <span class='ocrx_word' id='word_1_729' title='bbox 2370 272 2456 303; x_wconf 75' lang='lat'>1334.</span> 
     </span>
    </p>

    <p class='ocr_par' dir='ltr' id='par_1_37' title="bbox 1264 298 2461 494">
     <span class='ocr_line' id='line_1_95' title="bbox 1304 298 2461 339; baseline 0 -10"><span class='ocrx_word' id='word_1_730' title='bbox 1304 298 1390 338; x_wconf 83' lang='lat' dir='ltr'>Nos,</span> <span class='ocrx_word' id='word_1_731' title='bbox 1404 300 1588 331; x_wconf 73' lang='lat' dir='ltr'>desiderantes</span> <span class='ocrx_word' id='word_1_732' title='bbox 1606 310 1732 331; x_wconf 88' lang='lat' dir='ltr'>mutuam</span> <span class='ocrx_word' id='word_1_733' title='bbox 1747 299 1950 331; x_wconf 85' lang='lat' dir='ltr'>Concordiam</span> <span class='ocrx_word' id='word_1_734' title='bbox 1972 300 2044 330; x_wconf 89' lang='lat' dir='ltr'>inter</span> <span class='ocrx_word' id='word_1_735' title='bbox 2065 298 2178 330; x_wconf 87' lang='lat' dir='ltr'>nostros</span> <span class='ocrx_word' id='word_1_736' title='bbox 2198 301 2232 332; x_wconf 88' lang='lat'>&amp;</span> <span class='ocrx_word' id='word_1_737' title='bbox 2251 302 2332 339; x_wconf 84' lang='lat' dir='ltr'>ipsius</span> <span class='ocrx_word' id='word_1_738' title='bbox 2352 304 2419 331; x_wconf 75' lang='lat' dir='ltr'>Edv.</span> <span class='ocrx_word' id='word_1_739' title='bbox 2436 313 2461 339; x_wconf 79' lang='lat'>3.</span> 
     </span>
     <span class='ocr_line' id='line_1_96' title="bbox 1264 336 2341 380; baseline 0.003 -13"><span class='ocrx_word' id='word_1_740' title='bbox 1264 336 1388 368; x_wconf 91' lang='lat' dir='ltr'>Comitis</span> <span class='ocrx_word' id='word_1_741' title='bbox 1403 338 1537 369; x_wconf 87' lang='lat' dir='ltr'>Subditos</span> <span class='ocrx_word' id='word_1_742' title='bbox 1553 338 1695 377; x_wconf 88' lang='lat' dir='ltr'>refoveri,</span> <span class='ocrx_word' id='word_1_743' title='bbox 1712 340 1764 369; x_wconf 89' lang='lat' dir='ltr'>tibi</span> <span class='ocrx_word' id='word_1_744' title='bbox 1785 339 1982 377; x_wconf 79' lang='lat' dir='ltr'>praecipimus,</span> <span class='ocrx_word' id='word_1_745' title='bbox 2000 336 2117 368; x_wconf 88' lang='lat' dir='ltr'>firmiter</span> <span class='ocrx_word' id='word_1_746' title='bbox 2138 339 2341 380; x_wconf 70' lang='lat' dir='ltr'>injungentes,</span> 
     </span>
     <span class='ocr_line' id='line_1_97' title="bbox 1267 375 2333 417; baseline 0.004 -12"><span class='ocrx_word' id='word_1_747' title='bbox 1267 376 1346 413; x_wconf 88' lang='lat' dir='ltr'>quod</span> <span class='ocrx_word' id='word_1_748' title='bbox 1358 375 1469 415; x_wconf 81' lang='lat' dir='ltr'>statim,</span> <span class='ocrx_word' id='word_1_749' title='bbox 1483 377 1545 407; x_wconf 81' lang='lat' dir='ltr'>vilis</span> <span class='ocrx_word' id='word_1_750' title='bbox 1560 377 1756 416; x_wconf 81' lang='lat' dir='ltr'>praesentibus,</span> <span class='ocrx_word' id='word_1_751' title='bbox 1774 378 1802 406; x_wconf 91' lang='lat' dir='ltr'>in</span> <span class='ocrx_word' id='word_1_752' title='bbox 1819 376 1931 415; x_wconf 83' lang='lat' dir='ltr'>singulis</span> <span class='ocrx_word' id='word_1_753' title='bbox 1946 375 2107 414; x_wconf 81' lang='lat' dir='ltr'>Portubus,</span> <span class='ocrx_word' id='word_1_754' title='bbox 2123 377 2156 407; x_wconf 89' lang='lat'>&amp;</span> <span class='ocrx_word' id='word_1_755' title='bbox 2172 377 2230 407; x_wconf 87' lang='lat' dir='ltr'>aliis</span> <span class='ocrx_word' id='word_1_756' title='bbox 2244 378 2333 417; x_wconf 80' lang='lat' dir='ltr'>locis,</span> 
     </span>
     <span class='ocr_line' id='line_1_98' title="bbox 1265 413 2332 454; baseline 0.006 -12"><span class='ocrx_word' id='word_1_757' title='bbox 1265 414 1294 442; x_wconf 88' lang='lat' dir='ltr'>in</span> <span class='ocrx_word' id='word_1_758' title='bbox 1310 413 1415 445; x_wconf 67' lang='lat' dir='ltr'>Ballivii</span> <span class='ocrx_word' id='word_1_759' title='bbox 1431 415 1494 454; x_wconf 72' lang='lat' dir='ltr'>tua,</span> <span class='ocrx_word' id='word_1_760' title='bbox 1511 417 1570 447; x_wconf 63' lang='lat' dir='ltr'>tam</span> <span class='ocrx_word' id='word_1_761' title='bbox 1585 416 1654 446; x_wconf 87' lang='lat' dir='ltr'>infra</span> <span class='ocrx_word' id='word_1_762' title='bbox 1668 416 1840 452; x_wconf 79' lang='lat' dir='ltr'>Libertates,</span> <span class='ocrx_word' id='word_1_763' title='bbox 1860 415 1947 453; x_wconf 75' lang='lat' dir='ltr'>quarn</span> <span class='ocrx_word' id='word_1_764' title='bbox 1961 423 2054 453; x_wconf 83' lang='lat' dir='ltr'>extra,</span> <span class='ocrx_word' id='word_1_765' title='bbox 2071 416 2121 445; x_wconf 86' lang='lat' dir='ltr'>ubi</span> <span class='ocrx_word' id='word_1_766' title='bbox 2136 416 2266 453; x_wconf 79' lang='lat' dir='ltr'>expedire</span> <span class='ocrx_word' id='word_1_767' title='bbox 2289 419 2332 448; x_wconf 86' lang='lat' dir='ltr'>vi-</span> 
     </span>
     <span class='ocr_line' id='line_1_99' title="bbox 1265 451 2034 494; baseline 0.003 -13"><span class='ocrx_word' id='word_1_768' title='bbox 1265 451 1338 482; x_wconf 90' lang='lat' dir='ltr'>deris</span> <span class='ocrx_word' id='word_1_769' title='bbox 1347 475 1356 490; x_wconf 90' lang='lat'>,</span> <span class='ocrx_word' id='word_1_770' title='bbox 1373 462 1408 482; x_wconf 81' lang='lat' dir='ltr'>ex</span> <span class='ocrx_word' id='word_1_771' title='bbox 1423 463 1499 491; x_wconf 89' lang='lat' dir='ltr'>parte</span> <span class='ocrx_word' id='word_1_772' title='bbox 1513 454 1611 484; x_wconf 69' lang='lat' dir='ltr'>nostra</span> <span class='ocrx_word' id='word_1_773' title='bbox 1625 454 1740 492; x_wconf 80' lang='lat' dir='ltr'>publice</span> <span class='ocrx_word' id='word_1_774' title='bbox 1754 453 1921 494; x_wconf 86' lang='lat' dir='ltr'>proclamari</span> <span class='ocrx_word' id='word_1_775' title='bbox 1933 452 2034 491; x_wconf 82' lang='lat' dir='ltr'>facias,</span> 
     </span>
    </p>

    <p class='ocr_par' dir='ltr' id='par_1_38' title="bbox 1265 490 2334 837">
     <span class='ocr_line' id='line_1_100' title="bbox 1305 490 2333 531; baseline 0.003 -11"><span class='ocrx_word' id='word_1_776' title='bbox 1305 491 1396 529; x_wconf 84' lang='lat' dir='ltr'>Qod</span> <span class='ocrx_word' id='word_1_777' title='bbox 1419 491 1530 523; x_wconf 87' lang='lat' dir='ltr'>Omnes</span> <span class='ocrx_word' id='word_1_778' title='bbox 1550 493 1583 524; x_wconf 71' lang='grc' dir='ltr'>δί</span> <span class='ocrx_word' id='word_1_779' title='bbox 1604 493 1701 531; x_wconf 81' lang='lat' dir='ltr'>singuli</span> <span class='ocrx_word' id='word_1_780' title='bbox 1719 493 1862 524; x_wconf 86' lang='lat' dir='ltr'>Homines</span> <span class='ocrx_word' id='word_1_781' title='bbox 1877 493 1911 524; x_wconf 66' lang='grc' dir='ltr'>ὅ(</span> <span class='ocrx_word' id='word_1_782' title='bbox 1926 491 2119 530; x_wconf 89' lang='lat' dir='ltr'>Mercatores,</span> <span class='ocrx_word' id='word_1_783' title='bbox 2136 490 2173 522; x_wconf 90' lang='lat' dir='ltr'>de</span> <span class='ocrx_word' id='word_1_784' title='bbox 2187 490 2333 524; x_wconf 89' lang='lat' dir='ltr'>Dominio</span> 
     </span>
     <span class='ocr_line' id='line_1_101' title="bbox 1265 529 2334 570; baseline 0.003 -12"><span class='ocrx_word' id='word_1_785' title='bbox 1265 529 1299 559; x_wconf 64' lang='grc' dir='ltr'>ὃς</span> <span class='ocrx_word' id='word_1_786' title='bbox 1313 529 1455 560; x_wconf 85' lang='lat' dir='ltr'>Potestate</span> <span class='ocrx_word' id='word_1_787' title='bbox 1466 532 1547 568; x_wconf 84' lang='lat' dir='ltr'>ipsius</span> <span class='ocrx_word' id='word_1_788' title='bbox 1558 530 1701 569; x_wconf 87' lang='lat' dir='ltr'>Comitis,</span> <span class='ocrx_word' id='word_1_789' title='bbox 1716 532 1787 562; x_wconf 86' lang='lat' dir='ltr'>infra</span> <span class='ocrx_word' id='word_1_790' title='bbox 1801 530 1938 570; x_wconf 86' lang='lat' dir='ltr'>Regnum</span> <span class='ocrx_word' id='word_1_791' title='bbox 1951 531 1985 560; x_wconf 87' lang='lat'>&amp;</span> <span class='ocrx_word' id='word_1_792' title='bbox 2000 529 2175 561; x_wconf 86' lang='lat' dir='ltr'>Potestatem</span> <span class='ocrx_word' id='word_1_793' title='bbox 2188 530 2334 570; x_wconf 85' lang='lat' dir='ltr'>nostram,</span> 
     </span>
     <span class='ocr_line' id='line_1_102' title="bbox 1268 567 2334 609; baseline 0.004 -12"><span class='ocrx_word' id='word_1_794' title='bbox 1268 576 1337 597; x_wconf 89' lang='lat' dir='ltr'>cum</span> <span class='ocrx_word' id='word_1_795' title='bbox 1355 567 1456 599; x_wconf 90' lang='lat' dir='ltr'>Rebus</span> <span class='ocrx_word' id='word_1_796' title='bbox 1470 570 1503 600; x_wconf 89' lang='lat'>&amp;</span> <span class='ocrx_word' id='word_1_797' title='bbox 1518 569 1721 601; x_wconf 88' lang='lat' dir='ltr'>Mercimoniis</span> <span class='ocrx_word' id='word_1_798' title='bbox 1737 570 1806 608; x_wconf 88' lang='lat' dir='ltr'>suis,</span> <span class='ocrx_word' id='word_1_799' title='bbox 1824 570 1921 600; x_wconf 88' lang='lat' dir='ltr'>venire</span> <span class='ocrx_word' id='word_1_800' title='bbox 1940 568 2067 598; x_wconf 89' lang='lat' dir='ltr'>volentes</span> <span class='ocrx_word' id='word_1_801' title='bbox 2103 570 2108 575; x_wconf 84' lang='grc'><em>“</em></span> <span class='ocrx_word' id='word_1_802' title='bbox 2131 569 2172 600; x_wconf 79' lang='lat' dir='ltr'>fra</span> <span class='ocrx_word' id='word_1_803' title='bbox 2193 568 2334 609; x_wconf 84' lang='lat' dir='ltr'>Regnum</span> 
     </span>
     <span class='ocr_line' id='line_1_103' title="bbox 1266 579 2334 649; baseline 0.004 -15"><span class='ocrx_word' id='word_1_804' title='bbox 1266 605 1398 649; x_wconf 83' lang='lat' dir='ltr'>nostrum</span> <span class='ocrx_word' id='word_1_805' title='bbox 1413 607 1488 637; x_wconf 84' lang='lat' dir='ltr'>salvo</span> <span class='ocrx_word' id='word_1_806' title='bbox 1501 608 1535 638; x_wconf 89' lang='lat'>&amp;</span> <span class='ocrx_word' id='word_1_807' title='bbox 1550 607 1645 638; x_wconf 78' lang='lat' dir='ltr'>secure</span> <span class='ocrx_word' id='word_1_808' title='bbox 1660 609 1746 647; x_wconf 88' lang='lat' dir='ltr'>usque</span> <span class='ocrx_word' id='word_1_809' title='bbox 1759 608 1793 638; x_wconf 90' lang='lat' dir='ltr'>ad</span> <span class='ocrx_word' id='word_1_810' title='bbox 1805 608 1913 639; x_wconf 65' lang='lat' dir='ltr'>dictum</span> <span class='ocrx_word' id='word_1_811' title='bbox 1929 606 2044 637; x_wconf 88' lang='lat' dir='ltr'>Festum</span> <span class='ocrx_word' id='word_1_812' title='bbox 2058 579 2266 645; x_wconf 54' lang='lat' dir='ltr'>AAEmptionis</span> <span class='ocrx_word' id='word_1_813' title='bbox 2281 618 2334 639; x_wconf 89' lang='lat' dir='ltr'>ve-</span> 
     </span>
     <span class='ocr_line' id='line_1_104' title="bbox 1266 645 2334 684; baseline 0.004 -11"><span class='ocrx_word' id='word_1_814' title='bbox 1266 654 1343 681; x_wconf 88' lang='lat' dir='ltr'>nire,</span> <span class='ocrx_word' id='word_1_815' title='bbox 1359 646 1436 674; x_wconf 88' lang='lat' dir='ltr'>&amp;in</span> <span class='ocrx_word' id='word_1_816' title='bbox 1450 645 1553 675; x_wconf 89' lang='lat' dir='ltr'>eodem</span> <span class='ocrx_word' id='word_1_817' title='bbox 1569 645 1678 684; x_wconf 88' lang='lat' dir='ltr'>Regno</span> <span class='ocrx_word' id='word_1_818' title='bbox 1694 647 1854 684; x_wconf 88' lang='lat' dir='ltr'>morari,&amp;</span> <span class='ocrx_word' id='word_1_819' title='bbox 1869 645 2064 676; x_wconf 82' lang='lat' dir='ltr'>Mercimonia</span> <span class='ocrx_word' id='word_1_820' title='bbox 2078 646 2123 676; x_wconf 89' lang='lat' dir='ltr'>sua</span> <span class='ocrx_word' id='word_1_821' title='bbox 2138 646 2244 676; x_wconf 90' lang='lat' dir='ltr'>ibidem</span> <span class='ocrx_word' id='word_1_822' title='bbox 2253 656 2334 677; x_wconf 84' lang='lat' dir='ltr'>exer-</span> 
     </span>
     <span class='ocr_line' id='line_1_105' title="bbox 1272 683 2334 723; baseline 0.004 -11"><span class='ocrx_word' id='word_1_823' title='bbox 1272 692 1338 712; x_wconf 90' lang='lat' dir='ltr'>cere</span> <span class='ocrx_word' id='word_1_824' title='bbox 1347 705 1356 719; x_wconf 91' lang='lat'>,</span> <span class='ocrx_word' id='word_1_825' title='bbox 1371 693 1404 713; x_wconf 91' lang='lat' dir='ltr'>ac</span> <span class='ocrx_word' id='word_1_826' title='bbox 1419 684 1520 713; x_wconf 75' lang='lat' dir='ltr'>exinde</span> <span class='ocrx_word' id='word_1_827' title='bbox 1535 683 1569 713; x_wconf 93' lang='lat' dir='ltr'>ad</span> <span class='ocrx_word' id='word_1_828' title='bbox 1582 686 1693 722; x_wconf 83' lang='lat' dir='ltr'>propria</span> <span class='ocrx_word' id='word_1_829' title='bbox 1707 696 1760 723; x_wconf 87' lang='lat' dir='ltr'>pro</span> <span class='ocrx_word' id='word_1_830' title='bbox 1775 686 1919 715; x_wconf 84' lang='lat' dir='ltr'>voluntate</span> <span class='ocrx_word' id='word_1_831' title='bbox 1932 684 1979 714; x_wconf 67' lang='lat' dir='ltr'>sua</span> <span class='ocrx_word' id='word_1_832' title='bbox 1992 684 2080 715; x_wconf 88' lang='lat' dir='ltr'>redire</span> <span class='ocrx_word' id='word_1_833' title='bbox 2094 685 2202 715; x_wconf 80' lang='lat' dir='ltr'>valeant</span> <span class='ocrx_word' id='word_1_834' title='bbox 2212 685 2270 715; x_wconf 87' lang='lat' dir='ltr'>fine</span> <span class='ocrx_word' id='word_1_835' title='bbox 2280 695 2334 716; x_wconf 89' lang='lat' dir='ltr'>oc·-</span> 
     </span>
     <span class='ocr_line' id='line_1_106' title="bbox 1267 721 2333 762; baseline 0.003 -12"><span class='ocrx_word' id='word_1_836' title='bbox 1267 722 1397 759; x_wconf 74' lang='lat' dir='ltr'>cafione,</span> <span class='ocrx_word' id='word_1_837' title='bbox 1415 721 1461 752; x_wconf 92' lang='lat' dir='ltr'>vel</span> <span class='ocrx_word' id='word_1_838' title='bbox 1482 722 1690 760; x_wconf 89' lang='lat' dir='ltr'>impedimento</span> <span class='ocrx_word' id='word_1_839' title='bbox 1715 724 1954 762; x_wconf 89' lang='lat' dir='ltr'>qualitercumque</span> <span class='ocrx_word' id='word_1_840' title='bbox 1969 735 1980 761; x_wconf 73' lang='lat'>3</span> <span class='ocrx_word' id='word_1_841' title='bbox 1995 722 2068 753; x_wconf 77' lang='lat' dir='ltr'>dum</span> <span class='ocrx_word' id='word_1_842' title='bbox 2087 731 2183 754; x_wconf 87' lang='lat' dir='ltr'>tamen</span> <span class='ocrx_word' id='word_1_843' title='bbox 2204 733 2266 753; x_wconf 88' lang='lat' dir='ltr'>non</span> <span class='ocrx_word' id='word_1_844' title='bbox 2283 723 2333 754; x_wconf 91' lang='lat' dir='ltr'>de-</span> 
     </span>
     <span class='ocr_line' id='line_1_107' title="bbox 1265 759 2332 799; baseline 0.003 -11"><span class='ocrx_word' id='word_1_845' title='bbox 1265 759 1410 797; x_wconf 83' lang='lat' dir='ltr'>linquant,</span> <span class='ocrx_word' id='word_1_846' title='bbox 1428 760 1462 790; x_wconf 90' lang='lat'>&amp;</span> <span class='ocrx_word' id='word_1_847' title='bbox 1482 760 1598 799; x_wconf 86' lang='lat' dir='ltr'>faciant,</span> <span class='ocrx_word' id='word_1_848' title='bbox 1616 761 1650 792; x_wconf 90' lang='lat'>&amp;</span> <span class='ocrx_word' id='word_1_849' title='bbox 1671 761 1779 793; x_wconf 87' lang='lat' dir='ltr'>solvant</span> <span class='ocrx_word' id='word_1_850' title='bbox 1799 761 1952 793; x_wconf 83' lang='lat' dir='ltr'>Custumas</span> <span class='ocrx_word' id='word_1_851' title='bbox 1964 762 2070 793; x_wconf 87' lang='lat' dir='ltr'>debitas</span> <span class='ocrx_word' id='word_1_852' title='bbox 2085 762 2118 793; x_wconf 90' lang='lat'>&amp;</span> <span class='ocrx_word' id='word_1_853' title='bbox 2133 760 2290 794; x_wconf 86' lang='lat' dir='ltr'>Consuetas</span> <span class='ocrx_word' id='word_1_854' title='bbox 2303 763 2332 792; x_wconf 79' lang='lat' dir='ltr'>in</span> 
     </span>
     <span class='ocr_line' id='line_1_108' title="bbox 1268 798 1508 837; baseline 0.008 -10"><span class='ocrx_word' id='word_1_855' title='bbox 1268 798 1315 827; x_wconf 87' lang='lat' dir='ltr'>Re</span> <span class='ocrx_word' id='word_1_856' title='bbox 1336 808 1374 828; x_wconf 93' lang='lat' dir='ltr'>no</span> <span class='ocrx_word' id='word_1_857' title='bbox 1389 798 1508 837; x_wconf 70' lang='lat' dir='ltr'>nostro,</span> 
     </span>
    </p>

    <p class='ocr_par' dir='ltr' id='par_1_39' title="bbox 1303 836 2113 916">
     <span class='ocr_line' id='line_1_109' title="bbox 1332 836 1716 868; baseline 0.005 -3"><span class='ocrx_word' id='word_1_858' title='bbox 1332 845 1342 866; x_wconf 94' lang='lat' dir='ltr'>t</span> <span class='ocrx_word' id='word_1_859' title='bbox 1354 836 1412 866; x_wconf 90' lang='lat' dir='ltr'>hoc</span> <span class='ocrx_word' id='word_1_860' title='bbox 1425 836 1580 868; x_wconf 88' lang='lat' dir='ltr'>nullatenus</span> <span class='ocrx_word' id='word_1_861' title='bbox 1595 838 1716 868; x_wconf 89' lang='lat' dir='ltr'>omittas.</span> 
     </span>
     <span class='ocr_line' id='line_1_110' title="bbox 1303 873 2113 916; baseline 0.005 -11"><span class='ocrx_word' id='word_1_862' title='bbox 1303 873 1392 905; x_wconf 90' lang='lat' dir='ltr'>Teste</span> <span class='ocrx_word' id='word_1_863' title='bbox 1404 874 1489 913; x_wconf 87' lang='lat' dir='ltr'>Rege</span> <span class='ocrx_word' id='word_1_864' title='bbox 1502 876 1576 916; x_wconf 88' lang='lat' dir='ltr'>apud</span> <span class='ocrx_word' id='word_1_865' title='bbox 1591 876 1805 916; x_wconf 81' lang='lat' dir='ltr'>Rokyngham,</span> <span class='ocrx_word' id='word_1_866' title='bbox 1824 878 1927 915; x_wconf 87' lang='lat' dir='ltr'>quinto</span> <span class='ocrx_word' id='word_1_867' title='bbox 1938 877 1985 908; x_wconf 89' lang='lat' dir='ltr'>die</span> <span class='ocrx_word' id='word_1_868' title='bbox 2000 876 2113 916; x_wconf 82' lang='lat' dir='ltr'>Aprilis.</span> 
     </span>
    </p>
   </div>
   <div class='ocr_carea' id='block_1_14' title="bbox 1959 957 2226 997">
    <p class='ocr_par' dir='ltr' id='par_1_40' title="bbox 1959 957 2226 997">
     <span class='ocr_line' id='line_1_111' title="bbox 1959 957 2226 997; baseline -0.004 -11"><span class='ocrx_word' id='word_1_869' title='bbox 1959 957 2013 987; x_wconf 74' lang='lat' dir='ltr'>Per</span> <span class='ocrx_word' id='word_1_870' title='bbox 2024 957 2106 997; x_wconf 79' lang='lat' dir='ltr'>ipsum</span> <span class='ocrx_word' id='word_1_871' title='bbox 2122 959 2226 995; x_wconf 82' lang='lat' dir='ltr'>Regem.</span> 
     </span>
    </p>
   </div>
   <div class='ocr_carea' id='block_1_15' title="bbox 1270 1026 2334 1107">
    <p class='ocr_par' dir='ltr' id='par_1_41' title="bbox 1270 1026 2334 1107">
     <span class='ocr_line' id='line_1_112' title="bbox 1270 1026 2334 1107; baseline 0.004 -47"><span class='ocrx_word' id='word_1_872' title='bbox 1270 1026 1426 1107; x_wconf 52' lang='lat' dir='ltr'>glifnodem</span> <span class='ocrx_word' id='word_1_873' title='bbox 1446 1029 1539 1061; x_wconf 90' lang='lat' dir='ltr'>modo</span> <span class='ocrx_word' id='word_1_874' title='bbox 1559 1038 1732 1069; x_wconf 83' lang='lat' dir='ltr'>praeceptum</span> <span class='ocrx_word' id='word_1_875' title='bbox 1750 1029 1792 1062; x_wconf 88' lang='lat' dir='ltr'>est</span> <span class='ocrx_word' id='word_1_876' title='bbox 1819 1029 1933 1069; x_wconf 84' lang='lat' dir='ltr'>singulis</span> <span class='ocrx_word' id='word_1_877' title='bbox 1953 1031 2180 1065; x_wconf 87' lang='lat' dir='ltr'>Vicecomitibus</span> <span class='ocrx_word' id='word_1_878' title='bbox 2199 1043 2249 1072; x_wconf 85' lang='lat' dir='ltr'>per</span> <span class='ocrx_word' id='word_1_879' title='bbox 2272 1033 2334 1064; x_wconf 85' lang='lat' dir='ltr'>An-</span> 
     </span>
    </p>
   </div>
   <div class='ocr_carea' id='block_1_16' title="bbox 1273 1194 2448 1295">
    <p class='ocr_par' dir='ltr' id='par_1_42' title="bbox 1273 1194 2448 1295">
     <span class='ocr_line' id='line_1_113' title="bbox 1273 1194 2448 1242; baseline 0.006 -15"><span class='ocrx_word' id='word_1_880' title='bbox 1273 1194 1301 1220; x_wconf 63' lang='lat'><em>*</em></span> <span class='ocrx_word' id='word_1_881' title='bbox 1328 1197 1575 1228; x_wconf 69' lang='lat' dir='ltr'>Procuratorium</span> <span class='ocrx_word' id='word_1_882' title='bbox 1600 1195 1644 1229; x_wconf 80' lang='lat' dir='ltr'>ad</span> <span class='ocrx_word' id='word_1_883' title='bbox 1664 1195 1859 1229; x_wconf 62' lang='lat' dir='ltr'>trafiandum</span> <span class='ocrx_word' id='word_1_884' title='bbox 1875 1197 1967 1242; x_wconf 68' lang='lat' dir='ltr'>siaeper</span> <span class='ocrx_word' id='word_1_885' title='bbox 1983 1194 2171 1242; x_wconf 71' lang='lat' dir='ltr'>Sponfizlibus</span> <span class='ocrx_word' id='word_1_886' title='bbox 2187 1200 2264 1233; x_wconf 84' lang='lat' dir='ltr'>inter</span> <span class='ocrx_word' id='word_1_887' title='bbox 2279 1203 2334 1234; x_wconf 87' lang='lat' dir='ltr'>Co·</span> <span class='ocrx_word' id='word_1_888' title='bbox 2353 1204 2372 1223; x_wconf 70' lang='lat'>²¹⁸</span> <span class='ocrx_word' id='word_1_889' title='bbox 2389 1207 2448 1238; x_wconf 60' lang='lat' dir='ltr'>IV)</span> 
     </span>
     <span class='ocr_line' id='line_1_114' title="bbox 1422 1243 2419 1295; baseline 0 -19"><span class='ocrx_word' id='word_1_890' title='bbox 1422 1247 1526 1277; x_wconf 82' lang='lat' dir='ltr'>mitem</span> <span class='ocrx_word' id='word_1_891' title='bbox 1549 1243 1697 1277; x_wconf 77' lang='lat' dir='ltr'>Cornubiae</span> <span class='ocrx_word' id='word_1_892' title='bbox 1713 1248 1749 1284; x_wconf 62' lang='grc' dir='ltr'>ω’·</span> <span class='ocrx_word' id='word_1_893' title='bbox 1772 1246 1885 1279; x_wconf 83' lang='lat' dir='ltr'>Filiam</span> <span class='ocrx_word' id='word_1_894' title='bbox 1905 1248 2029 1278; x_wconf 81' lang='lat' dir='ltr'>Comitis</span> <span class='ocrx_word' id='word_1_895' title='bbox 2044 1243 2081 1278; x_wconf 82' lang='lat' dir='ltr'>de</span> <span class='ocrx_word' id='word_1_896' title='bbox 2099 1246 2192 1295; x_wconf 76' lang='lat' dir='ltr'>Bloys,</span> <span class='ocrx_word' id='word_1_897' title='bbox 2352 1243 2419 1276; x_wconf 73' lang='lat'><strong>⁶08.</strong></span> 
     </span>
    </p>
   </div>
   <div class='ocr_carea' id='block_1_17' title="bbox 1270 1328 2487 2140">
    <p class='ocr_par' dir='ltr' id='par_1_43' title="bbox 1270 1328 2487 1565">
     <span class='ocr_line' id='line_1_115' title="bbox 1344 1328 2483 1398; baseline -0.001 -38"><span class='ocrx_word' id='word_1_898' title='bbox 1344 1328 1488 1398; x_wconf 58' lang='lat' dir='ltr'>blliversis,</span> <span class='ocrx_word' id='word_1_899' title='bbox 1506 1330 1654 1368; x_wconf 87' lang='lat' dir='ltr'>praesentes</span> <span class='ocrx_word' id='word_1_900' title='bbox 1675 1330 1782 1361; x_wconf 89' lang='lat' dir='ltr'>Literas</span> <span class='ocrx_word' id='word_1_901' title='bbox 1803 1329 1980 1369; x_wconf 67' lang='lat' dir='ltr'>inspecturis,</span> <span class='ocrx_word' id='word_1_902' title='bbox 1997 1329 2169 1369; x_wconf 88' lang='lat' dir='ltr'>Edwardus,</span> <span class='ocrx_word' id='word_1_903' title='bbox 2185 1330 2246 1362; x_wconf 72' lang='grc' dir='ltr'>ὅτε.</span> <span class='ocrx_word' id='word_1_904' title='bbox 2283 1331 2333 1364; x_wconf 86' lang='lat' dir='ltr'>Sa·</span> <span class='ocrx_word' id='word_1_905' title='bbox 2354 1328 2430 1361; x_wconf 87' lang='lat' dir='ltr'>Ann.</span> <span class='ocrx_word' id='word_1_906' title='bbox 2441 1328 2483 1360; x_wconf 88' lang='lat' dir='ltr'>D.</span> 
     </span>
     <span class='ocr_line' id='line_1_116' title="bbox 1375 1377 2467 1399; baseline 0 -1"><span class='ocrx_word' id='word_1_907' title='bbox 1375 1377 1463 1399; x_wconf 75' lang='lat' dir='ltr'><strong>Utem.</strong></span> <span class='ocrx_word' id='word_1_908' title='bbox 2379 1377 2392 1397; x_wconf 91' lang='lat'>1</span> <span class='ocrx_word' id='word_1_909' title='bbox 2420 1377 2432 1389; x_wconf 41' lang='grc' dir='ltr'>ἢ</span> <span class='ocrx_word' id='word_1_910' title='bbox 2458 1391 2467 1398; x_wconf 85' lang='grc'><strong><em>.</em></strong></span> 
     </span>
     <span class='ocr_line' id='line_1_117' title="bbox 1308 1377 2456 1447; baseline 0.003 -10"><span class='ocrx_word' id='word_1_911' title='bbox 1308 1406 1356 1437; x_wconf 92' lang='lat' dir='ltr'>De</span> <span class='ocrx_word' id='word_1_912' title='bbox 1378 1407 1635 1446; x_wconf 63' lang='lat' dir='ltr'>circumspedlione</span> <span class='ocrx_word' id='word_1_913' title='bbox 1653 1407 1771 1444; x_wconf 73' lang='lat' dir='ltr'>provida</span> <span class='ocrx_word' id='word_1_914' title='bbox 1794 1408 1828 1439; x_wconf 91' lang='lat'>&amp;</span> <span class='ocrx_word' id='word_1_915' title='bbox 1846 1407 1977 1438; x_wconf 86' lang='lat' dir='ltr'>fidelitate</span> <span class='ocrx_word' id='word_1_916' title='bbox 2010 1406 2126 1447; x_wconf 69' lang='lat' dir='ltr'>robata,</span> <span class='ocrx_word' id='word_1_917' title='bbox 2146 1406 2333 1440; x_wconf 67' lang='lat' dir='ltr'>Dilestorum</span> <span class='ocrx_word' id='word_1_918' title='bbox 2351 1377 2412 1435; x_wconf 71' lang='lat' dir='ltr'>An-3</span> <span class='ocrx_word' id='word_1_919' title='bbox 2421 1380 2456 1436; x_wconf 49' lang='lat'>§4</span> 
     </span>
     <span class='ocr_line' id='line_1_118' title="bbox 1270 1416 2431 1514; baseline 0.003 -39"><span class='ocrx_word' id='word_1_920' title='bbox 1270 1446 1303 1476; x_wconf 89' lang='lat'>&amp;</span> <span class='ocrx_word' id='word_1_921' title='bbox 1320 1446 1458 1476; x_wconf 85' lang='lat' dir='ltr'>Fidelium</span> <span class='ocrx_word' id='word_1_922' title='bbox 1471 1445 1654 1482; x_wconf 89' lang='lat' dir='ltr'>nostrorum,</span> <span class='ocrx_word' id='word_1_923' title='bbox 1673 1445 1847 1476; x_wconf 87' lang='lat' dir='ltr'>Venerabilis</span> <span class='ocrx_word' id='word_1_924' title='bbox 1862 1445 1966 1485; x_wconf 85' lang='lat' dir='ltr'>Patris,</span> <span class='ocrx_word' id='word_1_925' title='bbox 1977 1416 2116 1514; x_wconf 47' lang='lat' dir='ltr'>{gihannis</span> <span class='ocrx_word' id='word_1_926' title='bbox 2131 1446 2336 1478; x_wconf 88' lang='lat' dir='ltr'>Cantuariensis</span> <span class='ocrx_word' id='word_1_927' title='bbox 2353 1449 2382 1472; x_wconf 83' lang='lat' dir='ltr'>E·</span> <span class='ocrx_word' id='word_1_928' title='bbox 2405 1455 2431 1483; x_wconf 84' lang='lat'>3-</span> 
     </span>
     <span class='ocr_line' id='line_1_119' title="bbox 1272 1484 2463 1523; baseline 0.003 -9"><span class='ocrx_word' id='word_1_929' title='bbox 1272 1484 1499 1523; x_wconf 80' lang='lat' dir='ltr'>Arcliiepiscopi,</span> <span class='ocrx_word' id='word_1_930' title='bbox 1517 1486 1605 1515; x_wconf 87' lang='lat' dir='ltr'>totius</span> <span class='ocrx_word' id='word_1_931' title='bbox 1624 1484 1651 1514; x_wconf 83' lang='lat' dir='ltr'><strong>A</strong></span> <span class='ocrx_word' id='word_1_932' title='bbox 1692 1484 1736 1514; x_wconf 84' lang='lat' dir='ltr'>liae</span> <span class='ocrx_word' id='word_1_933' title='bbox 1758 1484 1905 1523; x_wconf 79' lang='lat' dir='ltr'>primatis,</span> <span class='ocrx_word' id='word_1_934' title='bbox 1923 1485 1957 1516; x_wconf 89' lang='lat'>&amp;</span> <span class='ocrx_word' id='word_1_935' title='bbox 1994 1484 2131 1516; x_wconf 88' lang='lat' dir='ltr'>Villielmi</span> <span class='ocrx_word' id='word_1_936' title='bbox 2153 1485 2189 1516; x_wconf 92' lang='lat' dir='ltr'>de</span> <span class='ocrx_word' id='word_1_937' title='bbox 2203 1485 2335 1517; x_wconf 91' lang='lat' dir='ltr'>Cusantia</span> <span class='ocrx_word' id='word_1_938' title='bbox 2355 1487 2413 1512; x_wconf 63' lang='grc' dir='ltr'>ΡΜ.</span> <span class='ocrx_word' id='word_1_939' title='bbox 2433 1485 2463 1514; x_wconf 82' lang='lat'>8,</span> 
     </span>
     <span class='ocr_line' id='line_1_120' title="bbox 1271 1522 2487 1565; baseline 0.002 -12"><span class='ocrx_word' id='word_1_940' title='bbox 1271 1522 1413 1553; x_wconf 83' lang='lat' dir='ltr'>Canonici</span> <span class='ocrx_word' id='word_1_941' title='bbox 1427 1525 1456 1553; x_wconf 88' lang='lat' dir='ltr'>in</span> <span class='ocrx_word' id='word_1_942' title='bbox 1470 1523 1595 1554; x_wconf 73' lang='lat' dir='ltr'>Ecclesia</span> <span class='ocrx_word' id='word_1_943' title='bbox 1609 1522 1664 1552; x_wconf 90' lang='lat' dir='ltr'>San</span> <span class='ocrx_word' id='word_1_944' title='bbox 1683 1524 1704 1552; x_wconf 75' lang='lat' dir='ltr'>ti</span> <span class='ocrx_word' id='word_1_945' title='bbox 1716 1523 1844 1553; x_wconf 87' lang='lat' dir='ltr'>Wilfridi</span> <span class='ocrx_word' id='word_1_946' title='bbox 1865 1523 1983 1562; x_wconf 88' lang='lat' dir='ltr'>Ripon,</span> <span class='ocrx_word' id='word_1_947' title='bbox 2002 1523 2123 1560; x_wconf 79' lang='lat' dir='ltr'>plenarie</span> <span class='ocrx_word' id='word_1_948' title='bbox 2142 1523 2335 1565; x_wconf 83' lang='lat' dir='ltr'>confidentes,</span> <span class='ocrx_word' id='word_1_949' title='bbox 2352 1525 2450 1560; x_wconf 75' lang='lat' dir='ltr'>E·3·p-</span> <span class='ocrx_word' id='word_1_950' title='bbox 2463 1533 2487 1553; x_wconf 64' lang='lat'>¹⁴</span> 
     </span>
    </p>

    <p class='ocr_par' dir='ltr' id='par_1_44' title="bbox 1271 1560 2453 1717">
     <span class='ocr_line' id='line_1_121' title="bbox 1308 1560 2453 1603; baseline 0.003 -12"><span class='ocrx_word' id='word_1_951' title='bbox 1308 1561 1354 1591; x_wconf 89' lang='lat' dir='ltr'>Ad</span> <span class='ocrx_word' id='word_1_952' title='bbox 1368 1562 1545 1593; x_wconf 66' lang='lat' dir='ltr'>tradtandum</span> <span class='ocrx_word' id='word_1_953' title='bbox 1560 1571 1646 1600; x_wconf 87' lang='lat' dir='ltr'>curn,</span> <span class='ocrx_word' id='word_1_954' title='bbox 1665 1561 1771 1592; x_wconf 87' lang='lat' dir='ltr'>Nobili</span> <span class='ocrx_word' id='word_1_955' title='bbox 1787 1561 1861 1592; x_wconf 90' lang='lat' dir='ltr'>Viro</span> <span class='ocrx_word' id='word_1_956' title='bbox 1983 1560 2103 1593; x_wconf 89' lang='lat' dir='ltr'>Comite</span> <span class='ocrx_word' id='word_1_957' title='bbox 2116 1562 2153 1593; x_wconf 91' lang='lat' dir='ltr'>de</span> <span class='ocrx_word' id='word_1_958' title='bbox 2168 1562 2269 1603; x_wconf 85' lang='lat' dir='ltr'>Bloys,</span> <span class='ocrx_word' id='word_1_959' title='bbox 2287 1563 2334 1595; x_wconf 89' lang='lat' dir='ltr'>seu</span> <span class='ocrx_word' id='word_1_960' title='bbox 2353 1570 2390 1589; x_wconf 82' lang='lat' dir='ltr'>m·</span> <span class='ocrx_word' id='word_1_961' title='bbox 2407 1571 2453 1591; x_wconf 80' lang='lat'>22-</span> 
     </span>
     <span class='ocr_line' id='line_1_122' title="bbox 1271 1599 2337 1641; baseline 0.002 -11"><span class='ocrx_word' id='word_1_962' title='bbox 1271 1599 1447 1638; x_wconf 86' lang='lat' dir='ltr'>Deputandis</span> <span class='ocrx_word' id='word_1_963' title='bbox 1458 1601 1494 1630; x_wconf 88' lang='lat' dir='ltr'>ab</span> <span class='ocrx_word' id='word_1_964' title='bbox 1508 1600 1585 1638; x_wconf 83' lang='lat' dir='ltr'>ipso,</span> <span class='ocrx_word' id='word_1_965' title='bbox 1603 1599 1681 1637; x_wconf 83' lang='lat' dir='ltr'>super</span> <span class='ocrx_word' id='word_1_966' title='bbox 1697 1599 1907 1638; x_wconf 88' lang='lat' dir='ltr'>Matrimonio,</span> <span class='ocrx_word' id='word_1_967' title='bbox 1924 1600 1969 1630; x_wconf 88' lang='lat' dir='ltr'>seu</span> <span class='ocrx_word' id='word_1_968' title='bbox 1981 1600 2161 1638; x_wconf 86' lang='lat' dir='ltr'>Sponsalibus</span> <span class='ocrx_word' id='word_1_969' title='bbox 2196 1603 2269 1632; x_wconf 86' lang='lat' dir='ltr'>inter</span> <span class='ocrx_word' id='word_1_970' title='bbox 2282 1601 2337 1641; x_wconf 92' lang='lat' dir='ltr'>Jo-</span> 
     </span>
     <span class='ocr_line' id='line_1_123' title="bbox 1271 1637 2336 1679; baseline 0.003 -11"><span class='ocrx_word' id='word_1_971' title='bbox 1271 1640 1395 1669; x_wconf 89' lang='lat' dir='ltr'>hannem</span> <span class='ocrx_word' id='word_1_972' title='bbox 1415 1638 1568 1669; x_wconf 89' lang='lat' dir='ltr'>Comitem</span> <span class='ocrx_word' id='word_1_973' title='bbox 1589 1637 1768 1676; x_wconf 74' lang='lat' dir='ltr'>Cornubiae,</span> <span class='ocrx_word' id='word_1_974' title='bbox 1784 1639 1911 1669; x_wconf 83' lang='lat' dir='ltr'>Fratrem</span> <span class='ocrx_word' id='word_1_975' title='bbox 1934 1638 2064 1669; x_wconf 91' lang='lat' dir='ltr'>nostrum</span> <span class='ocrx_word' id='word_1_976' title='bbox 2086 1641 2140 1670; x_wconf 86' lang='lat' dir='ltr'>car&#39;</span> <span class='ocrx_word' id='word_1_977' title='bbox 2166 1650 2259 1671; x_wconf 88' lang='lat' dir='ltr'>imum</span> <span class='ocrx_word' id='word_1_978' title='bbox 2273 1662 2284 1679; x_wconf 84' lang='lat'>,</span> <span class='ocrx_word' id='word_1_979' title='bbox 2301 1642 2336 1673; x_wconf 91' lang='lat'>&amp;</span> 
     </span>
     <span class='ocr_line' id='line_1_124' title="bbox 1274 1675 2192 1717; baseline 0.001 -10"><span class='ocrx_word' id='word_1_980' title='bbox 1274 1677 1400 1707; x_wconf 87' lang='lat' dir='ltr'>Mariam</span> <span class='ocrx_word' id='word_1_981' title='bbox 1416 1678 1516 1708; x_wconf 84' lang='lat' dir='ltr'>Filiam</span> <span class='ocrx_word' id='word_1_982' title='bbox 1531 1676 1654 1715; x_wconf 89' lang='lat' dir='ltr'>ejusdem</span> <span class='ocrx_word' id='word_1_983' title='bbox 1670 1675 1797 1708; x_wconf 86' lang='lat' dir='ltr'>Comitis</span> <span class='ocrx_word' id='word_1_984' title='bbox 1807 1677 1844 1707; x_wconf 86' lang='lat' dir='ltr'>de</span> <span class='ocrx_word' id='word_1_985' title='bbox 1859 1677 1960 1716; x_wconf 89' lang='lat' dir='ltr'>Bloys,</span> <span class='ocrx_word' id='word_1_986' title='bbox 1976 1677 2192 1717; x_wconf 88' lang='lat' dir='ltr'>contrahendo,</span> 
     </span>
    </p>

    <p class='ocr_par' dir='ltr' id='par_1_45' title="bbox 1273 1715 2336 1796">
     <span class='ocr_line' id='line_1_125' title="bbox 1310 1715 2336 1756; baseline 0.003 -10"><span class='ocrx_word' id='word_1_987' title='bbox 1310 1715 1441 1746; x_wconf 89' lang='lat' dir='ltr'>Necnon</span> <span class='ocrx_word' id='word_1_988' title='bbox 1458 1715 1537 1753; x_wconf 90' lang='lat' dir='ltr'>super</span> <span class='ocrx_word' id='word_1_989' title='bbox 1552 1715 1702 1753; x_wconf 88' lang='lat' dir='ltr'>Dote,seu</span> <span class='ocrx_word' id='word_1_990' title='bbox 1717 1715 1915 1755; x_wconf 86' lang='lat' dir='ltr'>Dotaliti0,ac</span> <span class='ocrx_word' id='word_1_991' title='bbox 1928 1715 2236 1756; x_wconf 83' lang='lat' dir='ltr'>Donatione,propter</span> <span class='ocrx_word' id='word_1_992' title='bbox 2244 1717 2336 1756; x_wconf 86' lang='lat' dir='ltr'>Nup-</span> 
     </span>
     <span class='ocr_line' id='line_1_126' title="bbox 1273 1753 1719 1796; baseline -0.002 -12"><span class='ocrx_word' id='word_1_993' title='bbox 1273 1754 1323 1784; x_wconf 86' lang='lat' dir='ltr'>tias</span> <span class='ocrx_word' id='word_1_994' title='bbox 1338 1755 1367 1784; x_wconf 91' lang='lat' dir='ltr'>in</span> <span class='ocrx_word' id='word_1_995' title='bbox 1379 1754 1431 1784; x_wconf 87' lang='lat' dir='ltr'>hac</span> <span class='ocrx_word' id='word_1_996' title='bbox 1447 1763 1524 1792; x_wconf 88' lang='lat' dir='ltr'>parte</span> <span class='ocrx_word' id='word_1_997' title='bbox 1537 1753 1719 1796; x_wconf 82' lang='lat' dir='ltr'>affignandis,</span> 
     </span>
    </p>

    <p class='ocr_par' dir='ltr' id='par_1_46' title="bbox 1272 1791 2337 1914">
     <span class='ocr_line' id='line_1_127' title="bbox 1308 1791 2337 1834; baseline 0.004 -12"><span class='ocrx_word' id='word_1_998' title='bbox 1308 1791 1345 1822; x_wconf 88' lang='lat' dir='ltr'>Et</span> <span class='ocrx_word' id='word_1_999' title='bbox 1364 1792 1399 1822; x_wconf 91' lang='lat' dir='ltr'>ad</span> <span class='ocrx_word' id='word_1_1000' title='bbox 1420 1792 1478 1831; x_wconf 85' lang='lat' dir='ltr'>Ea,</span> <span class='ocrx_word' id='word_1_1001' title='bbox 1497 1803 1562 1831; x_wconf 82' lang='lat' dir='ltr'>quae</span> <span class='ocrx_word' id='word_1_1002' title='bbox 1585 1796 1622 1822; x_wconf 81' lang='lat' dir='ltr'>lic</span> <span class='ocrx_word' id='word_1_1003' title='bbox 1644 1792 1760 1823; x_wconf 57' lang='lat' dir='ltr'>tractata</span> <span class='ocrx_word' id='word_1_1004' title='bbox 1781 1792 1814 1824; x_wconf 93' lang='lat'><strong>&amp;</strong></span> <span class='ocrx_word' id='word_1_1005' title='bbox 1829 1791 2003 1824; x_wconf 86' lang='lat' dir='ltr'>concordata</span> <span class='ocrx_word' id='word_1_1006' title='bbox 2015 1793 2136 1831; x_wconf 85' lang='lat' dir='ltr'>fuerint,</span> <span class='ocrx_word' id='word_1_1007' title='bbox 2156 1804 2337 1834; x_wconf 88' lang='lat' dir='ltr'>quacumque</span> 
     </span>
     <span class='ocr_line' id='line_1_128' title="bbox 1272 1829 2322 1869; baseline 0.003 -8"><span class='ocrx_word' id='word_1_1008' title='bbox 1272 1829 1403 1861; x_wconf 79' lang='lat' dir='ltr'>firmitate</span> <span class='ocrx_word' id='word_1_1009' title='bbox 1423 1830 1584 1862; x_wconf 88' lang='lat' dir='ltr'>vallandum</span> <span class='ocrx_word' id='word_1_1010' title='bbox 1601 1832 1635 1861; x_wconf 92' lang='lat'>&amp;</span> <span class='ocrx_word' id='word_1_1011' title='bbox 1655 1830 1844 1869; x_wconf 85' lang='lat' dir='ltr'>firmandum,</span> <span class='ocrx_word' id='word_1_1012' title='bbox 1862 1831 1969 1862; x_wconf 86' lang='lat' dir='ltr'>Archie</span> <span class='ocrx_word' id='word_1_1013' title='bbox 1989 1832 2047 1862; x_wconf 86' lang='lat' dir='ltr'>isco</span> <span class='ocrx_word' id='word_1_1014' title='bbox 2106 1833 2141 1864; x_wconf 90' lang='lat'>&amp;</span> <span class='ocrx_word' id='word_1_1015' title='bbox 2155 1833 2322 1864; x_wconf 90' lang='lat' dir='ltr'>Willielmo</span> 
     </span>
     <span class='ocr_line' id='line_1_129' title="bbox 1272 1841 2336 1914; baseline 0.003 -16"><span class='ocrx_word' id='word_1_1016' title='bbox 1272 1869 1385 1908; x_wconf 87' lang='lat' dir='ltr'>plenam</span> <span class='ocrx_word' id='word_1_1017' title='bbox 1394 1892 1412 1913; x_wconf 21' lang='grc' dir='ltr'>,ῃ</span> <span class='ocrx_word' id='word_1_1018' title='bbox 1422 1878 1522 1900; x_wconf 90' lang='lat' dir='ltr'>tenore</span> <span class='ocrx_word' id='word_1_1019' title='bbox 1537 1868 1732 1907; x_wconf 73' lang='lat' dir='ltr'>praesmtium,</span> <span class='ocrx_word' id='word_1_1020' title='bbox 1747 1870 1954 1914; x_wconf 74' lang='lat' dir='ltr'>committimus</span> <span class='ocrx_word' id='word_1_1021' title='bbox 1969 1841 2159 1909; x_wconf 50' lang='lat' dir='ltr'>goteizlitem</span> <span class='ocrx_word' id='word_1_1022' title='bbox 2324 1855 2336 1873; x_wconf 60' lang='lat'><strong>³</strong></span> 
     </span>
    </p>

    <p class='ocr_par' dir='ltr' id='par_1_47' title="bbox 1271 1907 2336 2054">
     <span class='ocr_line' id='line_1_130' title="bbox 1309 1907 2336 1947; baseline 0.003 -10"><span class='ocrx_word' id='word_1_1023' title='bbox 1309 1907 1517 1939; x_wconf 81' lang='lat' dir='ltr'>promittentes</span> <span class='ocrx_word' id='word_1_1024' title='bbox 1532 1907 1764 1945; x_wconf 83' lang='lat' dir='ltr'>Nos,quantum</span> <span class='ocrx_word' id='word_1_1025' title='bbox 1778 1908 1812 1938; x_wconf 87' lang='lat' dir='ltr'>ad</span> <span class='ocrx_word' id='word_1_1026' title='bbox 1827 1907 1896 1938; x_wconf 92' lang='lat' dir='ltr'>Nos</span> <span class='ocrx_word' id='word_1_1027' title='bbox 1907 1908 2139 1947; x_wconf 86' lang='lat' dir='ltr'>attinet,Ratum</span> <span class='ocrx_word' id='word_1_1028' title='bbox 2155 1910 2189 1940; x_wconf 67' lang='grc' dir='ltr'>ὃ(</span> <span class='ocrx_word' id='word_1_1029' title='bbox 2205 1909 2336 1940; x_wconf 88' lang='lat' dir='ltr'>Firmum</span> 
     </span>
     <span class='ocr_line' id='line_1_131' title="bbox 1271 1945 2334 1986; baseline 0.001 -9"><span class='ocrx_word' id='word_1_1030' title='bbox 1271 1946 1415 1977; x_wconf 91' lang='lat' dir='ltr'>habituros</span> <span class='ocrx_word' id='word_1_1031' title='bbox 1429 1945 1564 1985; x_wconf 85' lang='lat' dir='ltr'>quicquid</span> <span class='ocrx_word' id='word_1_1032' title='bbox 1581 1955 1629 1982; x_wconf 84' lang='lat' dir='ltr'>per</span> <span class='ocrx_word' id='word_1_1033' title='bbox 1644 1945 2056 1985; x_wconf 86' lang='lat' dir='ltr'>praefatos,Archiepiscopum</span> <span class='ocrx_word' id='word_1_1034' title='bbox 2071 1948 2105 1978; x_wconf 90' lang='lat'>&amp;</span> <span class='ocrx_word' id='word_1_1035' title='bbox 2121 1947 2334 1986; x_wconf 84' lang='lat' dir='ltr'>Willielmum,</span> 
     </span>
     <span class='ocr_line' id='line_1_132' title="bbox 1272 1983 2336 2053; baseline 0.001 -37"><span class='ocrx_word' id='word_1_1036' title='bbox 1272 1985 1439 2053; x_wconf 52' lang='lat' dir='ltr'>traffatum,</span> <span class='ocrx_word' id='word_1_1037' title='bbox 1458 1984 1682 2022; x_wconf 84' lang='lat' dir='ltr'>concordatum,</span> <span class='ocrx_word' id='word_1_1038' title='bbox 1697 1983 1861 2023; x_wconf 89' lang='lat' dir='ltr'>firmatum,</span> <span class='ocrx_word' id='word_1_1039' title='bbox 1879 1985 1913 2016; x_wconf 68' lang='grc' dir='ltr'>ὃ(</span> <span class='ocrx_word' id='word_1_1040' title='bbox 1936 1984 2087 2024; x_wconf 77' lang='lat' dir='ltr'>vallatum,</span> <span class='ocrx_word' id='word_1_1041' title='bbox 2105 1986 2190 2016; x_wconf 86' lang='lat' dir='ltr'>fuerit</span> <span class='ocrx_word' id='word_1_1042' title='bbox 2211 1986 2241 2015; x_wconf 91' lang='lat' dir='ltr'>in</span> <span class='ocrx_word' id='word_1_1043' title='bbox 2262 1996 2336 2024; x_wconf 80' lang='lat' dir='ltr'>prae·</span> 
     </span>
     <span class='ocr_line' id='line_1_133' title="bbox 1273 2034 1367 2054; baseline -0.011 0"><span class='ocrx_word' id='word_1_1044' title='bbox 1273 2034 1312 2054; x_wconf 83' lang='lat' dir='ltr'>ml</span> <span class='ocrx_word' id='word_1_1045' title='bbox 1337 2034 1367 2053; x_wconf 83' lang='grc'>15.</span> 
     </span>
    </p>

    <p class='ocr_par' dir='ltr' id='par_1_48' title="bbox 1309 2062 1530 2100">
     <span class='ocr_line' id='line_1_134' title="bbox 1309 2062 1530 2100; baseline -0.005 -8"><span class='ocrx_word' id='word_1_1046' title='bbox 1309 2062 1343 2092; x_wconf 88' lang='lat' dir='ltr'>ln</span> <span class='ocrx_word' id='word_1_1047' title='bbox 1355 2063 1450 2100; x_wconf 58' lang='lat' dir='ltr'>ctum,</span> <span class='ocrx_word' id='word_1_1048' title='bbox 1468 2063 1530 2094; x_wconf 88' lang='lat' dir='ltr'>&amp;c.</span> 
     </span>
    </p>

    <p class='ocr_par' dir='ltr' id='par_1_49' title="bbox 1347 2098 2025 2140">
     <span class='ocr_line' id='line_1_135' title="bbox 1347 2098 2025 2140; baseline -0.001 -9"><span class='ocrx_word' id='word_1_1049' title='bbox 1347 2100 1416 2132; x_wconf 90' lang='lat' dir='ltr'>Dat.</span> <span class='ocrx_word' id='word_1_1050' title='bbox 1431 2100 1506 2140; x_wconf 86' lang='lat' dir='ltr'>apud</span> <span class='ocrx_word' id='word_1_1051' title='bbox 1518 2098 1738 2139; x_wconf 86' lang='lat' dir='ltr'>Huntyngdon,</span> <span class='ocrx_word' id='word_1_1052' title='bbox 1756 2109 1837 2130; x_wconf 89' lang='lat' dir='ltr'>nono</span> <span class='ocrx_word' id='word_1_1053' title='bbox 1851 2098 1898 2130; x_wconf 89' lang='lat' dir='ltr'>die</span> <span class='ocrx_word' id='word_1_1054' title='bbox 1912 2099 2025 2139; x_wconf 87' lang='lat' dir='ltr'>Aprilis.</span> 
     </span>
    </p>
   </div>
   <div class='ocr_carea' id='block_1_18' title="bbox 1879 1577 1966 1585">
    <p class='ocr_par' dir='ltr' id='par_1_50' title="bbox 1879 1577 1966 1585">
     <span class='ocr_line' id='line_1_136' title="bbox 1879 1577 1966 1585; baseline 0 2694"><span class='ocrx_word' id='word_1_1055' title='bbox 1879 1577 1966 1585; x_wconf 95' lang='lat' dir='ltr'> </span> 
     </span>
    </p>
   </div>
   <div class='ocr_carea' id='block_1_19' title="bbox 1269 2175 2336 2373">
    <p class='ocr_par' dir='ltr' id='par_1_51' title="bbox 1269 2175 2336 2373">
     <span class='ocr_line' id='line_1_137' title="bbox 1332 2175 2336 2247; baseline 0 -39"><span class='ocrx_word' id='word_1_1056' title='bbox 1332 2177 1483 2209; x_wconf 79' lang='lat' dir='ltr'>Onsimiles</span> <span class='ocrx_word' id='word_1_1057' title='bbox 1497 2176 1602 2208; x_wconf 85' lang='lat' dir='ltr'>Literae</span> <span class='ocrx_word' id='word_1_1058' title='bbox 1617 2176 1688 2208; x_wconf 85' lang='lat' dir='ltr'>fiunt</span> <span class='ocrx_word' id='word_1_1059' title='bbox 1700 2176 1750 2207; x_wconf 89' lang='lat' dir='ltr'>sub</span> <span class='ocrx_word' id='word_1_1060' title='bbox 1763 2177 1947 2221; x_wconf 83' lang='lat' dir='ltr'>nominibus,</span> <span class='ocrx_word' id='word_1_1061' title='bbox 1965 2175 2142 2221; x_wconf 71' lang='lat' dir='ltr'>Venerabilis</span> <span class='ocrx_word' id='word_1_1062' title='bbox 2159 2175 2336 2247; x_wconf 60' lang='lat' dir='ltr'>Patris,({o-</span> 
     </span>
     <span class='ocr_line' id='line_1_138' title="bbox 1349 2214 2334 2253; baseline 0 -6"><span class='ocrx_word' id='word_1_1063' title='bbox 1349 2217 1445 2247; x_wconf 88' lang='lat' dir='ltr'>hannis</span> <span class='ocrx_word' id='word_1_1064' title='bbox 1459 2216 1662 2247; x_wconf 87' lang='lat' dir='ltr'>Cantuariensis</span> <span class='ocrx_word' id='word_1_1065' title='bbox 1677 2214 1786 2253; x_wconf 73' lang='lat' dir='ltr'>Electi,</span> <span class='ocrx_word' id='word_1_1066' title='bbox 1805 2215 1992 2253; x_wconf 80' lang='lat' dir='ltr'>Confirmati,</span> <span class='ocrx_word' id='word_1_1067' title='bbox 2011 2217 2045 2247; x_wconf 70' lang='grc' dir='ltr'>ὅ(</span> <span class='ocrx_word' id='word_1_1068' title='bbox 2060 2215 2214 2247; x_wconf 86' lang='lat' dir='ltr'>Willielmi</span> <span class='ocrx_word' id='word_1_1069' title='bbox 2226 2216 2263 2247; x_wconf 90' lang='lat' dir='ltr'>de</span> <span class='ocrx_word' id='word_1_1070' title='bbox 2301 2227 2334 2247; x_wconf 85' lang='lat' dir='ltr'>u-</span> 
     </span>
     <span class='ocr_line' id='line_1_139' title="bbox 1269 2253 2099 2293; baseline 0 -8"><span class='ocrx_word' id='word_1_1071' title='bbox 1269 2254 1371 2293; x_wconf 68' lang='lat' dir='ltr'>santia,</span> <span class='ocrx_word' id='word_1_1072' title='bbox 1390 2255 1532 2286; x_wconf 86' lang='lat' dir='ltr'>Canonici</span> <span class='ocrx_word' id='word_1_1073' title='bbox 1548 2256 1576 2285; x_wconf 93' lang='lat' dir='ltr'>in</span> <span class='ocrx_word' id='word_1_1074' title='bbox 1593 2254 1720 2286; x_wconf 64' lang='lat' dir='ltr'>Ecclesia</span> <span class='ocrx_word' id='word_1_1075' title='bbox 1734 2254 1830 2285; x_wconf 71' lang='lat' dir='ltr'>Sanffi</span> <span class='ocrx_word' id='word_1_1076' title='bbox 1845 2253 1972 2285; x_wconf 88' lang='lat' dir='ltr'>Wilfridi</span> <span class='ocrx_word' id='word_1_1077' title='bbox 1990 2253 2099 2293; x_wconf 85' lang='lat' dir='ltr'>Ripon.</span> 
     </span>
     <span class='ocr_line' id='line_1_140' title="bbox 1307 2293 1530 2332; baseline -0.009 -9"><span class='ocrx_word' id='word_1_1078' title='bbox 1307 2293 1341 2324; x_wconf 93' lang='lat' dir='ltr'>In</span> <span class='ocrx_word' id='word_1_1079' title='bbox 1357 2295 1449 2332; x_wconf 82' lang='lat' dir='ltr'>cujus,</span> <span class='ocrx_word' id='word_1_1080' title='bbox 1468 2295 1530 2325; x_wconf 85' lang='lat' dir='ltr'>&amp;c.</span> 
     </span>
     <span class='ocr_line' id='line_1_141' title="bbox 1345 2331 1561 2373; baseline 0 -11"><span class='ocrx_word' id='word_1_1081' title='bbox 1345 2331 1414 2373; x_wconf 69' lang='lat' dir='ltr'>Dat,</span> <span class='ocrx_word' id='word_1_1082' title='bbox 1431 2341 1460 2363; x_wconf 89' lang='lat' dir='ltr'>ut</span> <span class='ocrx_word' id='word_1_1083' title='bbox 1474 2333 1561 2370; x_wconf 84' lang='lat' dir='ltr'>supra.</span> 
     </span>
    </p>
   </div>
   <div class='ocr_carea' id='block_1_20' title="bbox 1303 2418 1460 2421">
    <p class='ocr_par' dir='ltr' id='par_1_52' title="bbox 1303 2418 1460 2421">
     <span class='ocr_line' id='line_1_142' title="bbox 1303 2418 1460 2421; baseline 0 0"><span class='ocrx_word' id='word_1_1084' title='bbox 1303 2418 1460 2421; x_wconf 95' lang='lat' dir='ltr'> </span> 
     </span>
    </p>
   </div>
   <div class='ocr_carea' id='block_1_21' title="bbox 1269 2465 2334 2554">
    <p class='ocr_par' dir='ltr' id='par_1_53' title="bbox 1269 2465 2334 2554">
     <span class='ocr_line' id='line_1_143' title="bbox 1269 2465 2334 2553; baseline -0.008 -47"><span class='ocrx_word' id='word_1_1085' title='bbox 1269 2472 1373 2506; x_wconf 80' lang='lat' dir='ltr'>Aliud</span> <span class='ocrx_word' id='word_1_1086' title='bbox 1389 2475 1635 2507; x_wconf 80' lang='lat' dir='ltr'>Procuratorium</span> <span class='ocrx_word' id='word_1_1087' title='bbox 1646 2498 1656 2515; x_wconf 86' lang='lat'>‚</span> <span class='ocrx_word' id='word_1_1088' title='bbox 1672 2471 1718 2553; x_wconf 58' lang='grc' dir='ltr'>ΛΞ</span> <span class='ocrx_word' id='word_1_1089' title='bbox 1735 2469 1931 2504; x_wconf 66' lang='grc' dir='ltr'>ιναὲἳαηάιινη</span> <span class='ocrx_word' id='word_1_1090' title='bbox 1937 2470 2031 2517; x_wconf 75' lang='lat' dir='ltr'>ficper</span> <span class='ocrx_word' id='word_1_1091' title='bbox 2046 2465 2234 2516; x_wconf 76' lang='lat' dir='ltr'>Sponfhlibus</span> <span class='ocrx_word' id='word_1_1092' title='bbox 2253 2467 2334 2513; x_wconf 62' lang='lat' dir='ltr'>ejus:</span> 
     </span>
     <span class='ocr_line' id='line_1_144' title="bbox 1717 2523 1919 2554; baseline 0 -2"><span class='ocrx_word' id='word_1_1093' title='bbox 1717 2532 1763 2552; x_wconf 90' lang='lat' dir='ltr'>em</span> <span class='ocrx_word' id='word_1_1094' title='bbox 1785 2523 1919 2554; x_wconf 82' lang='lat' dir='ltr'>Comitis.</span> 
     </span>
    </p>
   </div>
   <div class='ocr_carea' id='block_1_22' title="bbox 1267 2609 2483 3118">
    <p class='ocr_par' dir='ltr' id='par_1_54' title="bbox 1267 2609 2483 2843">
     <span class='ocr_line' id='line_1_145' title="bbox 1339 2609 2483 2685; baseline -0.003 -38"><span class='ocrx_word' id='word_1_1095' title='bbox 1339 2616 1484 2685; x_wconf 66' lang='lat' dir='ltr'>blIiversis,</span> <span class='ocrx_word' id='word_1_1096' title='bbox 1503 2615 1650 2654; x_wconf 86' lang='lat' dir='ltr'>praesentes</span> <span class='ocrx_word' id='word_1_1097' title='bbox 1671 2614 1778 2644; x_wconf 89' lang='lat' dir='ltr'>Literas</span> <span class='ocrx_word' id='word_1_1098' title='bbox 1793 2612 1978 2651; x_wconf 60' lang='lat' dir='ltr'>iinspedhiris,</span> <span class='ocrx_word' id='word_1_1099' title='bbox 1996 2610 2167 2650; x_wconf 85' lang='lat' dir='ltr'>Edwardus,</span> <span class='ocrx_word' id='word_1_1100' title='bbox 2184 2612 2246 2643; x_wconf 71' lang='grc' dir='ltr'>ὅτε.</span> <span class='ocrx_word' id='word_1_1101' title='bbox 2282 2610 2333 2643; x_wconf 88' lang='lat' dir='ltr'>Sa-</span> <span class='ocrx_word' id='word_1_1102' title='bbox 2349 2609 2427 2642; x_wconf 83' lang='lat' dir='ltr'>Ann.</span> <span class='ocrx_word' id='word_1_1103' title='bbox 2439 2612 2483 2649; x_wconf 71' lang='lat' dir='ltr'>D.</span> 
     </span>
     <span class='ocr_line' id='line_1_146' title="bbox 1367 2657 2464 2686; baseline -0.005 -1"><span class='ocrx_word' id='word_1_1104' title='bbox 1367 2664 1455 2686; x_wconf 90' lang='lat' dir='ltr'>utem.</span> <span class='ocrx_word' id='word_1_1105' title='bbox 2377 2657 2410 2679; x_wconf 65' lang='lat'>1⁴</span> <span class='ocrx_word' id='word_1_1106' title='bbox 2458 2674 2464 2680; x_wconf 95' lang='lat'>.</span> 
     </span>
     <span class='ocr_line' id='line_1_147' title="bbox 1307 2658 2454 2730; baseline -0.004 -7"><span class='ocrx_word' id='word_1_1107' title='bbox 1307 2692 1356 2723; x_wconf 87' lang='lat' dir='ltr'>De</span> <span class='ocrx_word' id='word_1_1108' title='bbox 1376 2691 1631 2730; x_wconf 63' lang='lat' dir='ltr'>circumspedtione</span> <span class='ocrx_word' id='word_1_1109' title='bbox 1654 2688 1773 2729; x_wconf 69' lang='lat' dir='ltr'>provida</span> <span class='ocrx_word' id='word_1_1110' title='bbox 1793 2689 1827 2720; x_wconf 70' lang='grc' dir='ltr'>ὅ(</span> <span class='ocrx_word' id='word_1_1111' title='bbox 1847 2688 1977 2720; x_wconf 83' lang='lat' dir='ltr'>fidelitate</span> <span class='ocrx_word' id='word_1_1112' title='bbox 1992 2688 2129 2727; x_wconf 64' lang='lat' dir='ltr'>probata,</span> <span class='ocrx_word' id='word_1_1113' title='bbox 2145 2687 2331 2723; x_wconf 65' lang='lat' dir='ltr'>Dilestorum</span> <span class='ocrx_word' id='word_1_1114' title='bbox 2348 2658 2454 2718; x_wconf 35' lang='grc' dir='ltr'>Αἴξ*</span> 
     </span>
     <span class='ocr_line' id='line_1_148' title="bbox 1267 2725 2425 2767; baseline -0.005 -5"><span class='ocrx_word' id='word_1_1115' title='bbox 1267 2732 1300 2763; x_wconf 92' lang='lat'>&amp;</span> <span class='ocrx_word' id='word_1_1116' title='bbox 1318 2731 1456 2761; x_wconf 90' lang='lat' dir='ltr'>Fidelium</span> <span class='ocrx_word' id='word_1_1117' title='bbox 1469 2730 1652 2767; x_wconf 86' lang='lat' dir='ltr'>nostrorum,</span> <span class='ocrx_word' id='word_1_1118' title='bbox 1671 2728 1844 2759; x_wconf 88' lang='lat' dir='ltr'>Venerabilis</span> <span class='ocrx_word' id='word_1_1119' title='bbox 1857 2727 1961 2765; x_wconf 84' lang='lat' dir='ltr'>Patris,</span> <span class='ocrx_word' id='word_1_1120' title='bbox 1972 2726 2110 2765; x_wconf 88' lang='lat' dir='ltr'>Johannis</span> <span class='ocrx_word' id='word_1_1121' title='bbox 2124 2725 2330 2758; x_wconf 86' lang='lat' dir='ltr'>Cantuariensis</span> <span class='ocrx_word' id='word_1_1122' title='bbox 2348 2730 2376 2754; x_wconf 83' lang='grc' dir='ltr'>Ε.</span> <span class='ocrx_word' id='word_1_1123' title='bbox 2399 2736 2425 2764; x_wconf 90' lang='lat'>3.</span> 
     </span>
     <span class='ocr_line' id='line_1_149' title="bbox 1268 2764 2453 2807; baseline -0.005 -7"><span class='ocrx_word' id='word_1_1124' title='bbox 1268 2770 1500 2807; x_wconf 84' lang='lat' dir='ltr'>Archiepiscopi,</span> <span class='ocrx_word' id='word_1_1125' title='bbox 1517 2770 1603 2800; x_wconf 92' lang='lat' dir='ltr'>totius</span> <span class='ocrx_word' id='word_1_1126' title='bbox 1616 2768 1729 2807; x_wconf 85' lang='lat' dir='ltr'>Angliae</span> <span class='ocrx_word' id='word_1_1127' title='bbox 1740 2766 1884 2802; x_wconf 86' lang='lat' dir='ltr'>Primatis‚</span> <span class='ocrx_word' id='word_1_1128' title='bbox 1903 2766 1937 2796; x_wconf 71' lang='grc' dir='ltr'>ὅτ</span> <span class='ocrx_word' id='word_1_1129' title='bbox 1953 2765 2106 2796; x_wconf 88' lang='lat' dir='ltr'>Willielmi</span> <span class='ocrx_word' id='word_1_1130' title='bbox 2119 2764 2156 2796; x_wconf 90' lang='lat' dir='ltr'>de</span> <span class='ocrx_word' id='word_1_1131' title='bbox 2175 2764 2330 2804; x_wconf 66' lang='lat' dir='ltr'>Cusantia,</span> <span class='ocrx_word' id='word_1_1132' title='bbox 2347 2765 2453 2803; x_wconf 68' lang='lat' dir='ltr'>thidemg</span> 
     </span>
     <span class='ocr_line' id='line_1_150' title="bbox 1269 2803 2333 2843; baseline -0.005 -4"><span class='ocrx_word' id='word_1_1133' title='bbox 1269 2808 1412 2839; x_wconf 89' lang='lat' dir='ltr'>Canonici</span> <span class='ocrx_word' id='word_1_1134' title='bbox 1429 2810 1457 2838; x_wconf 92' lang='lat' dir='ltr'>iri</span> <span class='ocrx_word' id='word_1_1135' title='bbox 1471 2807 1597 2838; x_wconf 71' lang='lat' dir='ltr'>Ecclesia</span> <span class='ocrx_word' id='word_1_1136' title='bbox 1612 2806 1708 2837; x_wconf 71' lang='lat' dir='ltr'>Sanffi</span> <span class='ocrx_word' id='word_1_1137' title='bbox 1722 2805 1852 2835; x_wconf 76' lang='lat' dir='ltr'>Wilfridi</span> <span class='ocrx_word' id='word_1_1138' title='bbox 1867 2804 1987 2843; x_wconf 83' lang='lat' dir='ltr'>Ripon,</span> <span class='ocrx_word' id='word_1_1139' title='bbox 2035 2805 2126 2835; x_wconf 79' lang='lat' dir='ltr'>enarie</span> <span class='ocrx_word' id='word_1_1140' title='bbox 2140 2803 2333 2843; x_wconf 70' lang='lat' dir='ltr'>confidentes,</span> 
     </span>
    </p>

    <p class='ocr_par' dir='ltr' id='par_1_55' title="bbox 1268 2841 2336 3070">
     <span class='ocr_line' id='line_1_151' title="bbox 1307 2841 2335 2887; baseline -0.006 -9"><span class='ocrx_word' id='word_1_1141' title='bbox 1307 2846 1354 2877; x_wconf 85' lang='lat' dir='ltr'>Ad</span> <span class='ocrx_word' id='word_1_1142' title='bbox 1375 2846 1551 2877; x_wconf 62' lang='lat' dir='ltr'>traftandum</span> <span class='ocrx_word' id='word_1_1143' title='bbox 1573 2855 1642 2876; x_wconf 90' lang='lat' dir='ltr'>curn</span> <span class='ocrx_word' id='word_1_1144' title='bbox 1661 2844 1798 2882; x_wconf 88' lang='lat' dir='ltr'>aliquibus</span> <span class='ocrx_word' id='word_1_1145' title='bbox 1817 2843 1977 2874; x_wconf 88' lang='lat' dir='ltr'>Nobilibus</span> <span class='ocrx_word' id='word_1_1146' title='bbox 2019 2852 2035 2873; x_wconf 90' lang='lat' dir='ltr'>e</span> <span class='ocrx_word' id='word_1_1147' title='bbox 2053 2842 2160 2887; x_wconf 86' lang='lat' dir='ltr'>Regno</span> <span class='ocrx_word' id='word_1_1148' title='bbox 2184 2841 2335 2881; x_wconf 84' lang='lat' dir='ltr'>Franciae‚</span> 
     </span>
     <span class='ocr_line' id='line_1_152' title="bbox 1268 2880 2332 2924; baseline -0.005 -8"><span class='ocrx_word' id='word_1_1149' title='bbox 1268 2885 1314 2916; x_wconf 88' lang='lat' dir='ltr'>seu</span> <span class='ocrx_word' id='word_1_1150' title='bbox 1333 2885 1407 2924; x_wconf 84' lang='lat' dir='ltr'>aliis,</span> <span class='ocrx_word' id='word_1_1151' title='bbox 1424 2895 1493 2916; x_wconf 91' lang='lat' dir='ltr'>cum</span> <span class='ocrx_word' id='word_1_1152' title='bbox 1515 2885 1615 2923; x_wconf 90' lang='lat' dir='ltr'>quibus</span> <span class='ocrx_word' id='word_1_1153' title='bbox 1634 2894 1687 2922; x_wconf 86' lang='lat' dir='ltr'>pro</span> <span class='ocrx_word' id='word_1_1154' title='bbox 1710 2885 1821 2913; x_wconf 89' lang='lat' dir='ltr'>honore</span> <span class='ocrx_word' id='word_1_1155' title='bbox 1839 2880 1940 2912; x_wconf 89' lang='lat' dir='ltr'>nostro</span> <span class='ocrx_word' id='word_1_1156' title='bbox 1962 2881 2061 2912; x_wconf 88' lang='lat' dir='ltr'>melius</span> <span class='ocrx_word' id='word_1_1157' title='bbox 2083 2881 2206 2913; x_wconf 86' lang='lat' dir='ltr'>viderint</span> <span class='ocrx_word' id='word_1_1158' title='bbox 2217 2881 2279 2912; x_wconf 85' lang='lat' dir='ltr'>fote</span> <span class='ocrx_word' id='word_1_1159' title='bbox 2291 2881 2332 2911; x_wconf 87' lang='lat' dir='ltr'>fa-</span> 
     </span>
     <span class='ocr_line' id='line_1_153' title="bbox 1271 2918 2336 2962; baseline -0.007 -7"><span class='ocrx_word' id='word_1_1160' title='bbox 1271 2924 1423 2962; x_wconf 88' lang='lat' dir='ltr'>ciendum,</span> <span class='ocrx_word' id='word_1_1161' title='bbox 1442 2923 1487 2954; x_wconf 87' lang='lat' dir='ltr'>seu</span> <span class='ocrx_word' id='word_1_1162' title='bbox 1507 2923 1673 2961; x_wconf 82' lang='lat' dir='ltr'>deputandis</span> <span class='ocrx_word' id='word_1_1163' title='bbox 1695 2922 1731 2952; x_wconf 88' lang='lat' dir='ltr'>ab</span> <span class='ocrx_word' id='word_1_1164' title='bbox 1749 2921 1811 2961; x_wconf 89' lang='lat' dir='ltr'>ipsis</span> <span class='ocrx_word' id='word_1_1165' title='bbox 1832 2920 2009 2959; x_wconf 87' lang='lat' dir='ltr'>Nobilibus,</span> <span class='ocrx_word' id='word_1_1166' title='bbox 2027 2919 2107 2958; x_wconf 90' lang='lat' dir='ltr'>super</span> <span class='ocrx_word' id='word_1_1167' title='bbox 2129 2918 2336 2957; x_wconf 82' lang='lat' dir='ltr'>Matrimonio,</span> 
     </span>
     <span class='ocr_line' id='line_1_154' title="bbox 1270 2957 2335 3002; baseline -0.007 -8"><span class='ocrx_word' id='word_1_1168' title='bbox 1270 2964 1317 2995; x_wconf 89' lang='lat' dir='ltr'>seu</span> <span class='ocrx_word' id='word_1_1169' title='bbox 1345 2962 1523 3002; x_wconf 87' lang='lat' dir='ltr'>Sponsalibus</span> <span class='ocrx_word' id='word_1_1170' title='bbox 1535 2985 1546 3000; x_wconf 88' lang='lat'>,</span> <span class='ocrx_word' id='word_1_1171' title='bbox 1564 2963 1635 2992; x_wconf 89' lang='lat' dir='ltr'>inter</span> <span class='ocrx_word' id='word_1_1172' title='bbox 1651 2961 1814 3000; x_wconf 89' lang='lat' dir='ltr'>Johannem</span> <span class='ocrx_word' id='word_1_1173' title='bbox 1837 2958 1989 2990; x_wconf 88' lang='lat' dir='ltr'>Comitem</span> <span class='ocrx_word' id='word_1_1174' title='bbox 2011 2957 2194 3002; x_wconf 71' lang='lat' dir='ltr'>Cornubiae,</span> <span class='ocrx_word' id='word_1_1175' title='bbox 2219 2957 2335 2988; x_wconf 86' lang='lat' dir='ltr'>Fratem</span> 
     </span>
     <span class='ocr_line' id='line_1_155' title="bbox 1269 2997 2172 3070; baseline -0.009 -38"><span class='ocrx_word' id='word_1_1176' title='bbox 1269 3001 1399 3070; x_wconf 77' lang='lat' dir='ltr'>noIstrum</span> <span class='ocrx_word' id='word_1_1177' title='bbox 1415 3000 1602 3070; x_wconf 43' lang='lat' dir='ltr'>cariffimum,</span> <span class='ocrx_word' id='word_1_1178' title='bbox 1621 2998 1681 3036; x_wconf 55' lang='grc' dir='ltr'>ὡς.</span> <span class='ocrx_word' id='word_1_1179' title='bbox 1690 3005 1771 3037; x_wconf 85' lang='lat' dir='ltr'>prout</span> <span class='ocrx_word' id='word_1_1180' title='bbox 1775 2998 1862 3037; x_wconf 73' lang='lat' dir='ltr'>stapra</span> <span class='ocrx_word' id='word_1_1181' title='bbox 1877 2997 1908 3028; x_wconf 84' lang='lat' dir='ltr'>de</span> <span class='ocrx_word' id='word_1_1182' title='bbox 1921 2999 1993 3027; x_wconf 85' lang='lat' dir='ltr'>Dat.</span> <span class='ocrx_word' id='word_1_1183' title='bbox 2009 3005 2047 3036; x_wconf 87' lang='lat'>30</span> <span class='ocrx_word' id='word_1_1184' title='bbox 2059 2998 2172 3026; x_wconf 71' lang='lat' dir='ltr'>Marta.</span> 
     </span>
    </p>

    <p class='ocr_par' dir='ltr' id='par_1_56' title="bbox 1323 3049 2000 3077">
     <span class='ocr_line' id='line_1_156' title="bbox 1323 3049 2000 3077; baseline -0.001 -7"><span class='ocrx_word' id='word_1_1185' title='bbox 1323 3050 1341 3070; x_wconf 92' lang='lat' dir='ltr'>n</span> <span class='ocrx_word' id='word_1_1186' title='bbox 1356 3050 1392 3070; x_wconf 86' lang='lat' dir='ltr'>cu</span> <span class='ocrx_word' id='word_1_1187' title='bbox 1405 3050 1451 3077; x_wconf 84' lang='lat' dir='ltr'>us,</span> <span class='ocrx_word' id='word_1_1188' title='bbox 1504 3049 1530 3070; x_wconf 92' lang='lat' dir='ltr'>c.</span> <span class='ocrx_word' id='word_1_1189' title='bbox 1998 3066 2000 3069; x_wconf 80' lang='grc'>,</span> 
     </span>
    </p>

    <p class='ocr_par' dir='ltr' id='par_1_57' title="bbox 1346 3051 2023 3118">
     <span class='ocr_line' id='line_1_157' title="bbox 1346 3051 2023 3118; baseline -0.007 -10"><span class='ocrx_word' id='word_1_1190' title='bbox 1346 3051 1415 3110; x_wconf 76' lang='lat' dir='ltr'>Dai.</span> <span class='ocrx_word' id='word_1_1191' title='bbox 1429 3078 1502 3117; x_wconf 86' lang='lat' dir='ltr'>apud</span> <span class='ocrx_word' id='word_1_1192' title='bbox 1515 3076 1737 3118; x_wconf 88' lang='lat' dir='ltr'>Huntyngdon,</span> <span class='ocrx_word' id='word_1_1193' title='bbox 1755 3085 1836 3106; x_wconf 91' lang='lat' dir='ltr'>nono</span> <span class='ocrx_word' id='word_1_1194' title='bbox 1848 3075 1896 3105; x_wconf 91' lang='lat' dir='ltr'>die</span> <span class='ocrx_word' id='word_1_1195' title='bbox 1910 3072 2023 3111; x_wconf 83' lang='lat' dir='ltr'>Aprilis.</span> 
     </span>
    </p>
   </div>
   <div class='ocr_carea' id='block_1_23' title="bbox 1332 3147 2334 3226">
    <p class='ocr_par' dir='ltr' id='par_1_58' title="bbox 1332 3147 2334 3226">
     <span class='ocr_line' id='line_1_158' title="bbox 1332 3147 2334 3188; baseline -0.003 -4"><span class='ocrx_word' id='word_1_1196' title='bbox 1332 3154 1482 3184; x_wconf 83' lang='lat' dir='ltr'>Onfirniles</span> <span class='ocrx_word' id='word_1_1197' title='bbox 1502 3155 1605 3185; x_wconf 83' lang='lat' dir='ltr'>Literae</span> <span class='ocrx_word' id='word_1_1198' title='bbox 1626 3152 1696 3183; x_wconf 84' lang='lat' dir='ltr'>fiunt</span> <span class='ocrx_word' id='word_1_1199' title='bbox 1708 3151 1760 3182; x_wconf 88' lang='lat' dir='ltr'>sub</span> <span class='ocrx_word' id='word_1_1200' title='bbox 1773 3150 1952 3187; x_wconf 79' lang='lat' dir='ltr'>nominibus,</span> <span class='ocrx_word' id='word_1_1201' title='bbox 1970 3148 2143 3180; x_wconf 85' lang='lat' dir='ltr'>Venerabilis</span> <span class='ocrx_word' id='word_1_1202' title='bbox 2156 3147 2265 3188; x_wconf 83' lang='lat' dir='ltr'>Patris,</span> <span class='ocrx_word' id='word_1_1203' title='bbox 2278 3148 2334 3188; x_wconf 87' lang='lat' dir='ltr'>Jo-</span> 
     </span>
     <span class='ocr_line' id='line_1_159' title="bbox 1349 3186 2041 3226; baseline -0.012 -2"><span class='ocrx_word' id='word_1_1204' title='bbox 1349 3193 1448 3223; x_wconf 83' lang='lat' dir='ltr'>bannis</span> <span class='ocrx_word' id='word_1_1205' title='bbox 1463 3191 1666 3223; x_wconf 82' lang='lat' dir='ltr'>Cantuariensis</span> <span class='ocrx_word' id='word_1_1206' title='bbox 1678 3189 1772 3221; x_wconf 67' lang='lat' dir='ltr'>Electi</span> <span class='ocrx_word' id='word_1_1207' title='bbox 1785 3188 1964 3226; x_wconf 84' lang='lat' dir='ltr'>confirmati,</span> <span class='ocrx_word' id='word_1_1208' title='bbox 1981 3186 2041 3222; x_wconf 83' lang='lat' dir='ltr'>&amp;c.</span> 
     </span>
    </p>
   </div>
   <div class='ocr_carea' id='block_1_24' title="bbox 1274 3274 1784 3283">
    <p class='ocr_par' dir='ltr' id='par_1_59' title="bbox 1274 3274 1784 3283">
     <span class='ocr_line' id='line_1_160' title="bbox 1274 3274 1784 3283; baseline 0 0"><span class='ocrx_word' id='word_1_1209' title='bbox 1274 3274 1784 3283; x_wconf 95' lang='lat' dir='ltr'> </span> 
     </span>
    </p>
   </div>
   <div class='ocr_carea' id='block_1_25' title="bbox 1272 3320 2333 3419">
    <p class='ocr_par' dir='ltr' id='par_1_60' title="bbox 1272 3320 2333 3419">
     <span class='ocr_line' id='line_1_161' title="bbox 1272 3320 2333 3370; baseline -0.007 -12"><span class='ocrx_word' id='word_1_1210' title='bbox 1272 3326 1438 3361; x_wconf 77' lang='lat' dir='ltr'>Indenturae</span> <span class='ocrx_word' id='word_1_1211' title='bbox 1456 3324 1546 3370; x_wconf 68' lang='lat' dir='ltr'>fitper</span> <span class='ocrx_word' id='word_1_1212' title='bbox 1561 3321 1742 3370; x_wconf 73' lang='lat' dir='ltr'>quibusdam</span> <span class='ocrx_word' id='word_1_1213' title='bbox 1760 3320 1984 3368; x_wconf 75' lang='lat' dir='ltr'>Diffirfionibus</span> <span class='ocrx_word' id='word_1_1214' title='bbox 1995 3348 2006 3365; x_wconf 90' lang='lat'>,</span> <span class='ocrx_word' id='word_1_1215' title='bbox 2030 3324 2118 3354; x_wconf 85' lang='lat' dir='ltr'>motis</span> <span class='ocrx_word' id='word_1_1216' title='bbox 2135 3323 2213 3353; x_wconf 84' lang='lat' dir='ltr'>inter</span> <span class='ocrx_word' id='word_1_1217' title='bbox 2223 3322 2333 3366; x_wconf 68' lang='lat' dir='ltr'>Regem</span> 
     </span>
     <span class='ocr_line' id='line_1_162' title="bbox 1421 3369 2193 3419; baseline -0.005 -14"><span class='ocrx_word' id='word_1_1218' title='bbox 1421 3376 1458 3411; x_wconf 52' lang='grc' dir='ltr'>(ῤ’</span> <span class='ocrx_word' id='word_1_1219' title='bbox 1479 3371 1739 3419; x_wconf 73' lang='lat' dir='ltr'>Archieptscopum</span> <span class='ocrx_word' id='word_1_1220' title='bbox 1760 3370 1961 3417; x_wconf 67' lang='lat' dir='ltr'>Bnrdegahae,</span> <span class='ocrx_word' id='word_1_1221' title='bbox 1988 3369 2193 3414; x_wconf 83' lang='lat' dir='ltr'>Confirmatio.</span> 
     </span>
    </p>
   </div>
   <div class='ocr_carea' id='block_1_26' title="bbox 1272 3456 1961 3516">
    <p class='ocr_par' dir='ltr' id='par_1_61' title="bbox 1272 3456 1961 3516">
     <span class='ocr_line' id='line_1_163' title="bbox 1272 3456 1961 3516; baseline -0.003 -28"><span class='ocrx_word' id='word_1_1222' title='bbox 1272 3456 1387 3516; x_wconf 77' lang='lat' dir='ltr'>REX</span> <span class='ocrx_word' id='word_1_1223' title='bbox 1406 3457 1569 3496; x_wconf 88' lang='lat' dir='ltr'>Omnibus,</span> <span class='ocrx_word' id='word_1_1224' title='bbox 1586 3458 1621 3488; x_wconf 89' lang='lat' dir='ltr'>ad</span> <span class='ocrx_word' id='word_1_1225' title='bbox 1636 3467 1727 3496; x_wconf 89' lang='lat' dir='ltr'>quos,</span> <span class='ocrx_word' id='word_1_1226' title='bbox 1745 3457 1807 3488; x_wconf 89' lang='lat' dir='ltr'>&amp;c.</span> <span class='ocrx_word' id='word_1_1227' title='bbox 1825 3456 1961 3487; x_wconf 88' lang='lat' dir='ltr'>Salutem.</span> 
     </span>
    </p>
   </div>
   <div class='ocr_carea' id='block_1_27' title="bbox 1364 3487 2329 3558">
    <p class='ocr_par' dir='ltr' id='par_1_62' title="bbox 1364 3487 2329 3558">
     <span class='ocr_line' id='line_1_164' title="bbox 1364 3487 2329 3558; baseline -0.009 -31"><span class='ocrx_word' id='word_1_1228' title='bbox 1364 3495 1622 3527; x_wconf 75' lang='lat' dir='ltr'>INSPEXIMUS</span> <span class='ocrx_word' id='word_1_1229' title='bbox 1644 3503 1845 3534; x_wconf 73' lang='lat' dir='ltr'>QUANDAM</span> <span class='ocrx_word' id='word_1_1230' title='bbox 1864 3489 2206 3526; x_wconf 73' lang='lat' dir='ltr'>INDENTURAMfiJ</span> <span class='ocrx_word' id='word_1_1231' title='bbox 2228 3487 2329 3558; x_wconf 37' lang='lat' dir='ltr'>chag}</span> 
     </span>
     <span class='ocr_line' id='line_1_165' title="bbox 2230 3538 2247 3558; baseline 0 0"><span class='ocrx_word' id='word_1_1232' title='bbox 2230 3538 2247 3558; x_wconf 82' lang='lat' dir='ltr'>u</span> 
     </span>
    </p>
   </div>
   <div class='ocr_carea' id='block_1_28' title="bbox 1270 3516 2479 4069">
    <p class='ocr_par' dir='ltr' id='par_1_63' title="bbox 1270 3516 2479 4069">
     <span class='ocr_line' id='line_1_166' title="bbox 1272 3516 2456 3574; baseline -0.003 -10"><span class='ocrx_word' id='word_1_1233' title='bbox 1272 3536 1372 3572; x_wconf 86' lang='lat' dir='ltr'>quibus</span> <span class='ocrx_word' id='word_1_1234' title='bbox 1388 3534 1613 3565; x_wconf 75' lang='lat' dir='ltr'>Dissensionibus</span> <span class='ocrx_word' id='word_1_1235' title='bbox 1626 3535 1660 3566; x_wconf 91' lang='lat'>&amp;</span> <span class='ocrx_word' id='word_1_1236' title='bbox 1673 3533 1897 3572; x_wconf 88' lang='lat' dir='ltr'>Controversiis,</span> <span class='ocrx_word' id='word_1_1237' title='bbox 1914 3534 2000 3564; x_wconf 88' lang='lat' dir='ltr'>motis</span> <span class='ocrx_word' id='word_1_1238' title='bbox 2014 3533 2043 3562; x_wconf 89' lang='lat' dir='ltr'>in</span> <span class='ocrx_word' id='word_1_1239' title='bbox 2057 3530 2178 3569; x_wconf 80' lang='lat' dir='ltr'>partibus</span> <span class='ocrx_word' id='word_1_1240' title='bbox 2290 3565 2296 3571; x_wconf 89' lang='lat'>.</span> <span class='ocrx_word' id='word_1_1241' title='bbox 2371 3516 2456 3574; x_wconf 73' lang='lat'><em>¹3334</em></span> 
     </span>
     <span class='ocr_line' id='line_1_167' title="bbox 1273 3564 2421 3621; baseline -0.006 -19"><span class='ocrx_word' id='word_1_1242' title='bbox 1273 3574 1432 3611; x_wconf 64' lang='lat' dir='ltr'>Aquitaniae</span> <span class='ocrx_word' id='word_1_1243' title='bbox 1448 3596 1457 3610; x_wconf 90' lang='lat'>,</span> <span class='ocrx_word' id='word_1_1244' title='bbox 1482 3575 1553 3604; x_wconf 89' lang='lat' dir='ltr'>inter</span> <span class='ocrx_word' id='word_1_1245' title='bbox 1575 3573 1644 3604; x_wconf 91' lang='lat' dir='ltr'>Nos</span> <span class='ocrx_word' id='word_1_1246' title='bbox 1665 3572 1699 3603; x_wconf 89' lang='lat'>&amp;</span> <span class='ocrx_word' id='word_1_1247' title='bbox 1714 3596 1723 3609; x_wconf 84' lang='grc'><em>,</em></span> <span class='ocrx_word' id='word_1_1248' title='bbox 1752 3570 2090 3615; x_wconf 26' lang='grc' dir='ltr'>νεηεῐαϋίὶεπιιΡαττεηι</span> <span class='ocrx_word' id='word_1_1249' title='bbox 2108 3580 2193 3589; x_wconf 92' lang='grc'>--</span> <span class='ocrx_word' id='word_1_1250' title='bbox 2207 3564 2328 3596; x_wconf 80' lang='lat' dir='ltr'>Archie-</span> <span class='ocrx_word' id='word_1_1251' title='bbox 2342 3587 2373 3613; x_wconf 77' lang='lat' dir='ltr'>E.</span> <span class='ocrx_word' id='word_1_1252' title='bbox 2395 3594 2421 3621; x_wconf 44' lang='lat'>3-</span> 
     </span>
     <span class='ocr_line' id='line_1_168' title="bbox 1270 3602 2469 3658; baseline 0.007 -18"><span class='ocrx_word' id='word_1_1253' title='bbox 1270 3612 1416 3650; x_wconf 85' lang='lat' dir='ltr'>piscopum</span> <span class='ocrx_word' id='word_1_1254' title='bbox 1431 3611 1617 3651; x_wconf 82' lang='lat' dir='ltr'>Burdegaliae,</span> <span class='ocrx_word' id='word_1_1255' title='bbox 1636 3621 1668 3642; x_wconf 92' lang='lat' dir='ltr'>ac</span> <span class='ocrx_word' id='word_1_1256' title='bbox 1683 3610 1835 3641; x_wconf 86' lang='lat' dir='ltr'>Decanum</span> <span class='ocrx_word' id='word_1_1257' title='bbox 1849 3611 1882 3643; x_wconf 72' lang='grc' dir='ltr'>ὃ(</span> <span class='ocrx_word' id='word_1_1258' title='bbox 1895 3608 2060 3649; x_wconf 76' lang='lat' dir='ltr'>Capitulum</span> <span class='ocrx_word' id='word_1_1259' title='bbox 2073 3602 2210 3635; x_wconf 69' lang='lat' dir='ltr'>Eoelefiae</span> <span class='ocrx_word' id='word_1_1260' title='bbox 2221 3602 2327 3634; x_wconf 65' lang='lat' dir='ltr'>Burde‘</span> <span class='ocrx_word' id='word_1_1261' title='bbox 2343 3621 2469 3658; x_wconf 63' lang='lat' dir='ltr'>VastonS</span> 
     </span>
     <span class='ocr_line' id='line_1_169' title="bbox 1270 3644 2479 3698; baseline 0.007 -18"><span class='ocrx_word' id='word_1_1262' title='bbox 1270 3650 1368 3689; x_wconf 84' lang='lat' dir='ltr'>galiae,</span> <span class='ocrx_word' id='word_1_1263' title='bbox 1386 3650 1489 3680; x_wconf 68' lang='lat' dir='ltr'>factam</span> <span class='ocrx_word' id='word_1_1264' title='bbox 1503 3651 1532 3679; x_wconf 91' lang='lat' dir='ltr'>in</span> <span class='ocrx_word' id='word_1_1265' title='bbox 1546 3650 1609 3681; x_wconf 85' lang='lat' dir='ltr'>haec</span> <span class='ocrx_word' id='word_1_1266' title='bbox 1622 3649 1726 3687; x_wconf 88' lang='lat' dir='ltr'>verba,</span> <span class='ocrx_word' id='word_1_1267' title='bbox 2345 3664 2376 3688; x_wconf 81' lang='grc' dir='ltr'>Ε.</span> <span class='ocrx_word' id='word_1_1268' title='bbox 2401 3670 2428 3698; x_wconf 86' lang='lat'>3.</span> <span class='ocrx_word' id='word_1_1269' title='bbox 2438 3644 2479 3691; x_wconf 63' lang='lat' dir='ltr'>m:</span> 
     </span>
     <span class='ocr_line' id='line_1_170' title="bbox 1308 3707 2393 3764; baseline 0.002 -8"><span class='ocrx_word' id='word_1_1270' title='bbox 1308 3724 1406 3756; x_wconf 72' lang='lat' dir='ltr'>HAEc</span> <span class='ocrx_word' id='word_1_1271' title='bbox 1424 3725 1683 3757; x_wconf 62' lang='lat' dir='ltr'>Iuniana-una</span> <span class='ocrx_word' id='word_1_1272' title='bbox 1704 3731 1935 3756; x_wconf 56' lang='lat' dir='ltr'>Tasris-run</span> <span class='ocrx_word' id='word_1_1273' title='bbox 1960 3719 2058 3759; x_wconf 74' lang='lat' dir='ltr'>qubd,</span> <span class='ocrx_word' id='word_1_1274' title='bbox 2074 3719 2146 3764; x_wconf 68' lang='lat' dir='ltr'>cum</span> <span class='ocrx_word' id='word_1_1275' title='bbox 2167 3716 2330 3762; x_wconf 49' lang='lat' dir='ltr'>Diffissssfios</span> <span class='ocrx_word' id='word_1_1276' title='bbox 2348 3707 2393 3727; x_wconf 64' lang='grc' dir='ltr'>ω’</span> 
     </span>
     <span class='ocr_line' id='line_1_171' title="bbox 1273 3755 2330 3804; baseline -0.006 -10"><span class='ocrx_word' id='word_1_1277' title='bbox 1273 3763 1490 3803; x_wconf 80' lang='lat' dir='ltr'>Controversia,</span> <span class='ocrx_word' id='word_1_1278' title='bbox 1507 3765 1541 3795; x_wconf 89' lang='lat'>&amp;</span> <span class='ocrx_word' id='word_1_1279' title='bbox 1557 3764 1683 3803; x_wconf 85' lang='lat' dir='ltr'>Qerela</span> <span class='ocrx_word' id='word_1_1280' title='bbox 1720 3764 1849 3802; x_wconf 85' lang='lat' dir='ltr'>uaedam,</span> <span class='ocrx_word' id='word_1_1281' title='bbox 1865 3769 1952 3792; x_wconf 86' lang='lat' dir='ltr'>motae</span> <span class='ocrx_word' id='word_1_1282' title='bbox 1964 3758 2053 3804; x_wconf 75' lang='lat' dir='ltr'>essent</span> <span class='ocrx_word' id='word_1_1283' title='bbox 2071 3765 2143 3788; x_wconf 84' lang='lat' dir='ltr'>inter</span> <span class='ocrx_word' id='word_1_1284' title='bbox 2163 3755 2330 3802; x_wconf 78' lang='lat' dir='ltr'>Dominum</span> 
     </span>
     <span class='ocr_line' id='line_1_172' title="bbox 1273 3796 2327 3842; baseline 0.005 -11"><span class='ocrx_word' id='word_1_1285' title='bbox 1273 3802 1402 3832; x_wconf 87' lang='lat' dir='ltr'>nostrum</span> <span class='ocrx_word' id='word_1_1286' title='bbox 1425 3802 1537 3842; x_wconf 85' lang='lat' dir='ltr'>Regem</span> <span class='ocrx_word' id='word_1_1287' title='bbox 1559 3803 1687 3842; x_wconf 85' lang='lat' dir='ltr'>Angliae,</span> <span class='ocrx_word' id='word_1_1288' title='bbox 1739 3812 1822 3832; x_wconf 91' lang='lat' dir='ltr'>ucem</span> <span class='ocrx_word' id='word_1_1289' title='bbox 1844 3800 2022 3841; x_wconf 39' lang='lat' dir='ltr'>Aquitanae,</span> <span class='ocrx_word' id='word_1_1290' title='bbox 2039 3804 2073 3840; x_wconf 58' lang='lat' dir='ltr'>§X</span> <span class='ocrx_word' id='word_1_1291' title='bbox 2093 3803 2171 3833; x_wconf 88' lang='lat' dir='ltr'>parte</span> <span class='ocrx_word' id='word_1_1292' title='bbox 2183 3801 2256 3834; x_wconf 67' lang='lat' dir='ltr'><strong>una&gt;</strong></span> <span class='ocrx_word' id='word_1_1293' title='bbox 2275 3796 2327 3833; x_wconf 69' lang='lat'>&amp;2</span> 
     </span>
     <span class='ocr_line' id='line_1_173' title="bbox 1274 3830 2432 3878; baseline 0.004 -9"><span class='ocrx_word' id='word_1_1294' title='bbox 1274 3841 1292 3858; x_wconf 70' lang='lat'>²¹¹</span> <span class='ocrx_word' id='word_1_1295' title='bbox 1312 3839 1514 3871; x_wconf 87' lang='lat' dir='ltr'>Reverendum</span> <span class='ocrx_word' id='word_1_1296' title='bbox 1536 3840 1648 3872; x_wconf 89' lang='lat' dir='ltr'>Patrem</span> <span class='ocrx_word' id='word_1_1297' title='bbox 1669 3844 1698 3871; x_wconf 91' lang='lat' dir='ltr'>in</span> <span class='ocrx_word' id='word_1_1298' title='bbox 1719 3839 1838 3870; x_wconf 89' lang='lat' dir='ltr'>Christo</span> <span class='ocrx_word' id='word_1_1299' title='bbox 1913 3833 2168 3878; x_wconf 56' lang='lat' dir='ltr'>Arcfflgpiscopum</span> <span class='ocrx_word' id='word_1_1300' title='bbox 2191 3832 2329 3873; x_wconf 64' lang='lat' dir='ltr'>Burdega·</span> <span class='ocrx_word' id='word_1_1301' title='bbox 2347 3830 2363 3847; x_wconf 64' lang='lat'>¹⁸</span> <span class='ocrx_word' id='word_1_1302' title='bbox 2379 3831 2432 3860; x_wconf 71' lang='lat' dir='ltr'>IV·</span> 
     </span>
     <span class='ocr_line' id='line_1_174' title="bbox 1273 3869 2411 3917; baseline 0.004 -9"><span class='ocrx_word' id='word_1_1303' title='bbox 1273 3878 1334 3916; x_wconf 84' lang='lat' dir='ltr'>l&#39;ae,</span> <span class='ocrx_word' id='word_1_1304' title='bbox 1351 3889 1402 3917; x_wconf 87' lang='lat' dir='ltr'>ac,</span> <span class='ocrx_word' id='word_1_1305' title='bbox 1420 3879 1598 3910; x_wconf 87' lang='lat' dir='ltr'>Venerabiles</span> <span class='ocrx_word' id='word_1_1306' title='bbox 1614 3878 1878 3917; x_wconf 80' lang='lat' dir='ltr'>Vir0s‚Decanum</span> <span class='ocrx_word' id='word_1_1307' title='bbox 1891 3876 1925 3906; x_wconf 87' lang='lat'>&amp;</span> <span class='ocrx_word' id='word_1_1308' title='bbox 1941 3872 2105 3916; x_wconf 58' lang='lat' dir='ltr'>Capltulfflss²</span> <span class='ocrx_word' id='word_1_1309' title='bbox 2121 3870 2329 3915; x_wconf 68' lang='lat' dir='ltr'>ECCleslaeBUr‘</span> <span class='ocrx_word' id='word_1_1310' title='bbox 2345 3869 2411 3904; x_wconf 77' lang='lat'><strong>⁶⁰9·</strong></span> 
     </span>
     <span class='ocr_line' id='line_1_175' title="bbox 1273 3909 2330 3956; baseline 0.004 -10"><span class='ocrx_word' id='word_1_1311' title='bbox 1273 3916 1386 3955; x_wconf 88' lang='lat' dir='ltr'>degaliae</span> <span class='ocrx_word' id='word_1_1312' title='bbox 1409 3926 1443 3947; x_wconf 81' lang='lat' dir='ltr'>ex</span> <span class='ocrx_word' id='word_1_1313' title='bbox 1465 3926 1541 3956; x_wconf 86' lang='lat' dir='ltr'>parte</span> <span class='ocrx_word' id='word_1_1314' title='bbox 1562 3918 1663 3956; x_wconf 70' lang='lat' dir='ltr'>altera,</span> <span class='ocrx_word' id='word_1_1315' title='bbox 1677 3919 1757 3954; x_wconf 88' lang='lat' dir='ltr'>super</span> <span class='ocrx_word' id='word_1_1316' title='bbox 1771 3925 1807 3946; x_wconf 90' lang='lat' dir='ltr'>eo</span> <span class='ocrx_word' id='word_1_1317' title='bbox 1821 3913 1901 3952; x_wconf 80' lang='lat' dir='ltr'>quod</span> <span class='ocrx_word' id='word_1_1318' title='bbox 1915 3911 1991 3956; x_wconf 81' lang='lat' dir='ltr'>idem</span> <span class='ocrx_word' id='word_1_1319' title='bbox 2006 3909 2259 3954; x_wconf 53' lang='lat' dir='ltr'>Arcboepiscopm,</span> <span class='ocrx_word' id='word_1_1320' title='bbox 2274 3920 2330 3949; x_wconf 73' lang='grc' dir='ltr'>Ρΐῡ</span> 
     </span>
     <span class='ocr_line' id='line_1_176' title="bbox 1273 3948 2330 3993; baseline 0.004 -9"><span class='ocrx_word' id='word_1_1321' title='bbox 1273 3960 1318 3992; x_wconf 80' lang='lat' dir='ltr'>ie,</span> <span class='ocrx_word' id='word_1_1322' title='bbox 1337 3955 1369 3986; x_wconf 91' lang='lat'>&amp;</span> <span class='ocrx_word' id='word_1_1323' title='bbox 1390 3956 1606 3987; x_wconf 84' lang='lat' dir='ltr'>Successoribus</span> <span class='ocrx_word' id='word_1_1324' title='bbox 1623 3956 1674 3986; x_wconf 89' lang='lat' dir='ltr'>suis</span> <span class='ocrx_word' id='word_1_1325' title='bbox 1699 3954 1832 3985; x_wconf 81' lang='lat' dir='ltr'>Ecclefiae</span> <span class='ocrx_word' id='word_1_1326' title='bbox 1872 3949 2013 3986; x_wconf 62' lang='lat' dir='ltr'>raedxfflss,</span> <span class='ocrx_word' id='word_1_1327' title='bbox 2028 3956 2156 3992; x_wconf 58' lang='lat' dir='ltr'>Wlefata</span> <span class='ocrx_word' id='word_1_1328' title='bbox 2173 3948 2330 3993; x_wconf 73' lang='lat' dir='ltr'>&amp;,Clam²·</span> 
     </span>
     <span class='ocr_line' id='line_1_177' title="bbox 1274 3987 2333 4033; baseline 0.005 -11"><span class='ocrx_word' id='word_1_1329' title='bbox 1274 4002 1370 4031; x_wconf 88' lang='lat' dir='ltr'>verat,</span> <span class='ocrx_word' id='word_1_1330' title='bbox 1387 3995 1420 4025; x_wconf 91' lang='lat'>&amp;</span> <span class='ocrx_word' id='word_1_1331' title='bbox 1435 3994 1469 4024; x_wconf 89' lang='lat' dir='ltr'>ad</span> <span class='ocrx_word' id='word_1_1332' title='bbox 1486 3995 1531 4032; x_wconf 85' lang='lat' dir='ltr'>se,</span> <span class='ocrx_word' id='word_1_1333' title='bbox 1548 4003 1682 4032; x_wconf 87' lang='lat' dir='ltr'>tanquam</span> <span class='ocrx_word' id='word_1_1334' title='bbox 1712 4002 1744 4022; x_wconf 89' lang='lat' dir='ltr'>us</span> <span class='ocrx_word' id='word_1_1335' title='bbox 1758 3991 1828 4022; x_wconf 82' lang='lat' dir='ltr'>Eccl</span> <span class='ocrx_word' id='word_1_1336' title='bbox 1855 3998 1891 4018; x_wconf 91' lang='lat' dir='ltr'>iae</span> <span class='ocrx_word' id='word_1_1337' title='bbox 1900 3987 1955 4018; x_wconf 85' lang='lat' dir='ltr'>suae</span> <span class='ocrx_word' id='word_1_1338' title='bbox 1970 3987 2129 4031; x_wconf 43' lang='lat' dir='ltr'>Draedlssaea,</span> <span class='ocrx_word' id='word_1_1339' title='bbox 2167 3996 2333 4033; x_wconf 50' lang='lat' dir='ltr'>efffllffljeas·</span> 
     </span>
     <span class='ocr_line' id='line_1_178' title="bbox 1750 4024 2335 4069; baseline -0.003 -12"><span class='ocrx_word' id='word_1_1340' title='bbox 1750 4038 1821 4065; x_wconf 81' lang='lat' dir='ltr'>erae,</span> <span class='ocrx_word' id='word_1_1341' title='bbox 1837 4027 1883 4058; x_wconf 86' lang='lat' dir='ltr'>seu</span> <span class='ocrx_word' id='word_1_1342' title='bbox 1896 4024 2046 4065; x_wconf 68' lang='lat' dir='ltr'>Monetae,</span> <span class='ocrx_word' id='word_1_1343' title='bbox 2062 4024 2131 4057; x_wconf 69' lang='lat' dir='ltr'>diesti</span> <span class='ocrx_word' id='word_1_1344' title='bbox 2176 4035 2268 4057; x_wconf 80' lang='lat' dir='ltr'>ouum</span> <span class='ocrx_word' id='word_1_1345' title='bbox 2279 4034 2335 4069; x_wconf 38' lang='lat' dir='ltr'>no·-</span> 
     </span>
    </p>
   </div>
   <div class='ocr_carea' id='block_1_29' title="bbox 1275 4031 2337 4094">
    <p class='ocr_par' dir='ltr' id='par_1_64' title="bbox 1275 4031 2337 4094">
     <span class='ocr_line' id='line_1_179' title="bbox 1275 4031 2337 4094; baseline 0.001 -33"><span class='ocrx_word' id='word_1_1346' title='bbox 1275 4031 1386 4063; x_wconf 66' lang='lat' dir='ltr'>serebat</span> <span class='ocrx_word' id='word_1_1347' title='bbox 1397 4032 1530 4064; x_wconf 83' lang='lat' dir='ltr'>Tertiam</span> <span class='ocrx_word' id='word_1_1348' title='bbox 1545 4031 1659 4063; x_wconf 80' lang='lat' dir='ltr'>Partem</span> <span class='ocrx_word' id='word_1_1349' title='bbox 2287 4062 2337 4094; x_wconf 61' lang='lat' dir='ltr'>stu</span> 
     </span>
    </p>
   </div>
  </div>
 </body>
</html>
