2562 4279
689 211 800 252 ET
885 208 1155 250 ACTA

0 301 74 332 Arin.
85 298 127 328 D.
143 296 261 335 Juribus
278 321 286 332 ,
311 297 533 328 possessionibus
548 321 556 334 ,
583 296 802 327 Hsereditatibus
816 320 825 333 ,
844 296 877 327 ὃς
892 294 1061 325 Honoribus
1076 292 1210 331 Imperii,

24 346 105 377 1337-

2 379 67 406 Edv.
87 386 113 413 3.

18 1702 36 1719 ’ὓ
58 1702 113 1728 iv.

19 1748 87 1775 799·

147 335 264 365 fincerae
278 335 450 367 Dilectionis
464 337 561 365 animo
576 335 787 371 Condolentes,
910 372 914 377 ,
1127 371 1132 375 .

184 373 291 412 Vobis,
310 375 462 413 vestrisque
473 373 660 410 Haeredibus,
681 374 814 410 quamdiu
830 373 995 408 vixerimus,
1013 369 1208 414 nosmetipsos,

147 413 181 443 &
200 411 338 443 Haeredes
358 415 469 443 nostros
486 436 496 450 ,
520 412 749 442 irrevocabilibus
764 434 772 448 ,
797 420 829 440 ac
842 409 1005 452 constanter
1020 407 1209 452 durabilibus,

149 450 307 481 Unionum
330 450 634 481 Confoederationibus
648 474 657 486 ,
684 459 781 480 tenore
797 447 993 490 praesentlum,
1011 445 1159 490 duximus,
1176 447 1210 477 ὃς

148 489 278 520 ducimus
294 489 409 520 firmiter
422 489 604 526 Alligandos,
624 489 657 520 δε
672 490 701 518 in
713 488 791 517 hunc
816 485 936 516 modum
951 484 1112 523 alligamus,
1131 485 1210 516 Vide-

148 528 215 557 licet

188 551 282 605 (Qiiod
306 566 375 597 Nos
389 590 398 603 ,
425 566 459 596 δε
479 565 617 596 Haeredes
637 564 749 600 nostri,
776 561 857 599 Vos,
885 561 919 592 &
933 560 1071 605 Haeredes
1087 561 1211 601 vestros,

150 606 234 635 omni
252 603 349 634 nostrii
369 604 500 634 Potentia
515 627 524 642 ,
549 612 649 634 contra
671 600 838 639 praediCtum
853 599 1036 644 Philippum,
1052 601 1168 644 suosque
1183 603 1212 630 in

154 642 264 680 Regno
285 642 467 672 Successor-es
483 665 492 680 ,
508 641 680 677 caeterosque
693 638 800 669 vestros
814 639 848 669 ὃς
863 638 978 675 Imperii
992 637 1143 675 Inimicos,
1163 649 1213 682 ve-

153 680 207 710 stra
228 681 262 710 δε
284 679 400 718 Imperii
417 681 484 719 Jura
500 705 509 719 ,
528 680 587 710 Res
599 703 608 716 ,
627 680 660 709 δε
676 677 830 716 Honores,
849 686 1092 719 praeoccupantes,
1111 678 1156 707 vel
1171 688 1213 706 iri-

154 719 251 749 debite
265 719 435 757 detinentes,
455 729 507 757 pro
523 717 737 754 Adquiritione,
756 715 1002 754 Recuperatione,
1022 715 1215 753 Detensione,

152 757 187 787 &
213 755 457 795 Confer-vatione,
490 756 661 787 cun&orum
690 752 852 784 vestrorum
871 755 983 792 jurium
998 777 1008 792 ‚
1033 754 1215 798 Honorum,

151 794 363 827 Haereditaturn
379 821 388 834 ,
414 794 623 826 Posseffionurn
639 816 649 831 ,
673 791 786 822 Rerum
799 816 808 830 ,
829 793 862 824 ὃς
879 793 1069 831 Qerelarum
1083 792 1215 831 Imperii,

152 835 330 873 juvabimus,
634 871 639 875 η
854 870 859 875 θ
992 870 996 875 .

190 871 228 903 Et
245 873 342 911 vobis,
363 870 491 910 quando,
509 871 543 901 &
560 878 707 908 quotienS,
726 869 911 899 necessarium
926 870 1026 907 fuerit,
1045 871 1078 901 δε
1091 869 1160 900 Nos
1173 880 1217 901 re-

152 911 300 949 quisieritis
314 936 323 949 ,
347 911 391 941 seu
416 919 464 946 per
481 918 574 939 certos
595 908 703 939 vestros
723 908 842 939 feceritis
863 910 966 946 requiri
981 907 1216 947 Commissarios,

157 949 336 980 infallibiliter
349 947 520 985 assistemus,
850 987 855 991 ῃ

194 987 230 1018 N
233 998 266 1018 ec
277 988 306 1017 in
319 987 440 1024 aliquem
455 985 617 1024 Eventum,
633 986 678 1016 seu
695 995 810 1024 propter
822 985 943 1024 aliquam
958 984 1078 1016 Causam
1102 993 1219 1025 praeter-

158 1027 229 1057 itam
257 1025 303 1056 vel
330 1025 451 1055 futuram
464 1048 474 1063 ,
502 1034 571 1055 cum
592 1024 691 1055 vestris
706 1047 714 1062 ,
739 1033 785 1055 aut
805 1024 965 1054 vestrorum
986 1024 1073 1055 Haere
1095 1036 1144 1056 um
1159 1049 1168 1063 ,
1186 1026 1219 1055 &

157 1062 359 1096 Succefforum
379 1086 389 1102 ,
410 1063 536 1094 inimicis
549 1087 558 1101 ,
588 1063 804 1094 Adversantibus
826 1065 909 1102 (quos
930 1062 979 1093 sub
1002 1063 1093 1101 aliquzi
1113 1063 1219 1094 Mundi

156 1111 236 1141 parte
250 1111 327 1132 nunc
340 1102 464 1140 habetis,
480 1103 524 1133 seu
541 1101 619 1139 Vos,
638 1111 685 1132 aut
700 1101 836 1132 Haeredes
858 1101 966 1131 vestros
979 1124 989 1140 ,
1009 1102 1111 1132 habere
1125 1104 1220 1132 conti-

156 1141 229 1180 gerit
246 1141 275 1169 in
289 1140 427 1177 futurum)
442 1141 592 1179 faciemus,
611 1141 657 1170 seu
673 1140 854 1177 habebimus,
873 1140 986 1177 haberi,
1004 1140 1050 1170 seu
1064 1140 1139 1178 fieri,
1158 1151 1221 1178 per—

158 1180 323 1216 mittemus,
342 1180 505 1216 Amicitias,
524 1178 1046 1217 Dilectiones,Tollerantias,Pacem
1063 1179 1222 1209 siveTreu-

159 1227 226 1255 gas,
245 1217 296 1246 nili
314 1218 415 1254 vestri,
433 1228 479 1249 aut
494 1218 654 1249 vestrorum
669 1217 890 1254 Succefforum,
909 1216 1121 1247 autHaeredum
1139 1219 1223 1255 (quos

158 1255 224 1293 post
245 1255 373 1287 vestrum
396 1256 556 1287 Decessiirn
575 1256 778 1294 relinqueretis)
800 1255 883 1285 adid
897 1254 989 1286 Scitus
1009 1256 1042 1286 ὃς
1065 1255 1222 1286 Consensus

158 1294 305 1325 accesserit
319 1296 429 1333 paritiei·
443 1296 476 1327 ὃ(
493 1295 638 1327 Voluntas.

198 1372 231 1401 In
248 1381 374 1410 quorum
388 1373 520 1402 omniurn
533 1371 768 1409 Testimonium,
789 1373 823 1402 ὃ(
836 1371 946 1401 roboris
961 1371 1120 1401 firmitatem
1131 1397 1139 1408 ,
1153 1382 1224 1410 prae-

162 1411 251 1442 sentes
266 1411 421 1449 conscribi,
439 1411 472 1442 δε
487 1409 586 1440 nostro
597 1410 698 1448 Sigillo
714 1410 808 1449 Regio
819 1409 948 1448 jussimus
967 1412 1148 1441 communiri.

201 1487 271 1518 Dat.
290 1488 363 1532 apud
378 1487 421 1517 W
425 1486 687 1525 estmonasterium,
705 1486 842 1518 vicefimo
857 1487 932 1530 sexto
953 1486 998 1517 die
1013 1487 1146 1531 Augusti,
1167 1487 1228 1516 An-

165 1536 205 1556 no
220 1526 346 1557 Domini
361 1526 526 1566 Milesimo,
544 1525 777 1564 Trecentesimo,
795 1525 960 1557 Tricelirno
979 1526 1126 1565 Septimo,
1145 1525 1228 1564 Reg-

165 1567 237 1596 vero
251 1565 341 1596 nostri
356 1564 520 1596 undecimo.

168 1689 188 1710 ²*
212 1691 271 1725 Ad
288 1694 502 1738 Imperatorem
519 1719 529 1734 ,
574 1704 644 1738 uper
662 1695 745 1739 Papa
765 1691 918 1734 adeundo,
944 1695 980 1729 ὠ
1001 1692 1213 1726 reconciliando
1224 1706 1234 1731 ,-

264 1744 300 1779 θ’
323 1740 360 1773 de
380 1743 529 1774 Trecentis
548 1739 697 1774 Millibus
717 1741 910 1773 Florenorum
923 1740 1135 1786 persblvendis.

15 1843 97 1875 Ann-
115 1844 156 1874 D·
174 1826 387 1889 SEreniffirno
403 1825 547 1863 principi,
564 1823 623 1859 &a
642 1822 783 1863 utfitpra,
803 1823 973 1862 Edwardus,
991 1822 1051 1858 &a
1071 1836 1141 1856 curn
1153 1827 1233 1857 debi-

54 1892 142 1923 1337-

22 1926 75 1949 An.
97 1932 138 1950 ii.

20 1965 51 1987 E.
74 1973 87 1997 3
94 1983 99 1988 .

21 1998 129 2028 ibidem.

38 3700 115 3731 Ann.
127 3699 168 3730 D.

38 3749 80 3806 A}
85 3748 99 3805 .3
105 3747 157 3805 3171.

38 3820 69 3844 E.
92 3825 117 3852 3.

38 3854 158 3882 Alcman.

44 3897 125 3920 11.E.
145 3902 157 3929 3

39 3939 76 3960 m.
91 3939 120 3966 5.

233 1874 269 1896 tae
290 1865 460 1900 sinceraeque
481 1863 654 1894 Dilectionis
676 1862 834 1893 constantia
849 1885 858 1900 ,
873 1871 1041 1901 promptum
1056 1865 1085 1894 in
1097 1867 1234 1897 omnibus

169 1902 365 1942 complacendi
378 1902 525 1932 affestum.
836 1939 840 1944 ⁵
996 1941 1000 1946 ³

210 1943 287 1980 Qia
308 1941 408 1973 vestrae
427 1940 606 1971 Celsitudinis
625 1940 758 1971 decorata
779 1938 911 1981 Majestas
929 1939 1048 1970 Curiam
1067 1941 1234 1974 Romanam

172 1981 308 2011 accedere
322 2005 332 2018 ,
357 1979 465 2017 nosque
485 1979 636 2009 vobiscum
655 1978 760 2008 habere
776 2000 785 2015 ,
808 1978 922 2008 astestat
943 1988 996 2016 pro
1014 1978 1235 2013 Reformatione

170 2020 281 2056 vestra,
300 2018 372 2056 apud
388 2018 554 2048 Dominum
568 2017 698 2047 nostrum
712 2016 866 2046 Summum
878 2016 1050 2059 Pontificem
1059 2041 1068 2055 ,
1081 2020 1115 2050 &
1126 2020 1234 2050 dictam

170 2057 290 2088 Curiam
313 2062 411 2094 (quam
433 2056 524 2095 longis
545 2055 692 2085 retroactis
704 2055 879 2092 temporibus
895 2055 1081 2095 deiiderastis,
1096 2058 1129 2088 ὃς
1142 2059 1235 2091 adhuc

168 2098 298 2136 optinere
312 2095 422 2134 cupitis)
442 2094 634 2132 impetranda,
763 2132 768 2137 ι
813 2132 819 2137 ·
849 2133 854 2137 .

205 2134 347 2171 Nosque,
367 2143 417 2171 pei·
432 2133 533 2164 vestras
547 2133 653 2162 Literas
664 2155 674 2170 ,
692 2131 867 2169 requisiVistis
884 2140 914 2162 ut
926 2155 936 2170 ,
959 2134 1043 2163 certis
1055 2133 1114 2164 Die
1128 2136 1161 2166 δε
1175 2135 1237 2166 Lo-

167 2184 224 2211 co,
242 2172 392 2203 vobiscum
406 2172 564 2203 convenire
579 2170 730 2201 debeamus
740 2193 750 2209 ,
767 2169 803 2200 ad
819 2171 983 2202 habendum
999 2171 1187 2211 Colloquium
1201 2175 1238 2207 de

167 2211 329 2280 praffi'niffis,

241 2260 272 2280 os

204 2274 290 2319 Tam'
301 2297 334 2318 ex
348 2289 456 2318 ratione
473 2287 643 2326 Affinitatis,
662 2287 752 2326 quam
767 2286 968 2317 Amicitiarum
984 2312 994 2326 ,
1014 2289 1116 2326 quibus
1131 2289 1240 2322 adinvi-

167 2337 235 2358 cem
250 2327 430 2364 astringimur
447 2328 480 2357 &
497 2327 630 2366 ligamur,

205 2365 394 2396 Consideratis
420 2365 570 2396 Locorum
592 2364 749 2402 distantiis,
775 2363 997 2404 sumptuumque
1020 2367 1152 2397 oneribus
1176 2378 1240 2406 quae

168 2406 341 2436 incumbunt
356 2404 389 2434 ὅ(
406 2405 546 2442 pertinent
561 2404 595 2434 ad
609 2402 749 2441 praerniffa
760 2425 771 2442 ,

209 2442 245 2473 N
248 2453 281 2472 ec
294 2452 354 2472 non
369 2444 448 2480 quia,

208 2481 309 2511 Nobis
322 2480 356 2510 &
373 2481 492 2519 nostris,
513 2480 591 2521 super
602 2480 753 2512 Violentiis
768 2480 801 2510 δε
816 2478 925 2518 Iniuriis
939 2503 948 2519 ,
975 2481 1035 2511 tarn
1057 2491 1106 2521 per
1119 2485 1242 2521 praeteri-

173 2527 218 2550 tos
239 2518 415 2549 Francorum
436 2519 531 2559 Reges
545 2544 555 2557 ,
584 2520 672 2557 quam
695 2528 745 2556 per
765 2518 930 2556 Philippum
946 2542 955 2557 ,
981 2530 1057 2550 nunc
1080 2521 1242 2560 proRege

175 2558 302 2588 Franciae
317 2556 344 2586 se
358 2565 518 2596 gerentem,
537 2557 769 2588 Antecessoribus
784 2557 904 2595 nostris,
923 2557 1051 2597 Regibus
1061 2559 1189 2600 Angliae,
1208 2561 1242 2591 &

175 2597 280 2635 nobis,
299 2595 490 2634 multipliciter
504 2596 584 2626 facus
597 2597 631 2627 &
648 2596 741 2634 illatis,
759 2596 919 2626 cordialiter
931 2597 1133 2636 condolendo,

216 2634 315 2664 Nobis
331 2657 340 2671 ,
366 2644 434 2665 cum
459 2634 583 2664 Duobus
606 2634 727 2665 Milibus
750 2633 934 2665 Armatorum
957 2634 1162 2675 Galeatorum,
1182 2638 1242 2668 tam

177 2672 348 2713 Magnarum
365 2696 375 2712 ,
400 2674 487 2711 quam
508 2673 629 2703 aliorum
646 2695 656 2710 ,
680 2672 761 2709 super
780 2672 883 2702 instans
906 2672 1022 2715 Festum
1033 2674 1108 2705 beati
1120 2675 1243 2707 Andreae

175 2711 328 2750 Apostoli,
348 2713 444 2742 venire
458 2713 487 2741 in
508 2711 654 2742 Auxilium
670 2710 848 2754 personaliter
863 2711 1041 2751 promisistis,
1046 2713 1125 2751 juxta
1138 2715 1243 2746 vestra-

175 2760 240 2780 rum
277 2761 344 2787 quas
359 2751 512 2787 habemus,
529 2750 735 2780 continentiam
751 2749 926 2788 Luerarum,

214 2772 355 2856 Ngajestati
368 2788 470 2819 vestrze
483 2797 518 2818 ex
532 2795 609 2818 certa
622 2787 749 2818 Serenus
766 2788 963 2825 promittimus
975 2812 985 2828 ,
1008 2799 1058 2827 per
1078 2790 1243 2831 praesentes,

196 2837 235 2856 uo

173 2836 195 2864 q
213 2850 310 2895 Ut’eo
320 2864 430 2903 ,didios
447 2863 568 2894 Gressus
582 2863 691 2895 vestros
704 2863 739 2894 ad
755 2863 934 2902 Curiam‚&
948 2865 1059 2897 dictum
1074 2868 1157 2899 nobis
1170 2878 1243 2906 prae-

175 2901 309 2933 standum
323 2904 467 2934 Auxilium
476 2925 486 2941 ,
504 2902 691 2932 commodius
705 2902 739 2933 &
755 2902 906 2940 perfectius
918 2903 1012 2935 facere
1024 2906 1150 2945 valeatis,

214 2940 305 2971 Vobis
320 2965 330 2979 ,
356 2949 403 2972 aut
423 2941 520 2972 vestris
537 2941 566 2970 in
586 2940 640 2971 hac
664 2949 741 2980 parte
754 2940 980 2981 Commissariis,
998 2945 1028 2973 in
1043 2944 1129 2975 Festo
1148 2945 1244 2976 Sanc'ti

175 2978 328 3010 Michaelis
348 2981 481 3018 proximo
496 3002 506 3017 ,
534 2979 642 3009 Tribus
656 2979 774 3010 Vicibus
786 3002 797 3018 ,
815 2977 943 3011 Centum
957 2981 1042 3013 Milia
1055 2983 1243 3016 Florenorum

177 3017 250 3048 Auri
267 3018 303 3048 de
321 3017 481 3056 Florentia,

213 3055 253 3086 Et
266 3056 395 3087 Centum
410 3056 493 3086 Milia
527 3056 718 3087 consimilium
734 3055 940 3095 Florenorum,
958 3058 987 3088 in
1006 3058 1092 3090 Festo
1107 3059 1243 3092 Purifica-

178 3094 262 3124 tionis
276 3094 368 3126 Beatae
384 3093 487 3125 Mariae
499 3080 625 3132 ’Virfrinis
639 3094 834 3132 subsequenti,
852 3103 887 3124 ex
900 3095 959 3139 alia·
971 3106 1049 3133 parte
1070 3098 1159 3129 Maris
1172 3124 1181 3137 ,
1199 3102 1244 3131 vi-

177 3132 298 3171 delicet,
317 3135 344 3162 in
360 3133 530 3171 Dordraco,
558 3133 618 3164 olvi
631 3134 664 3163 ὃς
681 3133 854 3175 praesentari,
871 3133 961 3164 nostri
974 3143 1008 3165 ex
1020 3146 1115 3175 parte,
1133 3138 1244 3169 subno-

179 3169 241 3201 stris
259 3171 436 3210 Laboribus,
455 3171 607 3210 Periculis,
627 3172 660 3202 ὅτ
674 3171 824 3210 Expenlis,
842 3171 1070 3204 certitudinaliter
1083 3175 1226 3206 faciemus.

216 3208 267 3239 De
283 3220 406 3247 quorum
431 3210 586 3241 Medietate
607 3211 636 3239 in
659 3209 741 3240 Auro
755 3232 765 3248 ,
790 3212 918 3249 Argento
933 3234 943 3250 ,
959 3212 1006 3242 vel
1020 3212 1133 3244 Groffis
1147 3214 1245 3245 Turo-

178 3247 326 3285 nensibus,
345 3247 469 3286 Reliqua
490 3258 559 3279 vero
582 3248 740 3278 Medietate
761 3250 792 3278 in
813 3248 894 3278 Auro
908 3273 918 3287 ,
937 3250 1086 3290 Argento,
1105 3253 1153 3283 vel
1168 3253 1245 3284 Ster-

178 3285 262 3353 Engis
278 3285 369 3323 (quod
385 3285 491 3317 nostrae
507 3287 637 3317 relidium
651 3287 693 3317 est
704 3286 840 3325 Optioni)
856 3287 1011 3320 satisfacere
1035 3291 1195 3322 tenebimur
1210 3293 1244 3324 ὃς

201 3333 216 3353 e
239 3333 333 3354 emus:

217 3361 303 3391 Salvo
319 3362 402 3392 nobis
416 3362 496 3400 quod
510 3362 586 3401 Vos,
605 3363 638 3393 &
652 3362 792 3393 Haeredes
807 3364 911 3403 vestri,
930 3365 1047 3404 Nobis,
1067 3369 1100 3399 δε
1113 3368 1246 3400 Haeredi-

179 3400 233 3430 bus
246 3399 363 3438 nostris,
381 3402 477 3431 omnia
492 3401 525 3431 ὃς
538 3401 659 3440 singula,
679 3402 715 3431 de
735 3402 837 3444 quibus
850 3403 953 3434 vestrae
973 3404 1153 3437 Cellitudinis
1166 3408 1245 3440 Lite-

178 3448 220 3469 ras
238 3438 374 3468 habemus
383 3462 392 3476 ,
409 3438 532 3469 debeatis
546 3439 681 3476 perficere
695 3440 729 3471 &
743 3439 897 3471 efficaciter
912 3442 1069 3475 observare.

215 3476 250 3507 In
264 3487 401 3518 quorum,
419 3476 479 3511 ὠς.
495 3484 526 3506 ut
534 3477 629 3516 fitpra.

328 3608 386 3638 Pro
406 3606 518 3637 Comite
536 3604 659 3652 Loffi’nfi
671 3604 707 3638 de
728 3609 859 3639 Pecunia
864 3605 925 3651 fibi
935 3581 1093 3653 jblvenda.

186 3690 304 3746 REX
332 3689 498 3735 Uni-versis,
518 3688 664 3732 praesentes
678 3690 783 3739 Literas
795 3692 974 3732 inspeffirris,
988 3694 1122 3726 Salutem.

284 3729 412 3759 Noverit
429 3729 601 3759 Univerlitas
612 3727 703 3758 vestra
716 3729 814 3768 quod,

223 3767 316 3806 Qia,
332 3767 486 3805 spectabilis
500 3765 554 3796 Vir
569 3789 579 3804 ,
598 3766 746 3797 Dominus
758 3768 957 3802 Theodericus
973 3793 983 3809 ,
999 3770 1108 3802 Comes
1124 3772 1246 3804 Loffen-

185 3802 218 3833 fis
233 3807 266 3836 &
279 3806 486 3843 Hensebergli,
504 3806 537 3835 &
553 3805 590 3835 de
606 3804 824 3843 Blatikenbergh
839 3807 1001 3846 Dominus,
1021 3810 1155 3847 quamdiu
1168 3813 1247 3844 vixe-

185 3842 238 3880 rit,
253 3853 321 3874 cum
335 3843 476 3875 Ducentis
492 3843 565 3874 Viris
580 3843 700 3875 Armatis
714 3843 836 3876 Galeatis
849 3869 860 3884 ,
885 3848 968 3877 nobis
984 3869 994 3885 ,
1012 3847 1082 3878 dum
1097 3849 1187 3885 ipsum
1203 3861 1247 3881 re-

165 3914 172 3920 ·
187 3881 344 3919 quiremus,
362 3883 407 3913 seu
422 3883 525 3920 requiri
540 3881 674 3912 faciemus
684 3904 692 3920 ,
702 3891 802 3912 contra
816 3883 927 3914 nostros
941 3884 1121 3917 Inimicos&
1137 3887 1246 3920 AEmu—

186 3918 246 3957 los,
264 3930 317 3956 pto
330 3921 562 3959 Recuperatione
576 3920 741 3951 nostrorum
753 3920 884 3960 Jurium,
903 3923 1120 3962 nostrarumque
1143 3926 1246 3958 Haere-

185 3955 319 4026 Pitaium,
337 3959 369 3990 &
389 3970 442 3998 pro
463 3958 688 3991 Conservatione
710 3960 877 3990 eorumdem
894 3983 903 3999 ,
929 3962 1057 3998 promisit
1077 3963 1198 3996 assistere
1210 3968 1244 3998 &

197 4004 286 4026 ervire

223 4019 303 4067 ‚Nos'
312 4033 405 4064 eidem
426 4035 539 4066 Comiti
562 4036 754 4073 promittimus
768 4059 777 4075 ,
802 4046 850 4078 per
874 4037 1021 4074 praesentes
1035 4061 1043 4075 ,
1064 4040 1145 4076 quod
1158 4041 1246 4082 Nos,

184 4080 232 4101 aut
246 4071 382 4102 Haeredes
395 4074 500 4111 nostri,
519 4074 598 4105 dic‘to
612 4074 739 4112 Comiti,
758 4084 804 4105 aitt
825 4076 876 4104 iuis
898 4074 1107 4107 Comniiffariis
1122 4102 1131 4117 ,
1155 4080 1246 4111 solve-

183 4110 482 4181 ωὲιέἵέεᾶεἱίδίτηῗῗῐ
508 4112 633 4147 Duobus
653 4113 809 4153 subscriptis
824 4114 990 4154 Terminis,
1008 4113 1143 4155 Triginta
1157 4117 1245 4153 Milia

1243 207 1727 253 PUBLICA.
2232 216 2315 267 185

1247 291 1437 325 Florenorum
1453 295 1542 334 Auri,
1561 297 1704 328 bonorum
1716 297 1753 329 de
1768 297 1929 339 Florentia,
1944 307 1990 330 aut
2005 299 2075 331 solvi
2093 300 2244 338 faciemus,
2261 301 2306 332 vi-
2328 301 2402 332 Ann.
2412 301 2454 332 D.

1249 331 1350 361 delicet
1359 355 1368 370 ,

2353 349 2437 380 1337-

1290 369 1468 406 Qiindecim
1483 371 1565 402 Milia
1581 374 1609 403 in
1624 373 1708 405 Festo
1723 375 1819 406 Sancti
1835 375 1985 407 Michaelis
2003 378 2139 415 proximo
2163 386 2241 408 nunc
2261 376 2307 408 fu-
2327 381 2392 408 Edv.
2415 390 2442 419 3.

1251 414 1315 437 turo
1331 409 1358 436 in
1376 407 1528 440 Dordraco
1534 433 1543 447 ,

1275 485 1279 489 Ι
1289 444 1410 490 Reliqua
1424 451 1494 478 vero
1510 449 1686 488 Qindecim
1695 450 1777 481 Milia
1788 453 1816 481 in
1825 452 1910 483 Festo
1922 453 2049 492 gloriosae
2055 453 2180 490 Virginis
2189 452 2307 492 Mariae,

1252 485 1372 514 Vicimus
1391 485 1564 527 subsequenti
1579 511 1589 525 ,
1611 488 1678 518 loco
1697 491 1726 519 in
1747 490 1849 520 eodem
1863 515 1874 529 ,
1896 493 1942 523 vel
1958 492 2020 522 alias
2033 493 2082 522 ubi
2095 492 2184 522 dictus
2196 492 2308 523 Comes

1253 521 1436 553 commodius
1450 527 1552 561 poterit
1566 527 1695 556 inveniri.

1293 560 1336 605 Et·
1345 562 1424 599 quod
1438 564 1472 592 ab
1487 566 1568 593 omni
1583 563 1759 602 Captivitatis
1773 566 1889 604 Onere,
1908 567 1986 605 quod
2007 568 2098 598 dictus
2118 567 2245 607 Comes,
2263 576 2310 598 aut

1254 598 1307 635 sui,
1329 609 1358 628 in
1373 599 1524 639 Obsequiis
1538 602 1640 632 nostris
1652 604 1816 642 inciderint,
1834 605 1902 636 Nos
1918 606 2009 644 ipsum
2019 605 2224 645 Comitem,&
2238 607 2310 646 suOS,

1253 637 1391 668 debemus
1405 638 1526 670 relevare
1542 641 1661 671 Liberos
1672 642 1705 672 &
1718 641 1888 681 Indempnes
1900 654 1905 673 :

1293 675 1330 705 Et
1343 686 1396 714 pro
1411 687 1447 707 eo
1461 679 1601 709 universos
1614 677 1767 718 Captivos,
1787 691 1857 719 quos
1873 683 1892 701 ²¹*
1907 681 1999 712 dietus
2007 682 2134 722 Comes,
2151 692 2197 714 aut
2210 683 2249 714 sui
2263 693 2314 714 ce-
2333 696 2349 712 ι
2367 697 2421 723 lv·

1257 716 1349 756 perint
1365 738 1374 753 ,
1400 716 1482 746 nobis
1494 740 1502 754 ,
1526 725 1572 747 aut
1594 717 1695 748 nostris
1718 717 1943 758 Commissariis,
1959 720 2036 752 idern
2052 720 2162 753 Comes
2174 723 2313 753 tenebitur
2335 734 2400 762 300,

1256 756 1428 790 praelentare.

1298 790 1347 822 Dc
1360 791 1516 830 perditione
1530 795 1602 824 vero
1614 792 1764 832 Equorum
1775 819 1785 834 ,
1803 806 1852 834 per
1866 796 1976 827 dietum
1991 796 2141 830 Comitem
2150 821 2160 837 ,
2177 807 2225 830 aut
2237 799 2316 838 suos,

1258 830 1288 859 in
1302 832 1405 861 auxilio
1420 832 1519 862 nostro
1529 831 1687 863 sustinenda
1703 833 1802 872 (Equis
1817 844 1913 864 tamen
1928 834 2092 875 Curruum,
2110 837 2315 876 Carrucarum,

1257 868 1291 899 &
1313 869 1517 900 Consimilibus
1538 872 1670 908 exceptis)
1692 872 1786 902 eidem
1805 872 1917 903 Comiti
1933 898 1943 910 ,
1968 874 2001 904 &
2022 875 2090 912 suis,
2108 876 2141 906 ad
2159 877 2268 906 dietum
2281 878 2315 907 &

1260 908 1416 938 Arbitrium
1433 907 1558 939 Domini
1572 909 1728 948 Reynaldi,
1746 910 1889 941 Gelrensis
1908 913 1941 942 ὃς
1963 911 2185 958 Zutplienensis,
2200 917 2234 946 &
2250 915 2318 945 Do-

1261 948 1331 976 mini
1352 946 1502 976 Willielmi
1522 948 1558 977 de
1579 947 1724 988 Clynton,
1742 948 1987 987 Huntingdoniae,
2004 952 2175 991 Comitum,
2194 952 2319 983 Solutio-

1260 995 1328 1014 nem
1342 985 1375 1015 &
1390 984 1613 1016 Restitutionem
1625 987 1758 1017 faciemus
1773 988 1991 1018 condecentem.

1298 1023 1452 1062 Praeterea,
1470 1026 1588 1054 nomine
1603 1025 1758 1063 Stipendii,
1777 1027 1954 1065 Qindecim
1969 1027 1992 1056 F
1994 1026 2122 1066 lorenos,
2139 1030 2220 1059 omni
2230 1028 2319 1059 Men—

1262 1061 1307 1099 se,
1324 1061 1481 1099 supradicto
1504 1062 1616 1093 Comiti
1636 1064 1764 1094 dabimus
1777 1088 1786 1101 ,
1809 1075 1858 1095 aut
1879 1065 1938 1096 dari
1951 1065 2103 1104 faciemus,
2122 1076 2175 1103 pro
2191 1068 2320 1104 quolibet

1262 1099 1407 1138 Galeam3
1453 1100 1614 1131 ui'Menses
1633 1102 1666 1132 δε
1689 1112 1753 1140 quae
1774 1103 1916 1141 Stipendia
1937 1102 2060 1134 Cursum
2074 1105 2154 1134 suum
2167 1107 2322 1144 incipient,

1261 1138 1416 1169 secundum
1474 1138 1644 1170 alendarium
1659 1163 1669 1178 ,
1692 1151 1708 1170 a
1729 1141 1776 1171 die
1791 1166 1800 1179 ,
1843 1141 1877 1172 ua
1891 1167 1901 1180 ,
1919 1151 1953 1172 ex
1969 1152 2045 1180 parte
2060 1142 2156 1173 nostrai
2171 1153 2323 1181 evocatus,

1263 1178 1360 1207 animo
1376 1177 1409 1207 ad
1424 1188 1476 1208 nos
1492 1179 1640 1216 veniendi,
1659 1179 1808 1216 praedietus
1822 1152 1932 1211 &omes
1953 1191 2021 1211 cum
2044 1182 2098 1212 fiais
2120 1181 2240 1212 Armatis
2255 1181 2323 1212 Ho-

1265 1216 1388 1246 minibus
1400 1217 1516 1247 exiverit
1531 1217 1652 1247 Terram
1665 1217 1749 1247 suam.

1303 1253 1341 1285 Et
1363 1255 1382 1284 si
1398 1277 1408 1292 ,
1431 1255 1482 1285 hiis
1495 1256 1642 1292 primitivis
1657 1255 1773 1286 Guerris
1787 1256 1941 1295 expeditis,
1958 1258 2047 1295 ipsum
2061 1258 2098 1288 de
2113 1258 2210 1289 Novo
2223 1259 2258 1289 ad
2272 1269 2327 1290 no-

1265 1292 1354 1323 strum
1369 1303 1536 1324 vocaremus
1551 1294 1712 1332 Auxilium,
1731 1304 1766 1325 ex
1779 1303 1848 1326 tunc
1862 1297 1992 1333 praefatus
2005 1294 2114 1326 Comes
2129 1299 2213 1328 nobis
2227 1299 2326 1330 serviet

1265 1332 1315 1361 sub
1331 1331 1480 1368 Stipendiis
1498 1333 1615 1371 talibus,
1634 1334 1725 1371 qualia
1741 1342 1810 1364 tunc
1827 1335 1962 1372 temporis
1977 1336 2070 1365 caeteri
2088 1334 2226 1375 Domini,
2245 1337 2327 1368 statui

1266 1369 1492 1439 {Scbffionditioni
1510 1371 1636 1402 Comitis
1658 1372 1779 1412 ejusdem
1800 1372 1971 1403 Consimiles
1987 1396 1998 1411 ,
2015 1382 2031 1403 a
2045 1374 2126 1404 nobis
2143 1376 2278 1412 recipient
2293 1375 2327 1406 δε

1276 1419 1301 1438 ia
1324 1420 1338 1439 e
1363 1418 1419 1438 unt.

1305 1446 1377 1516 DaItri
1391 1457 1468 1524 ggiiud
1476 1450 1785 1526 ffessmonasterium,
1799 1489 1934 1519 vicefimo
1948 1488 2026 1519 sexto
2040 1488 2086 1520 die
2100 1488 2221 1528 Augusti
2234 1513 2245 1529 ,
2268 1491 2331 1522 An-

1269 1534 1309 1553 no
1325 1523 1446 1555 Domini
1461 1525 1616 1556 Millesirno
1652 1526 1898 1566 Trescentesimo,
1912 1527 2074 1558 Tricefimo
2089 1528 2226 1567 septimo,
2241 1528 2331 1561 Anno

1270 1561 1368 1601 Regni
1383 1566 1453 1595 vero
1469 1563 1556 1595 nostri
1572 1550 1738 1595 und'eci'mo.

1317 1707 1376 1738 Pro
1395 1707 1526 1740 Domino
1544 1706 1578 1740 de
1602 1706 1806 1789 Vrzlkqnborglh
1825 1707 1861 1741 de
1882 1711 2049 1742 Retinemia
2067 1722 2136 1744 cum
2155 1713 2282 1745 Centum

1733 1759 1780 1790 Ga
1794 1761 1879 1791 eatis.

1277 1842 1331 1895 R
1343 1839 1367 1869 E
1378 1840 1409 1871 X
1435 1840 1583 1873 Universis
1593 1868 1601 1881 ,
1619 1843 1763 1880 praesentes
1779 1842 1886 1874 Literas
1899 1842 2077 1883 inspecturis,
2096 1843 2228 1876 Salutem.

1374 1879 1504 1911 Noverit
1516 1881 1693 1912 Universitas
1707 1881 1797 1912 vestra
1812 1882 1891 1920 quod
1900 1905 1910 1920 ,

1313 1916 1438 1948 Ratione
1450 1919 1600 1951 Fidelitatis
1613 1922 1646 1951 ὃς
1664 1920 1820 1959 Homagii,
1836 1920 1935 1950 Nobis
1950 1930 2017 1959 per,
2033 1921 2176 1952 Nobilem
2191 1922 2340 1954 &Poten-

1275 1961 1331 1984 tem
1347 1956 1467 1994 Virum,
1486 1957 1651 1989 Dominum
1667 1958 1887 1989 Theodoricum
1903 1959 1939 1989 de
1949 1959 2104 2000 Montyoie
2120 1961 2153 1992 &
2167 1961 2203 1992 de
2211 1961 2338 1993 Valken-

1274 1993 1370 2032 borgh
1385 1995 1566 2034 Dominum,
1583 1997 1788 2036 praestitorum,
1806 1998 1838 2028 &
1852 2006 1969 2035 propter
1984 1998 2130 2029 Auxilium
2144 2023 2154 2037 ,
2178 2001 2260 2030 nobis
2273 2011 2342 2039 pro-

1276 2033 1393 2063 missum
1409 2058 1419 2071 ,
1444 2044 1494 2072 per
1521 2036 1692 2071 praedic'tum
1716 2035 1880 2066 Dominum
1910 2037 2129 2067 Theodoricum
2144 2061 2154 2076 ,
2178 2038 2340 2070 faciendum

1277 2080 1347 2100 cum
1365 2071 1491 2102 Centum
1506 2073 1581 2103 Viris
1596 2074 1719 2104 Armatis
1734 2074 1873 2111 Galeatis,
1888 2074 2043 2105 secundum
2066 2077 2272 2107 continentiam
2289 2078 2340 2108 Li-

1277 2115 1399 2178 tserafium
1412 2111 1492 2149 ipsius
1505 2110 1631 2143 Domini
1644 2113 1824 2144 Theodorici
1832 2135 1842 2151 ,
1860 2122 1926 2153 quas
1938 2114 1989 2144 sub
2000 2114 2050 2144 suo
2070 2114 2168 2153 Sigillo
2180 2117 2342 2154 optinemus

1292 2158 1326 2178 101
1348 2159 1402 2180 atas

1300 2172 1468 2226 ‘'Nos‚²aut
1482 2188 1620 2220 Haeredes
1640 2189 1747 2230 nostri,
1765 2189 1894 2220 dabimus
1909 2191 1943 2222 &
1960 2190 2099 2222 solvemus
2113 2191 2193 2223 dieto
2208 2192 2343 2225 Domino

1279 2225 1471 2258 Theoderico
1485 2251 1495 2267 ,
1518 2237 1565 2258 aut
1587 2230 1644 2267 ejus
1665 2230 1738 2260 veris
1762 2228 1888 2260 Nunciis
1902 2252 1912 2267 ,
1943 2229 2077 2267 quamdiu
2098 2230 2173 2261 idem
2195 2230 2344 2263 Dominus

1279 2263 1482 2296 Theodoricus
1498 2268 1577 2298 vivet
1589 2291 1599 2304 ,
1623 2268 1742 2297 nomine
1756 2267 1860 2306 Feodi,
1875 2267 1990 2305 fingulis
2004 2268 2112 2307 Annis,
2133 2270 2213 2308 super
2226 2270 2342 2302 Termi-

1280 2313 1353 2334 num
1372 2303 1487 2334 Paschae
1536 2305 1570 2335 ad
1586 2306 1666 2336 suum
1682 2305 1879 2344 Scaccarium,
1897 2306 1982 2337 Mille
1994 2307 2028 2338 &
2042 2306 2193 2339 Ducentos
2209 2309 2348 2341 Florenos

1281 2342 1368 2381 Auri,
1387 2343 1478 2373 bonos
1491 2327 1526 2374 tie
1538 2343 1695 2382 Florentia,
1711 2345 1871 2382 complete,
1888 2345 1934 2376 vel
1952 2345 2025 2375 aliud
2041 2356 2094 2383 pro
2108 2346 2227 2386 eisdem,
2243 2349 2273 2378 in
2287 2348 2346 2379 Bo-

1281 2382 1324 2411 nis
1338 2380 1482 2421 Sterlingis
1494 2383 1581 2413 bonae
1595 2382 1728 2414 Monetae
1740 2384 1776 2414 de
1791 2383 1914 2422 Augus,
1931 2384 2044 2415 bonum
2057 2385 2091 2416 ὃς
2106 2386 2276 2424 aequivalens
2291 2386 2347 2419 Pa-

1301 2428 1446 2450 amentum

1281 2428 1299 2459 g
1322 2458 1360 2489 Et
1395 2444 1471 2498 uOd',
1489 2460 1519 2489 in
1533 2461 1667 2498 proximo
1683 2460 1779 2491 futuro
1795 2460 1881 2491 Festo
1895 2460 1992 2491 Sanffi
2007 2460 2158 2493 Michaelis
2173 2485 2183 2502 ,
2198 2462 2269 2494 Nos
2302 2471 2350 2495 aut

1283 2495 1374 2527 Haere
1395 2509 1422 2528 es
1437 2498 1543 2536 nostri,
1563 2498 1642 2529 dieto
1656 2498 1790 2529 Domino
1807 2498 2017 2538 Theoderico,
2035 2508 2082 2530 aut
2096 2502 2153 2539 ejus
2167 2503 2249 2532 certis
2258 2489 2349 2533 Nun-

1285 2537 1352 2573 ciis,
1371 2536 1425 2567 Sex
1450 2537 1530 2567 Milia
1552 2537 1743 2568 Florenorum
1769 2536 1902 2568 Monetae
1921 2537 1957 2568 de
1972 2537 2113 2569 Florentia
2127 2539 2286 2579 praedi&ae,
2303 2541 2351 2571 vel

1284 2574 1373 2612 aliud,
1390 2575 1459 2606 sicut
1473 2576 1584 2606 diffitum
1602 2575 1659 2614 est,
1677 2575 1880 2616 Pagarnentum
1893 2577 2063 2615 aequivalens
2081 2578 2112 2608 in
2124 2577 2278 2610 Dordraco
2294 2580 2349 2611 sol-

1285 2614 1315 2642 vi
1332 2613 1482 2650 faciemus,
1501 2615 1533 2645 &
1549 2615 1718 2653 integraliter
1734 2615 1906 2654 praesentari,

1324 2651 1361 2682 Et
1384 2653 1476 2683 adhuc
1496 2653 1546 2682 alia
1564 2653 1619 2683 Sex
1637 2653 1720 2684 Milia
1741 2654 1949 2692 Florenorum,
1968 2653 2101 2685 Monetae
2114 2655 2252 2695 ejusdem,
2269 2656 2350 2688 dicto

1287 2689 1423 2720 Domino
1439 2690 1647 2730 Theodorico,
1663 2701 1710 2722 aut
1725 2693 1781 2730 ejus
1794 2694 1877 2723 certis
1898 2691 2023 2723 Niinciis
2038 2716 2047 2730 ,
2065 2694 2095 2722 in
2110 2696 2243 2731 proximo
2257 2695 2350 2726 subse-

1287 2731 1384 2767 quenti
1408 2729 1493 2760 Festo
1513 2728 1718 2761 Purificationis
1739 2731 1869 2767 gloriofae
1892 2731 2013 2770 Virginis
2037 2730 2154 2770 Mariae,
2170 2732 2299 2764 dabimus
2314 2735 2349 2766 ὃς

1287 2767 1475 2805 persolvemus
1490 2768 1612 2800 similiter
1625 2770 1652 2798 in
1667 2768 1835 2806 Dordraco‚
1854 2769 1898 2800 vel
1911 2770 1957 2800 ubi
1974 2769 2065 2799 dictus
2085 2769 2231 2802 Dominus
2243 2772 2348 2803 Theo-

1286 2806 1416 2850 doricus,
1434 2807 1480 2839 vel
1501 2807 1539 2838 sui
1556 2806 1590 2838 ad
1613 2807 1671 2838 hoc
1693 2806 1887 2839 Commissari'i
1901 2832 1911 2846 ,
1930 2815 1998 2839 tunc
2012 2809 2199 2841 commodius
2212 2820 2348 2850 poterunt

1287 2855 1414 2876 inveniri.

1324 2883 1479 2923 Praeterea,
1497 2885 1616 2915 nomine
1627 2884 1780 2923 Stipendii,
1802 2884 1980 2925 Qindecim
1994 2884 2131 2917 Florenos
2144 2910 2154 2923 ,
2175 2886 2260 2918 dietae
2275 2888 2353 2919 Mo-

1286 2932 1378 2961 netae,
1396 2925 1480 2953 omni
1500 2923 1603 2954 Mense
1621 2924 1692 2955 solvi
1706 2924 1845 2955 faciemus
1858 2924 1976 2963 praefato
1992 2922 2125 2956 Domino
2140 2925 2351 2966 Theodorico,

1285 2971 1339 2999 pro
1353 2963 1480 3000 quolibet
1493 2961 1623 2993 Galeato.

1323 2999 1441 3037 Quibus
1459 2999 1608 3038 Stipendiis
1628 3000 1647 3031 fi
1669 3001 1760 3032 dictus
1781 3000 1928 3034 Dominus
1942 3004 2148 3035 Theodoricus
2162 3003 2273 3035 tranfire
2287 3013 2347 3033 non

1287 3039 1398 3077 posset,
1416 3038 1482 3069 Nos
1497 3040 1548 3068 sibi
1561 3040 1704 3077 Stipendia
1716 3040 1878 3078 hujusmodi
1893 3065 1903 3081 ,
1917 3043 1994 3080 juxta
2016 3042 2208 3073 rationabilem
2228 3041 2348 3072 Consti-

1286 3078 1444 3115 tutionem,
1462 3077 1615 3115 spectabilis
1630 3077 1709 3117 Viri,
1728 3078 1853 3110 Domini
1866 3080 2005 3121 Reynaldi
2020 3081 2144 3112 Comitis
2157 3079 2297 3110 Gelrensis
2311 3081 2346 3112 &

1287 3114 1476 3154 Zutphenfis‚
1494 3117 1654 3147 tenebimur
1669 3127 1858 3154 augmentare.

1325 3154 1386 3193 Qii
1407 3153 1522 3185 Menses
1536 3179 1546 3194 ,
1570 3156 1605 3186 &
1626 3165 1690 3194 quae
1705 3156 1866 3196 Stipendia,
1883 3159 2073 3195 inchoabunt,
2091 3157 2124 3187 &
2137 3156 2216 3187 suum
2231 3156 2345 3188 cursum

1285 3194 1416 3232 capient,
1433 3192 1587 3225 secundum
1603 3193 1804 3226 Kalendarium
1813 3219 1823 3234 ,
1836 3207 1851 3227 a
1864 3196 1910 3226 die
1924 3207 1983 3235 quo
1995 3196 2084 3226 dictus
2094 3195 2238 3226 Dominus
2246 3196 2347 3226 Theo-

1285 3231 1418 3269 doricus,
1436 3240 1471 3262 ex
1490 3241 1566 3270 parte
1587 3232 1684 3264 nostra
1703 3243 1835 3265 evocatus
1849 3259 1858 3273 ,
1880 3236 1977 3265 animo
1998 3244 2066 3264 cum
2080 3233 2208 3264 Centum
2224 3234 2348 3266 Galeatis

1286 3270 1418 3301 veniendi
1433 3272 1516 3301 nobis
1532 3273 1561 3301 in
1579 3270 1757 3310 Oblequium
1773 3273 1917 3311 nostrum,
1935 3274 2051 3304 exiverit
2064 3272 2185 3302 Terram
2200 3272 2293 3310 suam,

1325 3309 1373 3339 Ab
1387 3310 1470 3340 omni
1483 3311 1566 3340 etiam
1579 3310 1757 3348 Captivitatis
1770 3321 1858 3341 onere
1875 3311 1964 3349 (quod
1979 3311 2071 3341 dietus
2086 3310 2231 3341 Dominus
2245 3311 2346 3341 Theo-

1286 3347 1415 3386 doricus,
1432 3348 1478 3378 vel
1490 3349 1544 3386 sui,
1562 3350 1590 3379 in
1605 3348 1753 3387 Obsequio
1765 3349 1873 3388 nostri,
1891 3351 2053 3386 inciderint)
2071 3349 2140 3380 Nos
2154 3349 2289 3380 debemus
2302 3360 2346 3380 te-

1288 3386 1383 3417 levare
1395 3387 1514 3417 Liberos
1524 3389 1557 3418 &
1572 3387 1752 3424 Indempnes.

1325 3425 1362 3456 Et
1377 3436 1430 3463 pro
1442 3436 1477 3456 eo
1489 3426 1579 3456 dietus
1595 3425 1739 3456 Dominus
1753 3425 1951 3457 Theodericus
1967 3436 2068 3457 omnes
2081 3427 2114 3457 &
2128 3425 2248 3464 singulos
2261 3427 2347 3465 (quos

1288 3464 1344 3501 ipse
1359 3465 1404 3495 vel
1417 3465 1457 3495 sui
1469 3463 1617 3499 Homines¹
1631 3464 1767 3501 ceperint)
1790 3465 1873 3495 nobis
1886 3488 1897 3503 ,
1915 3474 1961 3496 aut
1978 3464 2144 3496 Marescallo
2158 3464 2273 3503 nostro,
2292 3475 2346 3496 no-

1288 3503 1368 3533 mine
1380 3503 1494 3540 nostr0,
1510 3502 1587 3534 dabit
1600 3502 1632 3533 ὃς
1648 3502 1831 3540 praesentabit.

1326 3541 1364 3572 Et
1376 3565 1386 3579 ,
1413 3542 1432 3571 fi
1453 3541 1562 3571 dictum
1586 3540 1749 3572 Dominum
1772 3540 2003 3579 Theodericum,
2021 3549 2067 3572 aut
2079 3541 2140 3573 suos
2152 3540 2300 3581 Galeatos,
2316 3543 2346 3573 in

1288 3579 1440 3618 Obsequio
1456 3579 1555 3610 nostro
1568 3579 1640 3610 ullos
1653 3578 1750 3618 Equos
1764 3580 1890 3609 amittere
1905 3581 2054 3619 contigerit
2068 3579 2167 3618 (Equis
2180 3579 2342 3623 Curruum,

1289 3618 1496 3657 Carrucarum,
1511 3618 1545 3649 &
1561 3619 1580 3638 ²*
1596 3618 1786 3648 consimilibus
1799 3616 1903 3655 Equis,
1919 3619 2041 3655 exceptis
2061 3619 2095 3649 &
2118 3617 2244 3657 exclulis)
2259 3619 2342 3659 Nos,

1287 3657 1322 3687 ad
1338 3656 1593 3688 Praemunitionem
1607 3656 1677 3688 dicti
1692 3656 1814 3686 Domini
1829 3655 2018 3695 Theoderici,
2037 3664 2085 3686 aut
2098 3657 2154 3695 ejus
2170 3656 2344 3689 Commissa-

1288 3698 1339 3734 rii,
1356 3696 1427 3726 boni
1438 3695 1574 3726 Hominis
1587 3696 1620 3725 &
1632 3694 1738 3733 legalis,
1759 3693 1843 3724 Duos
1855 3694 2021 3725 nostrorum
2041 3693 2172 3725 Militum
2187 3719 2197 3734 ,
2223 3695 2346 3728 Duobus

1288 3744 1323 3765 ex
1339 3734 1482 3765 Militibus
1498 3733 1624 3771 praedit‘ii
1640 3733 1766 3762 Domini
1784 3732 1960 3763 Theoderici
1976 3733 2005 3765 iu
2026 3733 2145 3772 Socios,
2161 3735 2195 3764 ad
2211 3736 2347 3766 ordinan-

1288 3773 1359 3804 dum
1372 3773 1407 3802 de
1420 3772 1502 3802 distis
1514 3771 1603 3808 Equis
1615 3770 1735 3809 amiffis,
1753 3770 1880 3801 dabimus
1897 3771 1930 3801 &
1944 3771 2159 3810 subjungemus,
2179 3772 2347 3805 Ordinatio-

1287 3821 1357 3841 nem
1375 3810 1565 3841 Concordem
1581 3809 1677 3839 talium
1693 3809 1824 3847 Qatuor
1839 3807 1969 3839 Militum
1984 3810 2101 3843 firmiter
2114 3811 2194 3842 dieto
2209 3811 2345 3844 Domino

1287 3849 1474 3880 Theoderico
1495 3848 1648 3878 servaturi:
1674 3847 1753 3886 Qi,
1779 3847 1798 3877 si
1819 3847 1987 3878 concordari
2011 3858 2070 3879 non
2089 3849 2220 3890 possent,
2241 3860 2345 3882 exrunc

1287 3889 1416 3927 praefatus
1439 3887 1585 3917 Dominus
1607 3884 1717 3916 Comes
1737 3884 1879 3919 Gelrensis
1900 3886 2025 3932 summus
2048 3887 2080 3919 fit
2104 3887 2219 3921 Arbiter
2239 3890 2268 3921 in
2286 3890 2344 3923 hoc

1287 3927 1358 3958 casu.

1361 3965 1395 3996 In
1408 3965 1486 4002 cujus
1500 3964 1562 3994 &c.

1325 4004 1393 4034 Dat.
1412 4001 1485 4040 apud
1500 4001 1807 4039 Westmonasterium,
1826 4001 1963 4033 vicesimo
1976 4001 2053 4033 sexto
2067 4002 2113 4034 die
2128 4004 2269 4042 Augusti,
2284 4003 2346 4034 An-

1286 4053 1327 4073 no
1342 4041 1467 4072 Domini
1482 4039 1631 4071 Milesimo
1666 4040 1917 4080 Trescentesirno,
1931 4041 2094 4075 Tricesuno
2107 4042 2245 4083 septimo,
2258 4042 2347 4072 Anno

1287 4080 1385 4121 Regni
1401 4081 1472 4113 vero
1487 4079 1576 4110 nostri
1590 4089 1628 4110 un
1649 4080 1753 4111 ecimo.

1771 4155 1798 4190 A
1809 4164 1826 4193 a
2267 4154 2350 4188 C0n=

2356 1824 2432 1856 Ann.
2448 1823 2490 1854 D.

2363 1946 2392 1969 E.
2413 1950 2439 1977 3.

2362 1980 2466 2009 Ibidem.

2365 3642 2380 3656 ‘¹
2399 3642 2452 3671 IV.

2365 3679 2430 3707 8οι.
