2562 4279
732 163 852 204 ET
935 165 1232 206 ACTA

42 259 117 291 Ὰῃῃ,
134 254 175 286 Ι),
189 257 283 288 petens
295 250 433 281 adhiberi:
454 248 490 280 Et
504 249 567 287 quia
581 248 718 287 speramus
732 247 848 279 firmiter
866 249 899 280 Se
917 256 1060 288 tenemus,
1070 249 1146 288 quod
1163 250 1253 289 aliqua

64 303 148 335 1313,
191 289 275 319 nobis
290 288 486 328 praejudicialia
499 309 509 323 ,
538 286 582 318 seu
605 287 689 317 etiam
703 286 759 324 juri
778 286 885 317 dissona
901 310 911 325 ,
935 297 1034 319 contra
1051 298 1102 318 nos
1119 290 1150 318 in
1168 289 1254 320 Curia

43 336 109 365 Edv.
130 343 155 361 2.
192 328 281 358 vestra
304 326 364 358 fieri
390 336 448 357 non
465 325 571 363 velitis,
588 324 707 354 vestram
725 324 927 355 Excellentiam
948 325 1104 357 affeetuofis
1127 328 1255 364 precibus

192 366 355 404 requirimus
373 366 406 396 ὅ(
423 372 570 404 rogamus,
586 363 710 401 quatinus
727 362 833 393 dietam
851 363 1087 403 appellationem,
1102 375 1164 403 quae
1182 366 1256 403 inju-

194 404 251 442 sta,
269 405 373 442 inanis,
391 404 423 434 &
440 400 604 432 frustratoria
624 401 680 431 esse
697 400 867 439 dinoscitur,
879 403 912 432 δε
931 412 994 440 quae
1012 404 1041 432 in
1055 403 1256 440 jurisdiffionis

194 442 298 474 nostrae
314 442 482 477 eluiionem,
494 448 526 469 ac
546 439 613 477 juris
633 439 761 477 praedicti
781 440 894 470 Arnaldi
913 439 1024 471 Calkuli
1041 441 1256 471 retardationem

195 482 352 526 interposita
365 479 416 509 fuit
448 485 477 507 ut
489 478 682 516 praemittitur,
694 477 877 508 fraudulenter
896 479 960 509 zelo
971 479 1084 517 justitiae
1093 480 1192 518 jubere
1206 490 1256 510 cu-

195 520 258 550 retis
269 530 299 549 in
313 517 399 549 vestra
412 501 497 546 Curia
511 525 571 549 non
585 516 713 553 admitti,
727 515 839 553 signum
861 523 895 546 ue
918 517 1043 548 vestrum
1066 518 1099 548 δε
1122 517 1256 548 officiales

195 556 302 588 vestros
329 554 427 586 exinde
452 554 605 592 amoveri,
631 562 660 584 ut
683 553 762 584 disto
779 526 916 592 Arniido,
938 556 981 585 vel
1000 555 1177 586 Procuratori
1191 556 1256 594 suo,

195 597 250 634 ejus
267 593 398 630 nornine,
412 591 611 629 poffeffionem
628 592 714 622 dietae
731 593 841 631 Turris,
859 602 940 630 prout
952 593 1057 631 justum
1074 594 1256 631 fuerit,resti-

194 630 467 670 tuere2pam'busque
486 630 626 669 praedietis
642 631 890 669 complementum
904 631 1018 669 justitiae
1030 632 1194 671 impendere
1209 643 1256 664 va-

194 671 301 702 leamus.

228 744 298 776 Dat.
314 746 388 784 apud
405 745 544 786 Wyndes.
560 746 679 777 decimo
697 744 743 777 die
760 746 909 778 Februarii.

318 873 374 904 Pro
393 869 577 904 Elizabetha
592 870 628 905 de
648 874 745 915 Brus,
773 872 809 906 de
824 873 1036 919 fitsteniatione
1046 874 1119 919 sim.

45 973 124 1004 -Anm
137 968 178 1001 Ι).
195 955 323 1011 REX
349 955 734 1003 VicecomitinSomersettiae
752 959 786 989 &
803 957 970 1004 Dorsettiae,
987 959 1110 991 salutem.

71 1019 154 1050 ¹³¹³-
216 1036 221 1041 ·
266 994 1047 1073 11ἷὲῗὲὲῇῗὲἒὲἱὲἛῖὒέἒὲξέἱὲῗῗεεῗξῗζῗῑέἓῖῗ
1062 1022 1072 1037 ’
1099 996 1263 1068 ῗὲὗῗζῇρῖἶῖ

45 1052 146 1117 {iza
195 1045 302 1104 tcalisooe
317 1072 378 1111 sua,
396 1072 429 1103 δε
447 1071 564 1104 familiae
579 1058 650 1112 suaa,
667 1084 717 1112 per
734 1085 784 1105 nos
801 1060 956 1114 ordinatae,
974 1047 1180 1130 videlicept,pro
1197 1087 1263 1114 qua-

45 1127 134 1161 claus.
152 1125 178 1149 6.
195 1112 262 1142 libet
279 1111 429 1148 septimana
445 1111 550 1148 viginti
566 1112 666 1142 solidos
680 1135 690 1151 ,
716 1123 731 1143 a
755 1122 883 1151 tempore
907 1124 964 1152 quo
991 1113 1066 1145 fuisti
1119 1124 1263 1145 icecomes

46 1169 68 1193 E
92 1173 106 1190 2
140 1171 174 1190 m,
194 1150 285 1181 noster
304 1149 502 1180 Comitatuum
520 1151 736 1189 praedidtorum,
755 1153 788 1182 &
805 1153 891 1182 etiam
910 1161 1040 1190 exnunc,
1064 1152 1205 1190 quousque
1223 1152 1259 1182 de

51 1187 82 1240 ¹}
111 1186 117 1192 “
194 1189 264 1220 statu
281 1188 330 1219 suo
347 1188 421 1219 aliter
439 1188 597 1219 duxerimus
614 1189 823 1220 ordinandum:
843 1189 880 1220 Et
899 1200 949 1220 nos
961 1191 1013 1220 tibi
1033 1191 1118 1229 inde,
1135 1192 1163 1220 in
1178 1201 1262 1221 com-

87 1224 93 1231 ’
192 1236 263 1266 poto
278 1235 327 1257 tuo
335 1249 346 1266 ,
362 1226 397 1258 ad
410 1226 592 1258 Smccariurn
606 1226 732 1258 nostrum
742 1250 752 1265 ,
764 1228 889 1258 debitam
903 1228 1099 1259 allocationein
1113 1229 1208 1260 haberi
1221 1229 1262 1261 fa-

192 1276 308 1298 memus,

229 1341 318 1374 Teste
331 1342 414 1381 Rege
428 1341 501 1381 apud
517 1341 655 1382 Wyndes.
670 1342 847 1375 duodecimo
864 1342 911 1375 die
933 1343 1083 1376 Februarii⁰

215 1471 309 1515 Super
321 1469 395 1515 jure
412 1471 502 1517 Regio
518 1472 549 1501 in
566 1468 777 1515 Beneficiorum
800 1467 961 1503 Collaeione
979 1481 1036 1504 non
1054 1469 1237 1504 temerando.

193 1552 320 1609 REX
352 1553 519 1593 Pandulpho
528 1554 568 1585 ‘de
583 1553 695 1594 Sabell,
710 1554 832 1586 salutem.

170 1595 176 1601 '
285 1592 444 1623 Movemur
457 1595 485 1623 in
498 1594 604 1623 intimis
618 1616 629 1631 ,
652 1593 685 1624 δε
708 1595 809 1624 mentis
829 1593 970 1635 anxietate·
984 1593 1149 1633 turbamur,
1171 1594 1262 1633 dum,

194 1642 264 1674 quos
281 1631 330 1662 sub
352 1631 451 1662 nostris
466 1631 648 1662 Proteetione
661 1631 694 1662 ὃς
717 1630 861 1662 Dominio
883 1632 1024 1662 beneficiis
1044 1634 1078 1663 ὃς
1109 1633 1263 1664 redditibus

196 1671 330 1703 novimus
349 1671 498 1700 honoratos
516 1670 657 1707 (quorum
676 1678 809 1707 praeteXtu
831 1669 903 1708 ipsos
922 1671 953 1700 in
975 1670 1136 1701 defensione
1153 1672 1261 1710 jurium

195 1710 321 1741 Coronae
335 1708 437 1739 nostrae
452 1708 534 1737 nobis
550 1707 669 1739 assistere
693 1707 859 1739 condeceret
875 1710 884 1746 )
914 1708 949 1739 ad
969 1709 1137 1740 eorumdem
1153 1711 1260 1748 jurium

193 1748 374 1780 violationem
388 1746 594 1785 conspicimus,
612 1756 670 1777 non
689 1746 790 1785 absque
803 1749 832 1777 in
852 1747 1003 1778 ratitudinis
1023 1749 1113 1787 vitio,
1129 1749 1242 1780 anelare.

229 1787 316 1825 Sane,
334 1785 477 1817 intellecto
495 1784 605 1816 dudum
621 1785 806 1816 collationem
822 1756 990 1816 ffraebendae
1004 1785 1041 1817 de
1062 1786 1160 1817 North
1175 1786 1261 1818 Neu-

192 1825 255 1857 bald
263 1826 316 1863 ,in
330 1823 455 1856 Ecclesia
469 1824 543 1855 beati
559 1823 636 1855 Petri
651 1823 781 1856 Eborum
795 1846 805 1861 ,
830 1823 865 1855 ad
893 1835 944 1854 nos
959 1826 1022 1863 jure
1042 1824 1140 1855 nostro
1161 1825 1261 1863 Regio

188 1865 327 1904 pertinere
344 1887 354 1902 ,
375 1863 495 1894 eandem
516 1862 703 1893 Praebendam
723 1863 830 1893 dileeto
852 1861 967 1893 Clerico
984 1862 1260 1901 &Consanguineo

193 1903 291 1934 nostro
306 1901 453 1932 Richardo
466 1901 504 1932 de
515 1900 646 1932 Comub.
662 1902 760 1940 (cujus
773 1903 1002 1941 promotionem,
1022 1902 1073 1933 suis
1087 1904 1262 1940 exigentibus

192 1942 312 1980 meritis,
323 1941 505 1980 optabamus)
525 1940 658 1971 duximus
669 1939 889 1971 conferendam:

228 1980 291 2017 Ac,
307 1989 360 2018 pro
374 1989 412 2010 eo
428 1979 505 2017 quod
523 1989 590 2018 v08,
606 1980 654 2018 qui
670 1978 791 2010 eandem
806 1978 1013 2019 Praebendam,
1033 1980 1064 2010 in
1084 1980 1152 2018 juris
1172 1979 1260 2011 nostri

190 2018 386 2058 praejudicium
395 2041 405 2057 ,
412 2017 607 2048 afferebamini
619 2016 772 2056 occupiiffe
779 2027 846 2056 ,vos
860 2019 1019 2049 executioni
1033 2018 1190 2049 collationis
1205 2029 1259 2049 no-

194 2056 258 2088 strae
272 2057 418 2095 praedieizae
427 2057 630 2095 opponebatis,
654 2057 683 2086 in
702 2055 789 2087 Curia
811 2056 905 2087 nostra
922 2057 1022 2087 discuti
1039 2056 1160 2087 fecimus
1181 2057 1260 2095 supet

197 2096 254 2125 'ure
266 2095 362 2125 nostro
374 2118 384 2133 ,
410 2096 442 2125 in
465 2094 611 2133 praemiffis
636 2117 648 2134 ,
674 2094 827 2126 secundum
842 2095 955 2132 Legem
968 2096 1001 2126 &
1016 2094 1260 2125 Consuetudinem

225 2134 294 2170 egni
311 2133 422 2172 nostri;
449 2134 531 2164 vobis
554 2133 589 2164 ad
609 2133 825 2163 interessendum
839 2134 873 2164 δε
893 2133 1112 2171 proponendum
1127 2155 1137 2170 ,
1155 2133 1175 2162 fi
1193 2132 1262 2176 quid

194 2171 357 2201 rationabile
369 2171 481 2208 dicere,
494 2171 540 2200 vel
553 2171 701 2200 ostendere
715 2171 838 2208 velleris,
859 2171 936 2208 quod
951 2169 1087 2202 effeffiium
1107 2170 1262 2201 collationis

193 2209 299 2240 nostrae
314 2208 460 2247 praedietae
471 2208 584 2238 deberet
598 2208 754 2247 impedire,
771 2208 780 2237 1
817 2209 898 2238 itime
917 2210 1106 2249 praemunitis:

232 2247 269 2277 Et
281 2247 487 2312 tandem,1jure
504 2245 602 2275 nostro
616 2247 646 2275 in
662 2247 763 2276 eadem
781 2217 885 2286 eCuria,
902 2257 952 2285 per
966 2246 1197 2286 judicium,inde
1213 2249 1264 2279 rite

191 2284 350 2322 redditum,
367 2283 420 2313 dec
431 2290 522 2321 arato,
540 2283 620 2313 sicuti
643 2283 864 2321 Progenitorum
886 2285 1048 2317 nostrorum
1070 2287 1263 2325 temporibus,

193 2325 225 2354 in
243 2321 435 2354 consimilibus
450 2321 574 2359 casibuS,
592 2321 652 2352 fieri
676 2322 811 2353 haetenus
838 2323 1011 2362 consuevit,
1033 2325 1112 2354 idem
1137 2324 1265 2355 Clericus

193 2361 289 2392 noster
297 2360 373 2391 subse
395 2367 508 2398 uenter,
527 2370 576 2398 per
596 2360 655 2390 loci
670 2359 874 2399 Ordinarium,
896 2362 931 2401 ad
951 2361 1059 2392 dietam
1075 2361 1264 2393 Praebendam

193 2399 344 2431 canonice
359 2410 374 2429 a
396 2397 491 2430 missus
505 2398 573 2437 fuit,
593 2399 626 2429 &
641 2399 770 2430 induetus
788 2400 819 2429 in
837 2399 1037 2438 posseffionem
1058 2399 1264 2439 ejusdem,vir-

192 2446 251 2470 tute
263 2438 421 2469 collationis
435 2436 539 2468 nostrae
554 2437 714 2475 praelibatae.

228 2477 340 2508 Verum
360 2487 429 2515 VOS,
447 2483 476 2506 ut
493 2476 575 2507 nobis
590 2476 706 2507 relatum
723 2475 764 2506 est
779 2499 788 2515 ,
810 2477 872 2515 jura
890 2476 1019 2508 Coronae
1038 2477 1142 2508 nostrae
1160 2478 1190 2507 in
1209 2478 1264 2509 bac

190 2523 268 2554 parte
284 2517 452 2555 impugnare
467 2513 636 2553 satagentes,
653 2514 764 2546 dietum
777 2515 926 2548 Clericum
948 2516 1077 2547 nostrum
1096 2516 1129 2547 ad
1149 2516 1265 2554 respon-

193 2553 322 2585 dendum
339 2555 421 2585 vobis
432 2577 442 2592 ,
472 2562 546 2584 extra
572 2553 710 2591 Regnum
728 2553 855 2584 nostrum
871 2577 881 2594 ,
905 2555 981 2593 super
1000 2554 1163 2593 praemiffis,
1180 2557 1266 2586 citare

193 2593 383 2631 peremptorie
395 2592 568 2631 >procurastis
576 2615 587 2632 ,
601 2598 636 2623 ac
651 2593 787 2623 certosin
804 2591 890 2624 Curia
903 2593 1025 2624 Domini
1034 2593 1151 2624 Summi
1168 2593 1266 2624 Ponti-

195 2631 257 2662 ficis
268 2632 346 2670 super
362 2632 419 2663 hoc
436 2631 573 2662 auditores
591 2631 748 2662 obtinuistis
764 2631 906 2670 deputari,
930 2633 978 2671 qui
1001 2631 1141 2670 processus
1156 2634 1265 2671 varios,

196 2678 295 2702 contra
306 2670 415 2702 dietum
430 2668 577 2700 Clericum
590 2670 716 2701 nostrum
726 2692 736 2708 ,
752 2669 877 2709 faciunt,
900 2678 932 2701 ut
953 2672 1117 2709 accepimus
1129 2694 1139 2710 ,
1165 2671 1267 2709 praeju-

195 2708 308 2739 diciales
323 2709 421 2746 Regio
433 2709 489 2747 juri
505 2707 610 2739 nostro

234 2747 300 2778 Nos
313 2748 414 2786 igitur,
423 2747 626 2778 considerantes
637 2747 714 2787 quod
728 2748 758 2778 in
772 2747 862 2779 nostri
874 2747 1088 2786 praejudicium,
1096 2748 1129 2779 &
1140 2747 1268 2779 Coronae

196 2785 301 2816 nostrae
318 2785 705 2824 exhaeredationem,cederet
718 2786 864 2817 manifeste
891 2786 912 2816 si
925 2786 1018 2818 dietus
1034 2785 1159 2817 Clericus
1175 2787 1268 2817 noster

193 2825 238 2862 jus
251 2824 401 2864 nostrum,
417 2826 447 2855 in
465 2824 761 2864 praemiffis,rnaxime
779 2833 856 2856 extra
872 2809 1010 2863 Regnum
1026 2824 1208 2864 nostrum‚in
1221 2826 1268 2864 ju-

199 2861 310 2893 dicium
326 2863 490 2901 deduceret,
502 2863 546 2893 vel
556 2862 634 2901 super
649 2864 706 2894 hoc
720 2863 871 2902 aliqualiter
888 2863 1021 2903 litigaret,

236 2899 297 2930 Vos
312 2911 441 2938 rogamus
460 2903 726 2941 obnixesquatinus
737 2902 772 2933 ad
782 2903 826 2941 jus
842 2901 974 2933 nostrum
994 2902 1124 2940 Regium
1145 2904 1176 2933 in
1196 2913 1270 2941 prae-

203 2937 308 2975 miffis,
326 2940 419 2978 cujus,
431 2948 564 2979 praetexm
575 2940 802 2979 beneficiorum,
821 2951 884 2980 quae
901 2942 932 2972 in
951 2940 1055 2981 Regno
1073 2940 1168 2972 nostro
1194 2943 1271 2972 obti-

201 2985 266 3006 nere
280 2977 447 3015 noscimini,
459 2989 510 3009 vos
526 2979 608 3010 decet
624 2978 738 3010 existere
751 2980 884 3010 zelatores
894 3003 903 3017 ,
921 2979 1026 3010 debitae
1041 2980 1270 3011 considerationis

199 3014 334 3046 intuitum
355 3015 508 3053 dirigentes
525 3039 536 3055 ,
563 3027 578 3047 a
605 3017 846 3055 ,prosecutionibus
863 3017 977 3056 vestris,
1003 3026 1101 3049 contra
1119 3017 1267 3057 praefatum

201 3052 347 3084 Clericum
362 3053 490 3084 nostrum
507 3054 544 3084 de
561 3062 666 3085 caetero
681 3055 874 3095 faciendis,sic
889 3057 1006 3095 provide
1021 3056 1271 3096 desistatis,quod,

71 3101 89 3118 ε
106 3100 161 3127 111,
201 3090 236 3121 ad
250 3091 334 3123 vestri
347 3092 525 3131 instantiam,
545 3093 564 3112 ¹*
585 3092 625 3122 nil
643 3092 770 3131 depereat
785 3095 840 3132 juri
857 3094 974 3133 nostro,
991 3095 1025 3126 &
1043 3095 1120 3133 quod
1139 3096 1270 3133 praefatus

85 3138 148 3175 386,
203 3127 330 3161 Clericus
344 3130 538 3175 noster,cujus
550 3130 711 3176 defensioni·
724 3133 754 3162 in
770 3132 916 3176 praemissis
932 3133 1023 3163 deesse
1038 3143 1098 3165 non
1113 3134 1258 3178 possumus

202 3177 257 3198 nec
273 3168 426 3209 dehemus,
441 3179 500 3200 non
519 3178 685 3208 inquietetur
704 3170 829 3201 indebite
843 3193 854 3210 ,
877 3170 923 3202 seu
949 3180 1077 3209 gravetur
1093 3183 1104 3211 3
1125 3181 1162 3203 ita
1212 3183 1248 3203 uo

202 3215 256 3253 nos
273 3205 490 3252 Benivolentiam
507 3207 644 3252 vestram,
664 3209 773 3247 potius,
798 3217 827 3240 ut
845 3211 1002 3247 appetimus
1014 3233 1024 3248 ,
1049 3220 1188 3254 commen
1208 3222 1271 3250 are,

202 3254 290 3314 iffi?
308 3255 359 3276 vos
375 3246 412 3277 de
428 3246 627 3284 ingratitudine
642 3247 806 3286 redarguere
822 3248 973 3288 polsimus,
992 3249 1167 3289 temporibus
1182 3260 1271 3288 opor-

239 3359 309 3391 Dat.
326 3360 398 3398 apud
413 3361 550 3402 Wyndes.
568 3362 684 3394 decimo
702 3365 782 3395 tertio
797 3363 845 3395 die
859 3364 1012 3395 Februarii.

206 3487 264 3523 Ad
278 3485 474 3532 Exonienfi’m
488 3489 682 3536 Epfiqmm,
693 3491 784 3537 fhper
802 3489 906 3536 receffn
931 3492 1056 3524 Comitis
1075 3489 1270 3525 Pembrochiie

570 3550 590 3570 a
606 3536 745 3585 partibus
762 3541 905 3573 Francia.

59 3633 134 3666 Ann-
146 3632 188 3666 D,
206 3622 332 3679 REX
354 3622 505 3654 venerabili
520 3623 550 3652 in
567 3621 684 3654 Christo
701 3624 792 3664 Patri,
809 3624 862 3656 W.
880 3624 983 3656 eadem
1003 3625 1271 3664 gratia,Exoniensi

79 3682 164 3713 1313·
281 3661 439 3707 Episcopo,
450 3661 571 3692 salutem.
634 3701 639 3706 ι
840 3703 845 3708 ¹

61 3714 114 3739 An.
130 3714 157 3738 6,
245 3701 322 3740 Qia
343 3700 458 3731 dilectus
475 3699 708 3736 Consangiuneus
725 3702 757 3732 &
772 3701 859 3733 fidelis
874 3701 968 3733 noster
973 3701 1148 3740 ,Adomarus
1163 3703 1199 3734 de
1213 3703 1272 3734 Va-

61 3753 92 3776 E.
114 3759 140 3777 2,
209 3739 309 3778 lentia,
326 3738 434 3770 Comes
453 3738 650 3776 Pembrocliiae
662 3761 672 3776 ,
696 3750 780 3778 quem
794 3741 849 3772 une
866 3741 1014 3772 vobiscum
1033 3740 1068 3771 ad
1086 3750 1172 3779 partes
1188 3742 1272 3773 Fran-

64 3786 130 3822 vasc.
147 3788 174 3813 6.
211 3779 264 3808 ciae
281 3777 477 3809 destinavimus
490 3787 541 3816 pro
556 3776 645 3821 arduis
654 3779 790 3822 negotiis,
807 3790 869 3817 quae
886 3789 937 3823 nos
955 3780 1207 3818 tangunt,ibidem
1221 3790 1274 3811 vo-

67 3828 97 3851 E.
113 3835 138 3853 2,
153 3834 190 3853 ῃ),
210 3816 337 3855 biscurn,
352 3816 492 3855 quousque
511 3823 623 3855 negotia
641 3814 683 3845 illa
701 3815 802 3847 suerint
820 3817 962 3856 expedita,
980 3827 1091 3848 moram
1108 3817 1200 3850 facere
1215 3829 1274 3849 non

71 3871 113 3891 u.
210 3854 300 3893 potest
318 3863 432 3893 propter
448 3856 578 3893 negotia,
596 3854 663 3884 ficut
682 3853 754 3885 scitis
772 3877 783 3893 ,
811 3866 862 3886 nos
885 3857 1026 3894 tangentia
1054 3858 1084 3886 in
1100 3855 1207 3894 Regno
1223 3867 1276 3888 no-

212 3893 270 3924 stro
279 3903 289 3922 z«

252 3931 344 3962 Vobis
361 3931 542 3971 mandamus,
561 3933 589 3961 in
607 3931 661 3961 fide
678 3931 712 3961 &
731 3929 899 3972 dileffione,
914 3934 1011 3972 quibus
1029 3932 1112 3964 nobis
1125 3935 1276 3972 tenemini,

208 3969 327 4000 *firmiter
341 3971 530 4010 injungenteS,
547 3970 643 4010 quod,
660 3970 755 4000 habito
772 3968 848 4007 super
865 3972 921 4002 hoc
941 3973 1010 4002 inter
1032 3981 1100 4011 vos,
1124 3974 1157 4004 &
1176 3973 1289 4011 praefi-v

217 4014 277 4036 tum
296 4007 443 4038 Comitem
457 4031 466 4046 ,
489 4019 522 4039 ac
554 4017 667 4039 caeteros
689 4008 724 4038 de
747 4007 872 4038 Consilio
894 4009 989 4040 nostro
1007 4010 1128 4049 ibidem,
1150 4011 1280 4050 diligenti

220 4044 337 4076 consilio
350 4046 382 4079 ὅ(
397 4047 527 4086 tractatu,
542 4047 671 4087 vos,un{i
686 4057 753 4079 cum
768 4045 915 4086 Magistro
928 4049 1048 4082 Thoma
1059 4049 1096 4081 de
1109 4049 1261 4082 Cobeham
1271 4072 1281 4088 ,

1319 160 1858 217 PUssqLICA.
2308 195 2360 236 29

1293 251 1508 298 post-recessum
1523 258 1644 302 ejusdem
1660 259 1782 291 Comitis
1788 284 1798 300 ,
1814 262 1843 291 iri
1857 261 1961 293 eisdem
1976 265 2096 302 partibus
2111 275 2220 297 moram
2237 264 2359 309 faciatis,
2373 268 2447 302 Ann.
2463 265 2502 303 Di

1292 291 1326 321 &
1341 302 1416 336 circa
1431 294 1659 342 prosecutionem
1670 299 1702 329 &
1716 299 1908 332 defensionem
1923 301 2064 334 dierorum
2079 306 2267 345 negotiorum,
2275 317 2356 345 prout
2394 313 2477 349 1313;

1292 330 1388 368 vobis,
1405 331 1439 362 &
1458 332 1551 363 eidem
1572 334 1700 375 Corniti,
1718 348 1768 375 pro
1785 339 1892 370 honore
1910 341 1942 371 &
1960 343 2117 372 commodo
2135 343 2248 383 nostro,
2266 347 2355 376 visum
2372 351 2439 377 Ede.
2459 359 2486 377 2.

1292 367 1374 398 fuerit
1391 370 1537 415 expedire,
1554 372 1620 417 sicut
1638 374 1672 404 de
1691 375 1787 406 vestris
1805 377 1939 410 industria.
1957 380 1990 410 &
2008 379 2157 419 diligentia
2177 383 2358 423 confidimus,

1293 415 1359 436 cum
1375 416 1455 437 omni
1474 409 1658 442 sollieitudine
1678 412 1810 445 laboretis.

1329 444 1393 487 Nos
1408 447 1487 490 enini
1505 448 1621 484 praefato
1640 449 1749 494 Comi-ti
1767 453 1892 485 dedimus
1908 456 1937 486 in
1963 457 2115 496 mandatis,
2133 454 2209 496 quod
2229 457 2262 491 ad
2281 471 2331 491 nos

1292 481 1388 526 habito
1404 484 1551 528 vobiscum
1570 487 1696 530 Consilio
1716 493 1793 532 super
1811 493 1958 528 praemiffis
1971 518 1981 534 ,
2005 506 2072 527 curn
2098 498 2181 527 omni
2199 485 2355 538 celeritate}

1294 530 1350 558 qua
1366 530 1482 561 poterit,
1487 533 1568 561 prout
1586 537 1615 556 in
1633 527 1738 558 recessu
1758 531 1805 559 luo
1822 531 1989 568 injunximus
2006 543 2148 573 oretenuS,
2165 535 2191 566 se
2209 537 2332 570 divertat.

1328 578 1417 609 Teste
1430 580 1512 621 Rege
1526 582 1597 619 apud
1613 583 1750 623 Wyndes.
1767 584 1882 616 decimo
1898 597 1994 626 quarto
2011 591 2058 622 die
2080 591 2227 623 Februarii.

1295 657 1371 712 ET
1389 661 1551 704 mandatum
1569 662 1609 692 est
1625 663 1740 707 proefato
1758 664 1868 696 Comiti
1889 668 1966 705 quod
1984 671 2017 700 ad
2026 671 2260 712 Regem,habito
2275 674 2357 706 Gon-

1311 737 1317 743 .
1360 697 1418 729 silio
1437 709 1503 746 qum
1521 701 1638 745 praefato
1654 701 1796 747 Epiicopo
1813 704 2049 746 superpraemiffis
2064 733 2073 749 ,
2096 721 2164 741 cum
2180 714 2263 743 omni
2285 713 2358 744 celed

1296 745 1460 807 ἱὲῖαὲῗέεὲῑιὲῗ
1477 748 1597 778 poterit,
1615 750 1697 778 prout
1713 752 1740 772 ei
1757 752 1786 772 in
1803 743 1909 774 recessu
1925 744 1975 775 suo
1993 746 2054 778 Rex
2071 750 2190 787 injunxit
2212 760 2359 791 oretenuS,

1333 822 1423 854 Teste
1440 832 1469 855 ut
1480 823 1566 863 supra.

1300 951 1348 981 De
1363 954 1556 996 acceptatione
1577 952 1738 986 Concordia
1749 955 1841 1001 sitper
1859 954 2068 1001 diffinstonibus
2086 970 2154 991 cum
2176 962 2354 997 flandrias.

1301 1033 1439 1105 REX
1471 1036 1574 1066 Nobili
1587 1036 1676 1081 Viro,
1691 1038 1822 1076 Domino
1837 1039 1878 1070 R,
1894 1040 2005 1082 Comiti
2029 1042 2179 1082 Flandriae,
2202 1046 2235 1076 ὃ(
2257 1048 2362 1079 Amico
2378 1060 2405 1091 Α
2469 1060 2501 1092 D

1384 1073 1431 1103 suo
1446 1074 1603 1114 karissimo,
1613 1077 1725 1107 salutem
1742 1080 1775 1108 &
1791 1079 1904 1109 sincerae
1920 1080 2077 1111 dileetionis
2092 1081 2235 1114 affectum.
2406 1072 2452 1130 qni
2501 1086 2510 1095 ‘⁷

1340 1111 1498 1143 Redeuntes
1511 1114 1545 1144 ad
1562 1125 1614 1144 nos
1626 1115 1724 1146 dilecti
1739 1118 1772 1147 ἅ
1789 1117 1879 1147 fideles
1900 1119 1985 1148 nostri
2000 1142 2010 1157 ,
2035 1120 2206 1151 Willielmus
2226 1123 2261 1152 de
2280 1124 2360 1155 Deen
2380 1111 2432 1167 ΑΙ)
2449 1110 2485 1166 ⁶3⁶

1301 1149 1404 1188 Miles,
1418 1152 1451 1182 δί
1468 1151 1623 1183 Richardiis
1636 1153 1716 1193 Stiiry
1732 1154 1767 1184 de
1790 1155 1889 1194 Salop,
1907 1156 2004 1194 Major
2021 1157 2215 1189 Mercatorum
2232 1161 2268 1190 de
2281 1162 2361 1200 Reg-
2383 1159 2446 1205 ξ’),
2471 1161 2477 1166 ”

1302 1198 1341 1218 no
1362 1189 1476 1229 nostro,
1492 1200 1560 1221 cum
1577 1192 1658 1222 literis
1677 1193 1786 1232 vestris,
1809 1205 1873 1232 quas
1889 1205 1975 1232 nuper
1987 1196 2020 1225 ad
2037 1207 2085 1226 vos
2100 1197 2296 1230 destinavimus
2329 1202 2362 1232 ad
2380 1201 2411 1244 C}
2485 1218 2502 1242 5

1300 1228 1475 1259 tractandum
1492 1230 1639 1261 vobiscum
1658 1232 1736 1269 super
1751 1233 1915 1270 quibusdam
1930 1233 2157 1274 distensionibus,
2170 1238 2240 1267 incr
2256 1224 2363 1269 politos
2379 1216 2482 1281 E-*Jz‘sb’
2505 1235 2513 1244 ⁶

1301 1266 1335 1296 &
1354 1267 1456 1298 vestros
1469 1268 1591 1299 subditos
1612 1272 1729 1308 exortis,
1742 1272 1823 1301 nobis
1837 1272 1923 1301 diem
1937 1273 2023 1302 literas
2036 1273 2132 1303 vestras
2148 1276 2363 1317 p2'::s;·itaruni:-3
2386 1276 2414 1320 ι’,
2436 1294 2452 1321 d
2486 1274 2493 1281 ”

1301 1304 1335 1335 &
1353 1315 1398 1344 ea,
1413 1316 1476 1344 quae
1492 1317 1540 1345 per
1554 1317 1604 1338 vos
1619 1309 1652 1340 ὅ(
1667 1309 1737 1346 ipsos
1752 1333 1761 1348 ,
1789 1310 1856 1340 hinc
1878 1310 1943 1340 inde
1955 1334 1964 1349 ,
1986 1310 2047 1341 sunt
2070 1313 2180 1342 ulterius
2201 1317 2312 1346 tractata
2330 1318 2363 1347 &c
2404 1314 2429 1329 ’⁵
2455 1313 2462 1322 '

1302 1346 1490 1384 concordata,
1509 1346 1576 1377 viva
1592 1357 1664 1378 voce
1678 1347 1799 1386 provide
1813 1348 1970 1379 retulerunt.

1304 1420 1310 1425 ·
1339 1383 1453 1422 Qubus
1469 1385 1585 1423 quidem
1603 1386 1688 1416 literis
1706 1387 1739 1416 δε
1757 1387 1832 1425 aliis,
1849 1399 1897 1426 per
1912 1387 2076 1426 praedictos,
2096 1387 2226 1419 Militem
2246 1393 2278 1421 δε
2298 1393 2364 1424 Ma-

1297 1430 1409 1461 Jorem,
1425 1424 1569 1463 expositis,
1587 1424 1695 1462 plenius
1707 1425 1852 1456 intelleffls
1867 1449 1876 1464 ,
1904 1437 1952 1465 ea,
1974 1436 2107 1465 quantum
2126 1438 2176 1457 nos
2196 1429 2228 1458 &
2246 1430 2367 1462 iiibditoe

1301 1459 1411 1490 nostros
1429 1464 1616 1501 contingunt,
1633 1464 1761 1494 duximus
1779 1466 1968 1503 acceptanda,
1985 1467 2017 1496 &
2035 1467 2221 1496 incontinenti
2237 1490 2247 1505 ,
2276 1479 2368 1506 quate-

1303 1508 1354 1528 nus
1376 1502 1534 1539 potuimus,
1549 1503 1707 1532 executioni
1729 1501 1832 1533 debitae
1851 1503 2058 1534 demandanda:
2078 1505 2212 1543 diemque
2236 1506 2369 1546 Afliimp-

1301 1538 1387 1580 tionis
1401 1538 1491 1569 Beatae
1508 1538 1610 1570 Mariae
1632 1542 1765 1578 proximo
1787 1541 1929 1581 futurum,
1941 1542 2019 1581 super
2031 1542 2260 1582 justitia,nol’cris
2274 1545 2366 1576 subdi-

1301 1583 1334 1607 tis
1340 1598 1351 1614 ,
1367 1577 1396 1605 in
1412 1577 1558 1614 praemissis
1570 1580 1705 1617 conqueri
1726 1579 1882 1610 volentibus
1897 1603 1907 1618 ,
1927 1591 1975 1618 per
1998 1592 2048 1612 vos
2069 1581 2216 1620 facienda,
2231 1583 2368 1622 assignam

1300 1614 1381 1645 dam:
1396 1616 1429 1646 ὃ(
1445 1616 1508 1647 haec
1525 1616 1621 1647 vestrae
1635 1618 1769 1648 amicitiae
1784 1616 1981 1650 innotescimus
1995 1630 2044 1658 per
2058 1620 2210 1658 praesentes.

1337 1691 1404 1723 Dat.
1419 1692 1491 1732 apud
1504 1693 1667 1726 Windesor.
1682 1694 1798 1726 decimo
1816 1697 1916 1734 quinto
1935 1696 1981 1727 die
2002 1697 2151 1729 Februarii.

1325 1821 1375 1854 De
1396 1821 1588 1857 Viffimlibus
1608 1834 1699 1856 extra
1712 1823 1893 1857 Flandriam
1910 1827 1942 1858 in
1958 1829 2092 1859 Scotiam
2111 1838 2168 1859 non
2184 1826 2342 1862 ducendis,

1399 1906 1429 1938 X
1457 1908 1576 1946 praefato
1591 1909 1720 1949 Comiti,
1733 1908 1856 1941 salutem.
2352 1915 2355 1918 '
2389 1915 2465 1948 Αῃη,
2480 1914 2525 1947 ΠΔ

1299 1907 1354 1963 R
1392 1946 1587 1978 Desiderantes
1603 1949 1728 1979 intimius
1743 1949 1818 1987 quod
1834 1960 1865 1980 ea
1876 1972 1886 1987 ,
2418 1965 2503 1996 1313.

1307 2014 1310 2017 .
1337 1986 1414 2026 Qae
1430 1995 1477 2026 per
1499 1997 1568 2024 vos,
1589 1997 1642 2024 pro
1657 1988 1738 2018 vobis
1753 1989 1787 2018 &
1802 1987 1915 2018 subditis
1932 1988 2044 2027 vestris,
2064 1989 2098 2020 &
2113 1989 2229 2021 dileetos
2247 1991 2280 2022 &
2299 1988 2367 2021 fide-
2389 1999 2442 2023 Λα.
2461 1999 2488 2023 6.

1296 2024 1334 2055 les
1347 2024 1456 2055 nostros
1490 2025 1685 2056 NViilielmum
1704 2026 1740 2056 de
1758 2025 1841 2056 Deen
1861 2026 2008 2066 Militem,
2025 2029 2058 2059 &
2084 2027 2263 2060 Richardurn
2284 2029 2364 2070 Stury
2388 2038 2419 2062 E.
2436 2044 2463 2061 2.

1297 2063 1444 2100 Majorem
1460 2047 1656 2093 Mercatorum
1672 2064 1708 2093 de
1729 2063 1837 2101 Regno
1856 2064 1953 2095 nostro
1968 2088 1980 2103 ,
2008 2075 2095 2104 nuper
2114 2066 2148 2096 ad
2167 2077 2218 2097 vos
2245 2077 2292 2104 per
2313 2078 2365 2098 nos
2426 2071 2489 2099 ibid.

1298 2102 1317 2121 *ss
1338 2099 1451 2139 missos,
1469 2111 1521 2139 pro
1537 2102 1619 2133 nobis
1636 2102 1669 2132 ὃς
1686 2101 1798 2132 subditis
1815 2103 1930 2142 nostris,
1942 2102 2020 2143 super
2038 2104 2203 2142 quibusdam
2219 2105 2364 2136 distensio-
2402 2112 2415 2126 *
2428 2112 2483 2137 111.

1298 2139 1474 2177 nibus,inter
1492 2138 1600 2169 nostros
1618 2140 1652 2170 ὃς
1670 2139 1777 2170 vestros
1793 2139 1914 2171 subditos
1933 2142 2251 2183 exortis,pacificandis,
2264 2144 2365 2176 traeta-
2404 2148 2470 2186 387.

1299 2186 1326 2208 ta
1349 2177 1408 2208 sunt
1426 2179 1458 2209 &
1479 2178 1666 2217 concordata,
1679 2178 1873 2209 inviolabiliter
1894 2179 2089 2211 observentur:

1337 2215 1373 2246 Et
1389 2225 1420 2246 ut
1438 2226 1537 2255 amor,
1554 2217 1588 2247 &
1603 2218 1772 2248 communio
1788 2218 1943 2248 amicabilis
1967 2219 2038 2249 inter
2055 2229 2120 2258 eos,
2137 2218 2236 2250 futuris
2258 2229 2370 2260 tempo-

1302 2255 1376 2285 ribus
1383 2278 1393 2293 ,
1414 2254 1535 2286 similiter
1547 2255 1689 2287 habeatur:

1339 2293 1558 2331 Dubitantesque
1573 2293 1627 2331 ipsa
1642 2294 1735 2332 poffe,
1749 2292 1826 2332 juxta
1843 2301 1943 2324 votum
1962 2293 2106 2334 nostrum,
2125 2296 2218 2327 minus
2238 2301 2373 2328 commo-

1300 2331 1337 2361 de
1355 2331 1513 2369 obsei·vai·i,
1533 2331 1552 2361 si
1569 2332 1639 2362 dieti
1657 2332 1758 2362 subditi
1777 2332 1861 2362 vestri
1879 2332 1984 2369 Scotis,
2007 2331 2137 2363 Inimicis
2156 2334 2189 2364 &
2211 2334 2376 2367 Rebellibus

1300 2369 1416 2408 nostris,
1425 2369 1461 2399 de
1474 2377 1578 2399 caetero
1593 2372 1808 2400 communicent
1817 2378 1916 2409 ,prout
1930 2370 2062 2401 haetenus
2075 2370 2220 2410 fecerunt,
2229 2373 2263 2404 ὃς
2279 2374 2371 2405 adhuc

1300 2408 1393 2439 facere
1406 2418 1465 2438 non
1488 2409 1642 2447 omittunt,
1660 2409 1694 2440 ad
1712 2409 1825 2439 eosdem
1841 2409 1979 2439 inimicos
1992 2409 2103 2441 nostros
2118 2411 2247 2442 vietualia
2257 2435 2267 2451 ,
2282 2422 2373 2445 arma<

1301 2455 1392 2485 tutas,
1407 2447 1439 2477 ὃς
1456 2446 1506 2477 alia
1521 2446 1670 2478 necessaria
1682 2447 1845 2478 incessanter
1866 2446 2038 2487 deferend0;

1341 2484 1471 2516 Vestram
1485 2485 1642 2516 amicitiam
1658 2487 1766 2517 attentis
1780 2486 1910 2523 precibus
1921 2487 2086 2525 requirimus
2099 2487 2133 2518 &
2148 2497 2373 2529 rogamus,qua-

1302 2531 1381 2554 tenus
1395 2524 1478 2554 dietis
1490 2523 1604 2555 subditis
1619 2524 1715 2555 vestris
1729 2525 1818 2556 velitis
1832 2525 1958 2555 inhibere
1967 2547 1977 2563 ,
1991 2526 2138 2564 injungere
2160 2526 2328 2568 distrifflus,
2341 2530 2375 2559 ὃς

1303 2563 1452 2601 mandare,
1464 2573 1500 2593 ne
1513 2562 1547 2592 ad
1562 2562 1672 2601 dietos,
1687 2563 1823 2593 Inimicos
1838 2564 1872 2594 ὃς
1887 2563 2018 2593 Rebelles
2032 2564 2158 2603 nostros,
2174 2566 2373 2605 victualia,seu

1302 2610 1448 2631 armaturas
1454 2623 1464 2639 ,
1488 2601 1533 2631 vel
1548 2601 1599 2632 alia
1613 2601 1761 2633 necessaria
1777 2602 1920 2646 deferant,
1935 2612 1988 2632 nec
2005 2612 2075 2633 cum
2096 2604 2135 2633 eis
2155 2606 2375 2636 communicent

1302 2639 1361 2670 ullo
1378 2640 1645 2679 modo3quoniam,
1662 2640 1683 2671 fi
1700 2640 1783 2671 dietis
1800 2639 1928 2671 Inimicis
1942 2640 2041 2671 nostris
2056 2641 2106 2672 sint
2120 2642 2376 2682 adhaerentes,ma-

1303 2678 1403 2748 nifgs'te
1418 2688 1516 2723 contra
1531 2689 1583 2710 nos
1605 2678 1719 2710 existere
1741 2679 1922 2711 dinoscuntur
1937 2702 1948 2718 ,
1975 2679 2069 2719 sicque
2089 2689 2188 2719 graves
2211 2682 2376 2714 inimicitias

1305 2727 1344 2747 no
1367 2727 1388 2747 is
1402 2725 1516 2755 pariant.
1865 2738 1870 2741 >

1344 2793 1412 2826 Dat.
1427 2803 1457 2826 ut
1472 2792 1559 2833 supra.

1494 2922 1543 2953 De
1565 2919 1717 2955 Conduffu
1728 2931 1783 2967 pro
1804 2916 1964 2968 Jocalibus
1984 2917 2180 2963 restituendis.

1306 3005 1360 3064 R
1370 3006 1395 3037 E
1405 3006 1435 3038 X
1460 3008 1596 3037 omnibus
1615 3006 1725 3037 Ballivis
1737 3006 1770 3037 &
1784 3005 1911 3038 fidelibus
1925 3006 1992 3045 suis,
2006 3005 2040 3036 ad
2057 3016 2144 3045 qum,
2163 3006 2224 3037 &o
2237 3005 2360 3037 salutern.
2395 3016 2470 3049 Am,
2483 3016 2526 3051 D.

1401 3046 1498 3078 Sciatis
1511 3046 1607 3084 quod,
1622 3055 1692 3076 cum
1707 3045 1822 3083 quidam
1837 3047 1918 3085 equi,
1931 3045 2052 3084 jocalia,
2067 3046 2100 3076 &
2114 3045 2243 3083 quaedam
2259 3045 2315 3088 alia·
2324 3046 2376 3075 bo-
2416 3065 2503 3096 1313·

1307 3096 1343 3117 na
1366 3085 1474 3122 nostra,
1492 3095 1578 3122 nuper
1593 3084 1665 3122 apud
1681 3084 1804 3114 Novum
1822 3083 1956 3116 Castrum
1975 3084 2050 3121 super
2066 3083 2237 3126 Tynam,&
2252 3083 2376 3122 alibi,ad
2393 3100 2446 3123 An.
2473 3098 2499 3123 6,

1304 3134 1405 3157 manus
1426 3122 1639 3161 Consanguinei
1658 3123 1692 3154 &
1707 3122 1793 3153 fidelis
1815 3123 1904 3153 nostri
1919 3123 2049 3153 Tlioniae
2065 3121 2190 3152 Comitis
2208 3121 2376 3153 Lancastriae
2394 3138 2421 3161 E.
2443 3144 2470 3160 2,

1307 3161 1496 3200 devenissent,
1514 3172 1576 3201 quae
1592 3161 1669 3192 idem
1690 3160 1800 3191 Comes
1815 3163 1897 3192 nobis
1912 3161 2050 3192 restituere
2065 3161 2099 3190 &
2113 3159 2227 3190 reddere
2242 3168 2367 3190 tenetur·
2394 3177 2451 3200 ΡΜ,
2467 3173 2494 3199 6,

1346 3202 1434 3239 NOS,
1448 3209 1563 3239 propter
1576 3200 1739 3231 discrimina
1751 3201 1858 3230 viarum
1868 3223 1877 3238 ,
1895 3201 1928 3231 ὅ(
1949 3200 2000 3229 alia
2021 3198 2158 3242 pericula,
2172 3208 2235 3242 quae
2246 3198 2287 3242 ‘de
2302 3184 2378 3229 facifi
2395 3215 2426 3238 E.
2448 3219 2472 3238 ,η
2499 3214 2528 3248 p:

1310 3239 1419 3279 possent
1436 3242 1601 3276 contingere
1613 3240 1642 3268 in
1653 3239 1706 3270 hac
1722 3248 1812 3276 parte,
1828 3237 2017 3269 concessimus
2031 3235 2123 3266 eidem
2139 3236 2253 3267 Comiti
2268 3260 2277 3275 ,
2300 3238 2376 3281 quod
2398 3259 2425 3278 ,-
2434 3257 2526 3278 md„

1308 3280 1365 3318 ipse
1377 3288 1478 3317 equos,
1487 3278 1589 3316 jocalia
1598 3300 1608 3315 ,
1622 3278 1655 3308 δε
1669 3278 1765 3308 omnia
1780 3277 1831 3307 alia
1845 3278 1918 3307 bona
1932 3276 2084 3315 praedicta,
2099 3275 2184 3313 usque
2200 3275 2360 3306 Londonias
2369 3298 2381 3315 ,

1310 3329 1358 3356 per
1373 3317 1555 3356 quadraginta
1568 3316 1699 3346 homines
1714 3315 1747 3346 ad
1763 3325 1854 3355 arma,
1869 3318 2029 3346 conducere
2043 3336 2053 3353 ,
2073 3312 2119 3345 vel
2140 3313 2264 3344 conduci
2287 3314 2379 3345 facere

1329 3356 1405 3387 ossit·

1309 3368 1328 3395 P
1347 3380 1408 3433 Illi}
1420 3394 1465 3425 vel
1483 3394 1550 3432 illis,
1566 3402 1668 3431 quem,
1683 3392 1727 3423 vel
1742 3401 1828 3430 quos,
1841 3391 1876 3422 ad
1891 3391 1949 3422 hoc
1964 3390 2154 3428 deputandum
2164 3389 2225 3433 ,vel
2240 3387 2374 3434 deputan-

1305 3433 1360 3464 dos
1375 3433 1531 3464 duxerimus
1541 3456 1550 3471 ,
1566 3434 1598 3462 ὅ(
1613 3433 1660 3470 qui
1673 3431 1839 3461 sufficientes
1854 3431 1942 3461 literas
1957 3431 2061 3459 nostras
2080 3429 2116 3458 de
2131 3435 2313 3472 acquietantia
2319 3428 2375 3467 ,de

1309 3472 1471 3509 receptione
1484 3480 1641 3509 equorum,
1651 3469 1785 3507 jocalium
1795 3492 1805 3507 ,
1820 3470 1853 3500 &
1866 3470 1985 3499 aliorum
2000 3470 2139 3510 bonorum
2156 3466 2372 3506 praedictorum,

1308 3512 1425 3549 praefato
1444 3509 1575 3547 Coniiti,
1588 3509 1634 3540 vel
1647 3509 1728 3546 i'piius
1741 3508 1889 3539 Attornato
1903 3506 2028 3536 liberabit
2037 3505 2096 3542 ,vel
2108 3504 2263 3535 liberabunt
2277 3504 2374 3536 nostro

1309 3550 1442 3586 nomine,
1462 3548 1616 3578 liberanda:
1958 3583 1962 3587 .
2114 3580 2119 3585 ¹
2136 3580 2140 3586 ⁵
2325 3583 2329 3588 η
2355 3582 2361 3588 .

1344 3588 1381 3618 Et
1397 3587 1462 3617 ideo
1483 3586 1565 3617 vobis
1585 3585 1766 3622 mandamus,
1782 3583 1860 3622 quod
1878 3581 2014 3623 praedieto
2031 3578 2162 3624 Comiti,
2185 3580 2229 3611 vel
2250 3581 2377 3612 horruni-

1308 3628 1359 3658 bus
1375 3625 1532 3666 praedietis,
1546 3634 1651 3662 equos,
1662 3624 1779 3661 jocalia,
1791 3626 1824 3654 ὅς
1838 3623 1887 3652 alii
1904 3623 1976 3664 bona
1992 3618 2141 3658 predicta,
2154 3618 2237 3657 usque
2254 3619 2374 3664 Londo-

1309 3667 1381 3703 nias,
1395 3674 1425 3695 ut
1440 3664 1634 3702 praemittitur,
1653 3661 1875 3692 conducentibus
1889 3681 1900 3699 ³.
1919 3658 2025 3688 ibidem
2046 3657 2200 3701 morando,
2220 3658 2253 3688 &
2269 3659 2372 3689 exinde

1310 3705 1344 3735 ad
1365 3703 1476 3743 propria
1491 3701 1652 3738 redeundo,
1665 3710 1722 3729 non
1738 3699 1872 3734 inferatis,
1885 3700 1929 3728 ieu
1938 3720 1948 3736 ,
1973 3703 2108 3735 quantum
2123 3706 2151 3726 in
2168 3697 2250 3740 vobis
2266 3696 2324 3735 est,
2338 3698 2374 3727 ab

1310 3743 1369 3773 aliis
1386 3741 1481 3771 inferri
1495 3740 1654 3777 permittatis
1667 3738 1792 3775 injuriam
1801 3758 1812 3774 ,
1821 3734 1976 3766 molestiam
1984 3759 1994 3774 ,
2003 3736 2159 3772 dampnum
2166 3757 2178 3773 ,
2186 3734 2375 3773 impedimen-

1312 3790 1373 3812 tum
1388 3779 1499 3818 aliquod
1510 3801 1519 3815 ,
1530 3778 1575 3808 vel
1594 3784 1760 3817 gravamen:
1844 3812 1849 3817 .
1896 3813 1900 3817 ,
1957 3812 1961 3816 Ι
2114 3812 2119 3817 ,
2160 3812 2166 3817 1
2320 3813 2325 3818 1
2357 3812 2362 3817 ι

1350 3818 1401 3855 Et,
1416 3819 1434 3848 fi
1450 3818 1517 3855 quid
1534 3817 1572 3845 eis
1589 3813 1762 3844 foris-metum
1779 3810 1878 3850 fuerit,
1893 3811 1923 3842 id
1938 3820 1993 3848 εις,
2015 3810 2072 3842 sine
2091 3810 2223 3842 dilatione
2238 3834 2250 3850 ,
2271 3811 2376 3843 faciatis

1380 3855 1472 3885 ndari:

1312 3867 1382 3926 enffi
1400 3894 1494 3931 cujus,
1508 3894 1569 3923 ὅτε.
1586 3890 1669 3928 usque
1680 3889 1720 3920 ,ad
1737 3888 1888 3921 secundam
1914 3888 2105 3921 Dominicam
2128 3887 2379 3927 Qadragesimae‚

1313 3935 1449 3974 proximo
1464 3931 1585 3962 futuram
1594 3952 1603 3968 ,
1616 3931 1761 3959 duraturas.

1335 4009 1440 4055 „Teste
1459 4008 1541 4048 Rege
1556 4005 1631 4046 apud
1649 4003 1952 4044 westmonasterium,
1973 4003 2089 4037 decimo
2109 4003 2185 4037 sexto
2198 4003 2245 4036 die
2261 4002 2380 4035 Februa*

1318 4060 1361 4082 111.
1800 4081 1831 4113 D
1851 4092 1866 4121 3
2339 4078 2384 4107 De
