2562 4279
732 170 847 210 -ET
932 164 1190 208 ACTA

16 259 92 290 Ann.
107 256 145 287 D.
200 259 314 288 Damno
337 260 369 287 Ρ.
390 257 421 287 de
437 257 509 295 Vixi,
529 259 638 287 Domini
658 256 689 285 de
710 258 737 286 V
739 255 847 285 illamur
867 252 905 289 (ἂψ
925 254 957 283 de
978 251 1140 289 Calvineto,
1158 252 1218 279 Da-

46 304 130 335 1327.
236 301 302 327 mjni
316 300 415 326 Sumam
428 296 565 336 Pontificis
579 298 688 334 Nepoti.

14 338 82 364 Hp.
104 343 116 370 3
266 373 354 404 Teste
371 382 399 404 ut
413 373 498 413 supra.

256 513 350 557 Super
377 507 540 542 Concordia
566 519 635 540 cum
665 510 742 554 Rege
764 508 895 539 Franciae
915 502 1121 549 reformanda.

15 606 90 637 Ann.
106 601 149 632 D.
165 596 223 657 R
234 594 313 633 EX,
332 595 436 625 dileeto
458 594 491 624 ὃ(
513 592 586 623 fideli
600 592 664 630 suo,
683 591 768 621 Petro
783 590 819 620 de
833 588 955 629 Greyle,
974 588 1148 620 Vicecomiti
1164 587 1217 618 Be-

245 643 429 671 iiangearum,
449 632 582 662 Salutem.

15 649 122 711 Ai3217·
204 673 293 710 Super
312 682 364 710 eo,
390 670 467 710 quod
491 671 572 700 nobis
589 677 623 698 ex
646 676 722 705 parte
740 665 833 697 vestra
855 666 943 697 extitit
963 663 1166 710 supplicatum,
1190 672 1221 695 ut

15 695 74 748 3⁷¹⁴,
107 702 111 707 ⁵
166 709 302 741 Domino
316 711 393 746 Regi
410 709 533 739 Franciae
548 706 662 743 Illustri,
684 705 839 735 Avunculo
851 705 967 742 nostro,
985 705 1089 734 nostras
1106 704 1221 734 Litteras

15 739 88 795 past·
108 767 129 784 χ,
165 749 369 787 supplicatorias
388 747 569 779 transmittere
591 753 749 774 curaremus
764 766 773 781 ‚
804 744 935 787 quatinus·
951 743 1005 787 ipse
1024 743 1145 773 Terram
1172 752 1221 786 ve-

15 802 37 824 13
68 781 82 815 ζ
166 787 270 825 stram,
288 797 368 825 qum,
386 785 531 816 occasione
543 783 680 819 Guerrae,
699 790 827 821 tempore
843 781 966 812 Domini
981 781 1015 811 E.
1033 791 1121 818 nuper
1133 780 1222 823 Regis

16 819 46 863 m*
68 817 94 861 ³6*
166 826 296 863 Anoliae,
316 825 401 855 Patris
425 822 525 859 nostri,
544 823 573 851 in
589 819 705 850 Ducatu
721 820 880 858 Aquitania>
896 829 1000 857 motae,
1019 821 1052 851 ad
1070 829 1166 849 manus
1180 820 1223 849 di-

14 856 76 907 go'rs
99 854 105 861 ’
166 864 205 894 eti
216 851 307 902 'Regis
322 863 447 893 Franciae
461 860 547 899 posita
559 859 662 897 fuerat,
681 858 839 897 restituere,
857 860 890 890 &
906 858 1047 889 Gentibus
1061 858 1111 888 suis
1125 858 1153 887 in
1169 866 1220 901 qo-

71 893 78 898 ”
165 903 231 933 dem
251 902 367 932 Ducatu
388 899 555 937 praecipere,
576 906 612 926 ne
635 907 704 934 vos,
722 897 865 934 praemifla
887 898 1054 935 occasione,
1072 894 1221 935 dampnifi-

166 949 248 978 cent‚
267 940 392 978 dignetur
404 936 565 968 nostrorum
578 945 609 965 ro
629 936 757 966 aminum
771 935 929 966 interventu
944 946 950 965 :

203 978 282 1009 Scire
303 986 354 1008 vos
373 976 523 1012 volumus,
541 976 600 1014 quo
640 975 700 1012 jam
722 974 877 1014 solempnes
897 974 933 1004 N
935 975 1033 1005 uncios
1052 973 1163 1004 nostros
1186 972 1221 1004 ad

166 1017 256 1054 ipsum
272 1016 385 1051 Regem
401 1013 596 1044 transmisimus
612 1023 666 1052 pro
679 1012 813 1043 Tractatu
828 1012 973 1051 habendo,
992 1013 1070 1051 super
1086 1013 1222 1043 reforma-

165 1056 244 1084 tione
265 1052 344 1083 Pacis
366 1053 398 1083 &
421 1052 612 1089 Concordiae,
634 1053 704 1081 inter
723 1051 812 1091 ipsum
832 1051 961 1091 Regem,
981 1052 1014 1082 δε
1036 1051 1120 1090 Nos,
1145 1052 1223 1094 super

166 1090 337 1128 Discordiis‚
353 1090 422 1121 hinc
442 1090 508 1120 inde
528 1091 631 1129 motis,
649 1090 700 1128 &‚
715 1091 861 1129 quamcito
878 1090 1037 1133 hujusmodi
1058 1089 1224 1132 Concordia

164 1131 247 1161 fuerit
265 1129 430 1168 reformata,
447 1130 534 1168 parati
550 1129 652 1160 erimus
665 1138 696 1158 ea
711 1138 764 1165 pro
777 1129 874 1167 vobis,
893 1139 976 1168 penes
989 1128 1100 1159 dietum
1115 1127 1224 1171 Domi—

164 1177 235 1198 num
250 1166 384 1206 Regem,
399 1177 566 1206 procurare,
582 1177 646 1206 quae
659 1166 754 1198 vestris
767 1166 883 1197 Honori
897 1168 1052 1199 convenire
1066 1166 1226 1198 videbimus

168 1207 204 1238 &
254 1207 326 1236 uieti.

202 1205 271 1275 Βεεζῑ.
285 1244 359 1283 apud
371 1243 660 1276 Westmonasteriutn
668 1267 678 1283 ‚
696 1244 833 1276 vicesimo
844 1245 946 1283 quinto
960 1243 1005 1275 die
1021 1243 1127 1275 Martii.

420 1384 471 1416 De
488 1380 688 1416 Prohibitione
703 1395 760 1416 non
778 1378 974 1428 obftrvanda.

18 1471 94 1502 Ann.
110 1469 152 1500 D.
171 1464 306 1527 REX
325 1467 460 1498 omnibus
471 1467 506 1498 ad
520 1477 608 1508 quos,
625 1469 686 1500 ὅτε.
700 1469 831 1500 Salutem.
1051 1504 1055 1509 ¹
1171 1500 1176 1506 ,
1221 1501 1227 1506 ,

44 1517 128 1549 1327.
215 1542 218 1543 .
290 1504 463 1544 Supplicavit
486 1508 567 1537 nobis
582 1530 592 1546 ,
616 1508 779 1538 venerabilis
802 1506 884 1537 Pater
900 1528 910 1544 ‚
935 1503 1109 1549 Caucehnus
1122 1525 1132 1540 ,
1157 1499 1228 1544 tituli

18 1553 73 1576 An.
96 1559 118 1575 1.
173 1541 342 1573 &initorum
364 1543 526 1575 Marcellini
545 1546 578 1576 ὃς
600 1545 676 1576 Petri
697 1546 837 1577 Presbiter
855 1543 1028 1580 Cardinalis,
1047 1551 1097 1581 per
1118 1548 1231 1577 petitio-

171 1590 238 1610 nem
253 1581 342 1619 suam,
362 1592 460 1613 coram
474 1583 556 1614 nobis
569 1585 603 1615 δε
623 1583 760 1615 Concilio
772 1583 870 1614 nostro
885 1582 1054 1625 exhibitam,
1064 1587 1119 1622 ut,
1195 1616 1200 1621 .

210 1617 291 1650 Cum
306 1620 404 1652 diversi
417 1622 547 1652 homines
561 1623 590 1652 in
605 1623 710 1662 Regno
731 1626 745 1640 ’ἓ
760 1622 858 1652 nostro
869 1621 919 1650 sibi
935 1621 963 1663 iri
976 1619 1087 1649 diversis
1099 1625 1232 1659 pecunia-

169 1666 235 1688 rum
257 1658 394 1698 summis,
418 1670 471 1698 pro
491 1660 607 1691 decimis
627 1662 660 1691 ὃς
682 1661 817 1691 fructibus
840 1658 1043 1689 beneficiorum
1066 1655 1180 1699 suorum¹
1202 1663 1232 1682 m

171 1696 274 1735 Angli&
287 1720 296 1734 ‚
319 1707 367 1737 per
390 1699 460 1735 iplos
481 1699 597 1736 emptis,
617 1708 762 1729 teneantur
776 1722 786 1737 ,
813 1698 847 1729 &
867 1698 911 1735 ei,
933 1696 980 1726 seu
1001 1691 1234 1724 PrOCUI‘atOssbUS

171 1734 222 1764 suis
235 1734 302 1765 inde
317 1735 467 1767 satisfacere
483 1737 619 1767 malitiose
630 1736 772 1773 recusent,
1015 1771 1019 1777 ,

209 1772 246 1803 Et
264 1773 351 1804 iidem
373 1774 519 1812 homines,
559 1785 710 1812 uamquam
725 1775 750 1804 se
761 1774 914 1813 spontanee
928 1770 1114 1802 submisissent
1131 1769 1234 1814 coher-

171 1811 249 1841 cioni
265 1812 466 1849 jurisdictionis
487 1784 704 1852 Ecglefiasticae,
721 1811 928 1850 voluiffentque
938 1810 1068 1854 quodad
1082 1809 1233 1839 solutiones

170 1849 345 1880 summarum
367 1850 491 1888 illarum,
511 1851 529 1881 si
550 1850 719 1891 deficerent,
737 1852 864 1882 terminis
885 1848 1057 1887 constitutis,
1073 1858 1122 1886 per
1138 1846 1235 1878 censu-

169 1897 211 1918 ras
226 1887 444 1928 Ecclefiasticas,
460 1889 595 1927 compelli
609 1890 737 1929 poffent,

169 1926 424 1994 ffiNichilominus
448 1927 655 1968 prohibitiones
678 1931 766 1969 regias
787 1928 918 1960 deferunt
937 1925 1075 1966 judicibus
1096 1923 1235 1956 Ecclesia-

205 1974 261 2001 εις,
1178 2002 1183 2008 ,

207 2003 340 2041 Qarum
362 2014 499 2043 praetextu
522 2006 607 2037 iidem
620 2007 729 2045 judices
743 2006 830 2046 ipsos,
847 2005 880 2036 ad
897 2004 1047 2048 solutiones
1061 2002 1116 2033 illas
1131 2001 1235 2046 sacten-

169 2041 235 2110 ga?
253 2044 425 2110 cgmpellere
444 2055 504 2076 non
524 2046 643 2084 audent,
659 2046 751 2086 sicque
766 2045 842 2075 idem
857 2043 1013 2074 Cardinalis
1025 2042 1061 2073 de
1073 2042 1171 2073 debitis
1185 2040 1236 2071 suis

191 2090 207 2110 e
219 2090 267 2110 rau
287 2090 347 2112 atur

205 2118 336 2187 §dimus
349 2104 405 2159 {jus
417 2120 615 2162 indempnitati
629 2123 659 2153 in
673 2121 728 2153 hac
741 2130 817 2162 parte
830 2121 989 2162 prospicere
1005 2120 1141 2158 gratiose;

246 2167 277 2187 os

209 2195 256 2226 Ad
276 2181 420 2227 lz’iudabilia
440 2198 587 2237 obsequia,
605 2210 669 2240 quae
688 2200 764 2231 idem
779 2199 934 2231 Cardinalis
948 2199 1083 2230 Domino
1098 2197 1131 2228 E.
1147 2204 1235 2234 nuper

169 2233 249 2270 Regi
266 2234 397 2274 Angliae,
414 2235 489 2267 Patri
511 2237 627 2277 nostro,
645 2239 800 2278 impendit,
821 2240 854 2270 &
875 2238 994 2276 Nobis,
1010 2238 1043 2269 &
1060 2238 1114 2268 toti
1127 2235 1234 2273 Regno

167 2272 282 2310 nostro,
301 2274 388 2304 indies
407 2275 570 2313 impendere
590 2287 650 2307 non
671 2277 790 2316 desistit,
808 2277 1066 2308 considerationem
1085 2275 1235 2318 habentes,

166 2311 344 2378 acdvolentes
361 2314 416 2351 ejus
431 2314 626 2354 indempnitati
639 2315 691 2346 hac
705 2316 768 2348 vice
782 2315 818 2347 de
830 2316 916 2356 gratia
931 2314 1029 2346 nostra
1044 2314 1154 2352 speciali
1167 2322 1233 2350 pro-

168 2358 197 2380 vi
219 2359 279 2388 ere,

204 2387 345 2419 Volumus
367 2391 400 2420 ὃς
422 2391 607 2423 concedimus
620 2393 698 2432 quod
710 2392 840 2433 praefatus
853 2391 1010 2423 Cardinalis
1019 2415 1028 2428 ,
1046 2391 1080 2422 &
1094 2391 1233 2422 Procura-

168 2432 242 2456 tores
255 2427 295 2457 sui
307 2428 455 2468 praedieci,
470 2433 567 2462 ornnia
582 2431 692 2470 debita,
709 2442 772 2470 quae
787 2431 926 2471 praedffito
942 2430 1099 2469 Cardinali,
1115 2440 1169 2469 pro
1185 2429 1234 2459 de-

169 2465 251 2494 cimis
262 2465 296 2496 &
309 2465 444 2497 frmitibus
457 2469 664 2501 beneficiorum
679 2470 812 2508 suorum,
831 2471 860 2500 in
875 2469 993 2513 Anglia,
1012 2469 1167 2506 debentur,
1185 2478 1234 2512 pe·-

169 2510 229 2533 tere
251 2503 284 2534 ὅτ.
300 2505 410 2541 exigere
432 2506 461 2535 in
476 2507 544 2537 foro
559 2508 768 2546 Ecclefiastico,
787 2509 820 2539 &
836 2508 914 2546 quod
924 2508 1032 2546 judices
1047 2506 1236 2538 Ecclesiastici

171 2540 286 2571 eosdem
308 2541 480 2583 Debitores,
498 2546 533 2575 ad
547 2547 697 2577 solutiones
710 2547 874 2578 debitorum
886 2547 999 2576 illorum
1014 2545 1169 2583 faciendas,
1185 2555 1234 2585 per

169 2579 360 2648 {Quascumque
382 2583 506 2613 censuras
528 2583 664 2615 Ecclesiae
677 2608 687 2623 ,
711 2585 881 2624 compellere
902 2584 1006 2624 poffint
1019 2607 1029 2622 ,
1054 2594 1236 2624 quacumque

199 2617 369 2662 rohibitione
383 2621 479 2652 nostra
493 2632 552 2652 non
566 2622 706 2654 obstante.

209 2655 243 2687 In
259 2666 354 2695 quuS,
373 2659 432 2689 &c.
448 2669 497 2699 per
511 2662 658 2692 biennium
672 2661 822 2692 duraturas.
1220 2699 1224 2704 Ι

224 2694 313 2725 Teste
329 2695 410 2736 Rege
423 2698 498 2735 apud
511 2699 820 2739 westmonasterium,
834 2701 970 2732 vicefimo
984 2700 1061 2732 sexto
1074 2700 1110 2732 de
1127 2698 1234 2732 Martii.

627 2778 680 2806 Per
693 2775 774 2816 ipsicm
788 2780 884 2816 Regem
897 2776 935 2813 ό»
951 2777 1103 2808 Concilium.

291 2917 341 2950 De
362 2918 545 2963 Sufferentia
574 2932 644 2954 cum
670 2921 895 2967 Flandrmfibus
912 2923 1115 2972 proroganda,

20 3009 97 3040 Ann,
114 3008 157 3043 D·
175 3001 307 3059 REX
326 3002 557 3047 Vicecomitibus
573 3005 751 3045 Louctontae,
766 3007 900 3039 Salutem.

43 3056 129 3087 1327,
287 3040 367 3072 Cum
386 3050 456 3073 inter
478 3042 643 3088 Dominum
665 3045 706 3088 E.
721 3055 810 3084 nuper
833 3046 943 3086 Regem
965 3047 1073 3085 Angliae
1087 3071 1096 3087 ‚
1118 3047 1233 3080 Patrem

22 3091 76 3114 An.
95 3097 118 3113 ι,
172 3077 318 3118 nostrum,
336 3091 389 3118 pro
412 3081 455 3120 se,
477 3082 511 3112 ὃς
530 3081 653 3113 Subditis
669 3084 735 3121 suis,
758 3093 791 3114 ex
813 3094 888 3122 parte
909 3084 980 3123 uni,
1005 3088 1038 3118 &
1059 3086 1234 3127 Burgimagi-

21 3129 51 3152 E.
74 3135 98 3161 3,
173 3116 245 3147 stros
259 3140 270 3155 ‚
292 3117 428 3149 Scabinos
443 3143 452 3158 ,
477 3120 511 3150 &
533 3119 691 3159 Consules,
716 3131 748 3152 ac
768 3121 1017 3154 Communitatem
1040 3125 1176 3155 Villarum
1197 3127 1233 3157 de

20 3163 110 3200 Claus.
130 3174 154 3193 ι,
173 3154 290 3200 Bruges,
308 3157 342 3187 ὃς
362 3156 425 3196 Ipre
463 3168 514 3195 pro
535 3158 579 3196 se,
599 3160 633 3191 &
654 3160 709 3190 aliis
729 3160 910 3201 hominibus,
930 3163 962 3193 δε
978 3162 1188 3195 Mercatoribus
1199 3166 1235 3196 de

172 3193 320 3233 Flandna,
340 3194 390 3225 fibi
404 3180 620 3239 adhaerentibus,
638 3208 671 3228 ex
685 3198 786 3238 altera,

211 3232 301 3270 Super
321 3232 476 3264 Discordiis
497 3235 530 3265 &
550 3235 792 3276 Diffenfionibus,
810 3239 884 3269 inter
902 3238 992 3269 dictos
1007 3239 1142 3271 Subditos
1155 3242 1235 3278 ipfius

172 3270 260 3315 Patris
271 3270 375 3311 nostri,
395 3272 428 3302 &
443 3271 591 3317 homines,
608 3275 642 3306 &
656 3275 830 3308 Mercatores
845 3277 881 3308 de
894 3278 1030 3317 praedicta
1044 3278 1139 3311 Terra
1151 3280 1174 3310 F
1175 3281 1233 3311 lan-

173 3309 260 3348 driae,
275 3319 364 3347 nuper
376 3319 491 3350 exortis,

211 3347 354 3387 Qiaedam
375 3347 556 3388 sufferentia,
573 3351 657 3391 usque
678 3352 711 3381 ad
725 3361 834 3384 certum
847 3363 972 3394 tempus,
988 3366 1077 3393 nuper
1089 3357 1154 3388 inita
1168 3356 1232 3389 fuis-

171 3387 212 3418 set
227 3388 261 3417 &
276 3386 399 3425 firmata,
417 3387 466 3417 sub
481 3387 526 3426 spe
542 3390 615 3425 pacis
630 3390 664 3420 &
678 3393 843 3422 concordiae
858 3394 1043 3424 reformandae
1059 3405 1064 3424 z

207 3425 287 3464 Qiae
304 3424 418 3468 quidem
440 3424 623 3465 Concordia,
641 3437 755 3468 propter
775 3430 906 3465 quaedam
929 3433 1149 3473 impedimenta,
1170 3445 1231 3466 me-

169 3464 220 3495 dio
233 3473 291 3495 tem
313 3473 362 3493 ore
374 3465 600 3503 intervenientia,
615 3466 744 3496 nondum
761 3467 801 3497 est
815 3468 964 3500 reformata
982 3481 988 3500 z

208 3501 253 3534 Ac
311 3512 358 3541 os,
375 3501 409 3532 ad
430 3503 634 3541 requisitionem
658 3503 787 3543 Burgima
809 3506 958 3546 istrorum,
975 3509 1179 3550 scabinorum,
1197 3514 1231 3544 &

170 3539 345 3577 Consulum,
365 3550 397 3570 ac
415 3541 498 3570 totius
513 3539 737 3573 Communitatis
750 3515 886 3575 Viffiarum
902 3546 1116 3587 praedic‘tarum,
1135 3550 1230 3582 Suffe-

168 3580 288 3610 rentiam
311 3579 386 3610 illam
401 3580 652 3618 acceptaverimus‚
668 3581 701 3611 &
716 3591 792 3621 eam,
810 3584 860 3614 sub
872 3583 917 3622 spe
932 3585 1090 3622 hujusmodi
1105 3598 1228 3619 concor-

168 3617 224 3648 diae
239 3617 442 3656 reformandae,
461 3617 544 3655 usque
557 3617 592 3647 ad
607 3618 720 3649 Festum
741 3620 853 3652 Paschae
869 3624 1001 3659 proximo
1015 3624 1158 3664 futurum,
1177 3628 1228 3666 δε,

168 3655 207 3686 ab
229 3656 331 3687 eodem
350 3655 435 3686 Festo
449 3679 458 3694 ,
478 3666 525 3694 per
544 3656 614 3686 duos
634 3666 721 3687 annos
733 3681 743 3696 ,
762 3661 897 3699 proximo
918 3661 1059 3702 sequentes
1071 3686 1082 3701 ,
1103 3664 1227 3703 plenarie

168 3695 327 3733 completos
337 3717 347 3732 ,
362 3694 523 3725 duxerimus
559 3695 750 3734 rorogandutn
763 3707 768 3726 z

190 3732 299 3775 ‘Vobis
319 3733 513 3772 praecipimus,
553 3734 647 3763 rmiter
669 3735 859 3783 injungentesi,
877 3738 957 3776 quod
971 3740 1000 3768 in
1015 3738 1139 3771 Civitate
1154 3751 1225 3779 prae-

169 3768 245 3801 didita
256 3771 369 3808 publice
385 3772 568 3809 proclamari,
585 3773 617 3802 ὃς
631 3782 663 3802 ex
676 3782 752 3812 parte
766 3775 861 3806 nostra
878 3778 992 3807 firmiter
1009 3778 1129 3809 inhiberi
1141 3781 1225 3813 facia-

168 3809 217 3845 tis,
234 3818 270 3838 ne
289 3811 365 3849 quis,
379 3810 430 3840 sub
471 3811 528 3841 ravi
549 3810 735 3842 Forisfacturfi
754 3812 867 3852 nostra,
885 3815 1067 3854 hominibus,
1082 3826 1129 3848 aut
1148 3828 1225 3850 mer-

167 3847 308 3888 catoribus
319 3848 355 3878 de
368 3848 436 3879 Flan
458 3848 514 3887 ria,
531 3859 579 3886 per
594 3849 732 3888 Terram,
750 3851 794 3881 vel
806 3861 855 3890 per
870 3852 970 3891 Mare,
988 3854 1163 3896 dampnum,
1181 3859 1224 3888 in-

162 3885 280 3922 juriam,
299 3886 344 3917 seu
367 3886 544 3926 molestiam,
563 3887 664 3918 inferat
684 3890 784 3926 quovis
807 3890 912 3929 modo,
927 3891 1042 3923 durante
1055 3893 1224 3928 Sufferentia

165 3921 318 3961 praedict&
334 3924 373 3955 set
390 3934 489 3956 ornnes
511 3926 544 3957 &
567 3926 680 3965 singuli,
700 3927 736 3957 de
755 3927 860 3967 Regno
876 3929 991 3970 nostro,
1012 3931 1082 3967 ipsos
1097 3932 1225 3966 homines

167 3959 203 3990 ὃς
226 3959 417 4001 Mercatores,
446 3973 515 3994 cum
534 3963 638 4003 Bonis,
656 3965 689 3996 ὃ(
711 3965 893 3997 Mercandifis
912 3968 978 4006 suis,
995 3969 1067 4000 infra
1085 3971 1224 4009 Regnum

167 3995 475 4041 nostrumyenientes,
493 4003 614 4047 faciant,
630 4005 688 4036 tam
712 4013 762 4043 per
775 4004 912 4044 Terram,
928 4008 1016 4047 quam
1031 4017 1080 4048 per
1096 4009 1225 4051 Aquam,

166 4035 538 4107 fagjlbfferpifflaoan.

19 3245 46 3275 p.
67 3223 99 3267 1..

20 3286 58 3304 m.
76 3286 120 3306 11-

18 3314 80 3351 dors.

1271 164 1747 213 PUBLICA.
2238 177 2318 228 185

1298 250 1387 281 Teste
1401 250 1482 290 Rege
1495 254 1567 291 apud
1583 255 1870 289 westmonasterium
1879 258 2031 297 ,vicesimo
2045 269 2123 292 nono
2136 259 2181 291 die
2194 259 2302 291 Martii.
2334 261 2411 294 Ann.
2426 261 2473 300 D:

1688 335 1740 362 Per
1752 334 1834 372 ipsizm
1848 339 1943 374 Regem
1958 334 1996 371 (ῥ’
2009 335 2162 367 Concilium.
2333 311 2447 379 eiiii}

1262 400 1413 477 glizllirgdem
1441 404 1532 434 modo
1559 407 1723 439 mandatum
1751 410 1791 440 est
1813 412 1925 449 singulis
1948 413 2170 444 vicecomitibus
2187 423 2237 453 per
2259 413 2321 445 Ari-2

1311 585 1368 618 Ad
1391 587 1639 634 Burgimagistros
1663 588 1698 621 de
1728 591 1858 637 Bruges,
1878 592 1967 639 fhper
1984 593 2065 627 alifia
2082 596 2272 640 Suffirentia.

1267 670 1893 744 Ri'ffi‘cssflnffffiiffflsssiss’villsshsffffffisss’
1918 677 2061 745 {Cib'ffiss’
2085 679 2270 720 0⁰¹¹st¹¹³¹³⁸⁵²
2289 681 2322 712 ὃς
2338 683 2464 717 AmD·

1302 747 1473 791 Venientem
1493 749 1527 779 ad
1548 749 1632 787 Nos,
1651 760 1720 779 curn
1745 752 1828 782 literis
1845 726 2167 796 zelfrisapkiffcniiratoriis,
2184 758 2322 790 dilectum
2335 733 2443 794 Alf—2¹7

1264 787 1349 817 nobis
1363 786 1397 816 Ν
1401 787 1540 817 icholaum
1557 787 1592 817 de
1608 788 1686 826 Lek,
2338 808 2367 831 F..
2390 815 2415 841 3,

1303 825 1341 869 Et
1356 826 1454 864 nobis,
1474 834 1509 855 ex
1521 834 1596 866 parte
1610 826 1717 865 vestra,
1735 827 1934 867 supplicantem
1946 838 1976 861 ut
1991 830 2154 873 Treugam,
2170 835 2214 866 seu
2231 836 2324 867 Suffe-
2377 843 2442 872 Ibid.

1263 872 1382 894 rentiam

1304 901 1380 932 Inter
1392 886 1564 933 ’Dominum
1584 903 1618 933 E.
1645 914 1734 942 nuper
1754 904 1867 945 Regem
1889 907 1908 926 '¹‘
1925 906 2036 954 Angliae
2051 932 2062 947 ,
2084 909 2254 942 Genitorem
2274 925 2327 945 noa
2345 920 2361 936 *
2382 920 2439 949 IV.

1267 939 1372 977 strum,
1391 950 1444 979 pro
1464 941 1506 979 se,
1526 942 1559 972 ὃς
1580 942 1693 973 subditis
1705 943 1772 980 suis,
1791 953 1824 974 ex
1839 953 1916 982 parte
1932 955 2007 985 una,
2023 957 2055 977 ac
2070 957 2136 986 vos,
2154 950 2186 979 ὃ(
2202 951 2328 983 homines
2347 966 2413 994 279·

1265 978 1301 1008 de
1323 978 1398 1010 Villa
1420 979 1456 1009 de
1476 979 1553 1017 Ipre,
1574 981 1708 1019 vobisque
1724 981 1893 1013 adhaerentes
1907 983 1943 1014 de
1956 984 2104 1024 Flandrii,
2119 996 2153 1016 ex
2165 997 2242 1028 parte
2256 991 2324 1029 alifi,

1265 1016 1344 1056 super
1359 1017 1516 1048 Discordiis
1530 1018 1597 1048 hinc
1611 1019 1676 1050 inde
1690 1022 1774 1051 motis
1787 1031 1876 1059 nuper
1888 1023 1984 1053 initam
1993 1046 2003 1062 ‚

1304 1056 1461 1094 Acceptare
1479 1057 1512 1087 &
1526 1066 1677 1096 prorogare
1690 1068 1863 1099 curaremu5‚

1305 1094 1475 1124 Audivimus
1491 1097 1578 1132 quam
1594 1097 1732 1135 benigne,

1308 1131 1468 1164 Dilectioni
1487 1133 1584 1163 vestrae
1605 1134 1787 1173 fignificantes
1806 1138 1887 1175 quoti
1900 1160 1909 1175 ,
1928 1138 1968 1168 ob
1989 1137 2151 1173 desiderium
2165 1166 2175 1181 ,
2190 1143 2267 1182 quod
2281 1144 2328 1175 ha-

1269 1172 1386 1210 bemus,
1404 1172 1528 1202 ut‘inter
1549 1171 1661 1203 nostros
1682 1174 1815 1205 Subditos
1837 1177 1869 1206 δε
1890 1176 1951 1207 Vos
1971 1179 2049 1216 plena
2064 1182 2230 1212 reformetur
2244 1182 2327 1213 Con<

1270 1210 1367 1241 cordia
1382 1234 1391 1249 ,
1417 1210 1451 1241 &
1474 1219 1569 1240 mutua
1591 1211 1774 1242 Communio
1794 1213 1927 1245 habeatur
1941 1239 1950 1254 ‚
1975 1216 2080 1247 dietam
2102 1219 2263 1259 Treugam,
2284 1221 2329 1252 seu

1270 1248 1483 1286 Sufferentiam‚
1500 1249 1585 1287 usque
1605 1250 1638 1280 ad
1658 1250 1761 1281 festum
1783 1251 1896 1283 Paschae
1918 1255 2051 1292 proximo
2065 1256 2206 1296 futurum,
2225 1260 2274 1296 δε,
2290 1261 2328 1290 ab

1270 1287 1378 1356 εοάεηέ
1387 1286 1488 1326 Festo,
1507 1298 1556 1325 per
1572 1288 1655 1319 Duos
1668 1289 1784 1329 An1108,
1797 1292 1931 1330 proximo
1944 1293 2103 1331 sequenteS,
2121 1296 2249 1327 duximus
2263 1308 2328 1336 pro-

1272 1337 1305 1357 το
1325 1337 1359 1356 an
1379 1336 1425 1356 am
1442 1336 1448 1355 ι

1337 1373 1346 1395 t
1368 1365 1470 1403 vobis,
1494 1366 1574 1403 super
1595 1365 1652 1397 hoc
1667 1390 1676 1406 ,
1699 1367 1788 1399 literas
1806 1368 1912 1400 nostras
1932 1368 2063 1401 Parentes
2079 1394 2088 1409 ,
2114 1381 2161 1411 per
2184 1374 2331 1410 praefatum

1272 1403 1489 1434 Procuratorem
1512 1404 1637 1435 vestrum
1654 1428 1664 1443 ,
1690 1407 1903 1438 transmittimus
1923 1420 1934 1445 ς
1975 1409 2014 1439 ita
2037 1410 2116 1447 quod
2140 1421 2191 1441 vos
2214 1413 2333 1443 eandem

1273 1442 1438 1489 Treugam,
1457 1442 1502 1472 seu
1525 1442 1739 1483 Sufferentiam,
1755 1447 1890 1485 publicari
1910 1447 1943 1477 &
1958 1447 2099 1478 observari
2116 1448 2196 1479 facias
2211 1460 2244 1480 ex
2259 1461 2334 1489 parte

1275 1480 1368 1511 vestra
1381 1505 1390 1519 ‚
1416 1481 1450 1511 &
1472 1481 1560 1511 literas
1583 1482 1683 1512 vestras
1703 1483 1832 1515 Patentes
1845 1508 1854 1523 ,
1878 1485 1915 1515 de
1939 1485 2100 1524 hujusmodi
2122 1486 2240 1527 Treuga
2255 1513 2264 1527 ,
2289 1490 2335 1520 seu

1279 1518 1479 1562 Sufferentian,
1512 1519 1617 1557 Maiori
1646 1520 1773 1553 Civitatis
1800 1523 1905 1554 nostrae
1927 1523 2090 1554 Londoniae
2112 1548 2121 1563 ,
2162 1527 2241 1556 fimul
2267 1537 2337 1558 curn

1274 1559 1357 1589 literis
1377 1557 1472 1588 vestris
1489 1558 1740 1601 Testimonialibus
1759 1561 1794 1591 de
1814 1561 2040 1593 proclamatione
2056 1564 2204 1603 praedidffi„
2220 1575 2270 1603 per
2285 1576 2337 1598 vos

1276 1596 1365 1633 facta,
1384 1597 1569 1626 transmittatis
1584 1607 1652 1627 curn
1666 1598 1805 1629 celeritate
1819 1601 1872 1638 qua
1886 1602 2010 1638 poteritis
2027 1612 2032 1630 :

1313 1634 1370 1664 Cui
1386 1635 1556 1672 injunximus
1569 1635 1664 1674 quod,
1682 1639 1798 1674 receptis
1813 1639 1970 1676 hujusmodi
1986 1640 2087 1670 Literis
2099 1641 2210 1680 vestris,
2229 1643 2337 1674 dietam

1276 1673 1441 1714 Treugam,
1460 1682 1509 1711 per
1530 1673 1628 1704 Brevia
1649 1674 1761 1714 nostra,
1782 1685 1847 1713 quae
1862 1678 1887 1707 ei
1902 1677 2010 1708 liberari
2025 1679 2161 1719 fecimus,
2179 1691 2228 1719 per
2243 1691 2337 1714 totum

1276 1713 1413 1743 Remum
1429 1711 1559 1741 nostrum
1573 1712 1709 1750 publicari
1724 1714 1806 1745 faciat
1820 1716 1852 1746 ὃς
1867 1716 1964 1746 teneri.

1316 1737 1463 1781 Caeterum
1473 1773 1482 1787 ,
1500 1759 1531 1781 ut
1547 1751 1690 1789 cujussibet
1706 1751 1908 1784 Contentionis
1924 1755 2036 1785 materia
2052 1757 2124 1786 inter
2137 1756 2270 1789 Subditos
2284 1770 2338 1790 no-

1278 1789 1365 1827 strOS,
1383 1790 1417 1820 δε
1439 1787 1518 1827 Vos,
1533 1799 1566 1819 ac
1587 1798 1704 1820 caeteros
1724 1791 1760 1821 de
1775 1792 1920 1830 Flandria,
1937 1793 2090 1832 auferatur,
2109 1796 2141 1826 &
2156 1795 2235 1826 Pacis
2249 1798 2280 1828 &
2294 1798 2338 1828 A-

1278 1829 1394 1859 micitiae
1412 1827 1520 1857 foedera
1541 1827 1746 1867 reformentur,
1765 1832 1972 1862 concordatum
1987 1832 2045 1870 est,
2064 1834 2097 1864 ὃς
2113 1835 2277 1865 concessum
2292 1846 2339 1875 per

1277 1867 1362 1906 Nos,
1386 1867 1419 1897 &
1442 1865 1608 1896 Concilium
1630 1867 1774 1906 nostrum,
1798 1879 1831 1899 ac
1855 1869 2073 1900 Procuratorem
2093 1872 2218 1903 vestrum
2238 1875 2341 1912 praedi-

1278 1906 1376 1943 dium,
1395 1905 1473 1943 quiid
1494 1905 1522 1934 in
1547 1905 1630 1935 Festo
1652 1905 1816 1937 Nativitatis
1841 1907 1938 1938 Sanffl
1950 1908 2086 1945 johannis
2101 1910 2230 1949 Baptistae
2246 1914 2340 1949 proxi-

1277 1947 1332 2013 {lnss
1351 1945 1464 1982 futuro,
1482 1943 1560 1982 super
1579 1944 1779 1975 reformatione
1798 1946 1960 1984 huiusmodi
1977 1946 2172 1988 Concordiae,
2190 1950 2340 1982 Tractatus

1299 1995 1312 2014 a
1334 1992 1416 2014 eatur.

1316 2022 1427 2052 Placeat
1446 2022 1530 2059 igitur
1554 2021 1651 2058 vobis,
1670 2021 1703 2051 ad
1725 2022 1835 2052 dietum
1859 2023 1954 2063 diem,
1981 2033 2074 2055 certos
2097 2025 2251 2065 Nuncios,
2271 2039 2339 2059 cum

1278 2060 1426 2091 sufficienti
1446 2059 1602 2096 Potestate,
1617 2061 1650 2089 ad
1674 2060 1743 2090 Nos
1763 2061 1915 2101 destinare,
1934 2072 1964 2093 ut
1984 2073 2032 2100 per
2053 2064 2141 2102 ipsos,
2158 2066 2191 2095 &
2204 2065 2339 2105 deputari-

1278 2100 1329 2130 ‹los
1346 2101 1361 2129 a
1384 2099 1483 2137 nobis,
1491 2098 1583 2167 Kflenti
1607 2097 1690 2137 poffit
1712 2097 1896 2142 Concordia,
1915 2101 2064 2139 adjuvante
2082 2101 2233 2142 Domino,
2249 2105 2339 2135 refor-

1279 2139 1365 2207 massi,
1383 2137 1415 2167 ad
1425 2147 1489 2206 guo
1523 2146 1609 2174 opem
1621 2145 1761 2176 apponere
1776 2139 1944 2170 intendimus
1956 2149 2139 2178 oportunam.

1349 2185 1407 2215 ata,
1448 2184 1485 2207 ἐ.

1317 2253 1487 2285 Confimiles
1510 2253 1614 2284 Literae
1637 2253 1702 2284 fiant
1722 2253 1964 2296 Burgimagistris,
1984 2256 2130 2296 Scabinis,
2151 2257 2338 2299 Consulibus,

1279 2293 1312 2324 δε
1328 2293 1381 2323 toti
1396 2291 1609 2323 Communitati
1623 2291 1706 2323 Villae
1718 2293 1753 2323 de
1768 2293 1840 2333 lpre.

1279 2427 1441 2461 Trasz‘atur
1457 2427 1550 2473 sitper
1566 2426 1785 2473 Diffimstonibus
1802 2433 1880 2462 inter
1898 2432 1987 2477 Reges
2005 2431 2123 2477 Angliae
2141 2433 2178 2469 &y
2199 2434 2338 2468 anciae.

1279 2514 1338 2575 A
1356 2512 1446 2543 Touz
1478 2522 1550 2544 ceux
1571 2536 1581 2552 ,
1618 2514 1648 2551 qi
1676 2522 1788 2545 verront
1815 2525 1854 2545 ou
1880 2523 1980 2547 orront
2005 2515 2042 2546 les
2067 2516 2203 2556 presentes
2226 2519 2319 2551 lettres
2334 2543 2343 2559 ,
2361 2543 2427 2574 Am
2448 2541 2479 2573 D

1357 2562 1447 2590 nous,
2432 2568 2436 2573 ,
2486 2568 2492 2575 ,

2380 2592 2392 2612 1
2401 2593 2434 2623 32
2440 2593 2466 2619 7.

1317 2631 1422 2659 Pierres
1440 2628 1566 2674 Evesque
1583 2629 1615 2658 de
1633 2628 1780 2660 chartres.
2355 2625 2407 2648 A*
2432 2632 2455 2649 ¹·

1314 2670 1420 2698 Pierres
1439 2670 1566 2709 Evesque
1583 2668 1615 2698 de
1633 2672 1773 2707 Auferre,
2354 2664 2384 2687 13-
2410 2670 2434 2696 3·

1315 2706 1452 2745 Phelippes
1467 2711 1568 2736 Counte
1583 2708 1618 2736 du
1635 2707 1746 2747 Valoys‚
1764 2708 1915 2745 d’Amien,
1934 2706 1972 2743 (ἐν
1989 2708 2024 2738 du
2040 2711 2174 2748 Mainne,
2356 2701 2413 2726 1³³¹·
2436 2708 2461 2729 ¹-

1314 2745 1449 2775 Gauchier
1468 2746 1499 2775 de
1520 2745 1668 2786 Chastillon
1682 2769 1692 2784 ,
1720 2745 1873 2785 Conestable
1894 2748 1927 2776 de
1946 2751 2049 2777 France
2063 2770 2073 2786 ,
2099 2748 2182 2777 ΛΙὶΙες
2200 2772 2210 2788 ,
2233 2753 2291 2779 Sire
2309 2749 2341 2780 de
2357 2740 2386 2801 fn'
2408 2746 2431 2809 34·

1352 2786 1451 2813 Noiers
2387 2797 2392 2802 -
2434 2796 2440 2801 ¹

1318 2822 1433 2851 Mahleu
1448 2807 1480 2852 gie
1494 2826 1577 2863 Tiye,
1597 2820 1760 2861 Mai-esthal
1771 2823 1802 2851 de
1817 2826 1935 2860 France,
2357 2819 2383 2850 Ρ·
2407 2823 2429 2841 1‘

1314 2860 1414 2898 Jolmn
1430 2860 1637 2899 cherchemont,
1656 2860 1809 2891 Clmncelker
1825 2862 1857 2891 de
1870 2865 1991 2900 France,

1315 2901 1357 2928 Et
1376 2900 1492 2929 Andreu
1512 2901 1542 2929 de
1560 2899 1697 2938 Florence,

1318 2939 1362 2966 Et
1384 2940 1470 2967 Auen
1484 2939 1516 2967 de
1529 2942 1660 2976 Fam-nes,

1314 3013 1481 3044 Conseillers
1502 3015 1534 3046 &
1555 3014 1763 3052 Procureours,
1782 3015 1878 3046 nostre
1897 3014 2019 3047 teschere
2033 3017 2067 3048 &
2082 3014 2265 3048 trefredoutez
2280 3017 2340 3047 Sei-

1278 3061 1366 3092 gnur,
1384 3051 1514 3091 Cliarles,
1530 3063 1578 3093 par
1596 3053 1621 3084 la
1647 3063 1731 3095 grace
1748 3053 1784 3084 de
1805 3054 1898 3093 Dieu,
1918 3055 1978 3085 Roi
1999 3055 2035 3085 de
2052 3056 2158 3087 France
2179 3058 2211 3087 r&
2226 3056 2261 3086 de
2276 3055 2340 3087 Na-

1280 3102 1359 3121 varre
1367 3114 1375 3129 ,

1318 3129 1355 3160 Et
1371 3139 1442 3160 nous
1449 3153 1458 3168 ,

1317 3205 1415 3244 Johan
1430 3207 1537 3247 Eveffie
1554 3205 1586 3236 de
1609 3206 1771 3248 Wymestre,

1315 3245 1358 3274 Et
1378 3244 1505 3274 ll'illiam
1520 3245 1628 3284 Evissve
1644 3247 1676 3277 de
1694 3250 1833 3286 Norwiz,

1312 3283 1412 3323 Johan
1433 3284 1465 3313 de
1484 3286 1583 3313 Henau
1610 3308 1620 3323 ‚

1315 3324 1357 3351 Et
1371 3321 1454 3360 Hugh
1468 3323 1636 3363 Daudeleye,

1313 3399 1475 3439 Meslagiers
1490 3400 1523 3431 &
1538 3400 1707 3431 Procureurs
1722 3401 1758 3431 de
1773 3399 1868 3430 nostre
1881 3397 2019 3431 treschere
2031 3400 2065 3431 &
2078 3398 2261 3431 tresredoutez
2273 3398 2333 3432 Sei«

1275 3447 1348 3477 gnur
1362 3438 1483 3469 Edward
1492 3461 1501 3476 ‚
1520 3438 1581 3468 Roi
1594 3438 1810 3476 d’Angleterre‚

1313 3476 1426 3507 Fesoms
1440 3478 1528 3508 savoir
1547 3488 1602 3515 que
1623 3488 1710 3514 nous,
1729 3477 1919 3514 Conseilliers,
1935 3478 1968 3508 ὃ(
1985 3477 2153 3508 Procureurs
2165 3477 2202 3507 du
2216 3477 2257 3508 di't
2271 3477 2333 3509 Roi

1275 3514 1311 3545 de
1328 3515 1447 3553 France,
1466 3526 1503 3546 eii
1520 3515 1567 3545 son
1583 3526 1661 3545 noun
1671 3539 1679 3552 ‚
1698 3517 1730 3546 &
1746 3526 1798 3554 pur
1814 3517 1831 3545 li
1846 3516 1930 3546 d'une
1944 3524 2019 3554 part,

1313 3553 1349 3583 Et
1370 3564 1440 3584 nous
1454 3563 1536 3584 avant
1548 3553 1608 3584 ditz
1626 3553 1777 3583 Messaoers
1789 3555 1821 3584 &
1836 3553 2006 3583 Procureurs
2019 3553 2057 3583 du
2070 3552 2109 3582 dit
2123 3551 2184 3582 Roi
2198 3553 2333 3594 d’Angle-

1274 3601 1360 3630 terre,
1379 3603 1414 3622 en
1427 3593 1475 3623 son
1491 3603 1585 3628 noun,
1604 3593 1636 3622 &
1650 3602 1702 3631 pur
1716 3577 1752 3629 si,
1768 3592 1869 3621 d’autre
1882 3601 1957 3628 part,
2189 3630 2192 3635 ³

1308 3629 1360 3660 Sus
1381 3631 1498 3669 debatz,
1517 3630 1678 3660 disscnlions
1699 3632 1731 3660 δε
1747 3630 1915 3666 descordez,
1935 3637 2020 3658 meuz
2033 3634 2110 3658 entre
2125 3627 2150 3658 le
2166 3629 2206 3660 dit
2220 3629 2280 3661 Roi
2292 3632 2328 3662 de

1271 3667 1296 3697 F
1297 3679 1379 3699 rance
1388 3692 1397 3707 ‚
1416 3670 1449 3699 ὃς
1471 3669 1618 3698 Monsieur
1633 3668 1752 3698 Edward
1762 3691 1771 3705 ,
1789 3667 1935 3706 ii'adgaires
1951 3667 2010 3697 Roi
2023 3667 2233 3707 d'Angleterre,
2250 3680 2286 3699 en
2302 3671 2329 3701 la.

1271 3705 1393 3737 Duchee
1415 3707 1451 3737 de
1471 3706 1612 3747 Gyenne,
1631 3707 1663 3736 &
1677 3707 1801 3742 aillours,
1818 3715 1854 3735 eii
1871 3705 1947 3735 Mier
1965 3728 1974 3743 ,
1994 3705 2026 3735 ὃς
2041 3715 2076 3734 en
2090 3705 2196 3744 Terre,
2214 3709 2246 3737 Sc
2264 3708 2331 3739 Ro-

1269 3745 1374 3775 iaumes
1389 3745 1425 3775 de
1441 3745 1563 3781 France,
1582 3745 1614 3775 ὃς
1632 3743 1840 3782 d'Engleterre,
1856 3753 1953 3774 avoms
1973 3743 2112 3782 acordeZ,
2130 3755 2182 3782 pur
2207 3746 2273 3776 bien
2294 3747 2330 3778 de

1269 3784 1343 3821 pais,
1361 3794 1395 3813 en
1411 3784 1435 3813 la
1451 3785 1577 3820 fourme,
1597 3783 1624 3821 qi
1639 3782 1763 3819 s’ensuit5

1306 3821 1329 3850 P
1340 3831 1362 3851 R
1375 3831 1387 3850 1
1400 3829 1452 3851 EM
1462 3830 1473 3851 i
1484 3831 1501 3851 e
1512 3831 1532 3850 R
1546 3830 1563 3850 i:
1573 3828 1598 3849 M
1608 3829 1625 3849 E
1636 3828 1658 3849 N
1668 3828 1708 3858 T,
1728 3830 1782 3857 que
1797 3819 1822 3849 la
1840 3827 1929 3858 terre,
1944 3819 2054 3858 susprise
2072 3820 2115 3851 sur
2129 3821 2154 3851 le
2168 3820 2208 3852 dit
2222 3822 2281 3854 Roi
2293 3823 2332 3856 de

1270 3859 1395 3896 France,
1415 3869 1449 3888 en
1472 3859 1496 3888 la
1511 3859 1567 3888 dite
1582 3857 1720 3895 Duchee,
1735 3859 1811 3895 puis,
1824 3858 1857 3888 &
1869 3867 1968 3888 contre
1980 3859 2002 3888 la
2019 3859 2131 3889 fourme
2144 3860 2179 3890 de
2192 3861 2308 3893 l‘Acord
2319 3887 2330 3901 ,

1269 3899 1317 3935 qui
1338 3898 1543 3928 darreinement
1557 3897 1582 3926 se
1595 3894 1640 3925 fist
1652 3906 1730 3926 entre
1743 3896 1769 3926 le
1783 3896 1822 3925 dit
1837 3896 1896 3926 Roi
1907 3896 2112 3937 d’Engleterre,
2131 3899 2178 3938 qui
2198 3902 2258 3938 fut,
2275 3902 2327 3933 soit

1268 3937 1334 3967 sanz
1355 3935 1423 3965 delai
1448 3933 1575 3964 restituee
1596 3944 1629 3964 au
1651 3933 1691 3965 dit
1713 3934 1773 3965 Roi
1792 3934 1828 3964 de
1851 3934 1957 3965 France
1971 3959 1981 3973 ‚
2009 3946 2047 3966 ou
2070 3947 2097 3966 as
2120 3936 2197 3968 soens
2216 3947 2251 3969 en
2275 3941 2325 3970 son

1269 3984 1348 4005 noun
1383 3985 1397 4003 a
1419 3974 1491 4003 tenir
1509 3973 1601 4003 solom
1620 3973 1644 4002 la
1661 3973 1755 4003 fourtn
1768 3973 1806 4003 du
1827 3972 1869 4003 dit
1886 3972 2000 4013 Acord,
2015 3973 2081 4005 ainfi
2096 3985 2150 4013 que
2164 3987 2212 4015 ce,
2232 3985 2286 4015 que
2299 3979 2326 4008 le

1270 4012 1331 4043 Roi
1342 3997 1377 4041 de
1389 4011 1412 4041 F
1414 4021 1509 4049 rance,
1526 4021 1565 4041 ou
1580 4010 1619 4041 ses
1633 4010 1730 4049 Gent,
1749 4021 1784 4042 en
1799 4011 1849 4041 son
1863 4022 1959 4051 noun,
1976 4021 2027 4044 ont
2040 4023 2168 4052 occupee
2181 4026 2217 4045 en
2230 4016 2254 4045 la
2268 4017 2325 4046 dite

1267 4049 1410 4089 Duchee,
1427 4050 1504 4090 puis,
1522 4049 1555 4081 ὃς
1579 4058 1678 4082 contre
1697 4050 1722 4081 la
1743 4050 1854 4119 fournAe
1875 4051 1914 4082 du
1929 4051 1969 4083 dit
1984 4052 2102 4091 Acord,
2119 4053 2182 4085 sanz
2194 4054 2261 4121 delsssi
2275 4054 2327 4084 soit

1856 4098 1872 4122 a
2201 4100 2229 4122 re
2256 4101 2331 4122 ituee
