2562 4279
786 136 892 178 ET
972 127 1235 179 AC'TA

0 247 3 270 1
47 230 120 265 Ann.
137 227 178 259 D.
195 225 513 269 quadamadissensione,
531 226 599 255 inter
613 224 704 254 dietos
719 222 840 267 FratreS,
857 221 890 252 &
913 221 1121 269 MagistrosR&
1138 221 1264 269 Scolares

0 272 3 306 Ι
72 269 152 308 1316.
196 265 391 297 Univerlitatis
405 264 547 302 praedictae
557 285 566 300 ‚
587 272 675 305 nuper
690 270 786 299 mota,
805 261 837 290 ὅ(
854 270 883 290 ln
898 259 987 290 vestra
1002 262 1088 291 Sacra
1103 259 1191 290 Curia
1203 270 1260 298 Jam

0 307 3 336 l
46 310 112 338 Ην.
132 316 159 334 2.

46 611 75 628 1·
94 610 150 637 iii.

77 647 144 684 589·

38 1097 111 1132 Ann.
124 1095 165 1126 D.

56 1136 139 1177 1316.

36 1180 86 1205 An*
108 1185 149 1201 io.

36 1219 66 1243 Ε.
87 1223 113 1240 2.

35 1257 104 1281 Rom.
118 1249 151 1283 &-

34 1295 76 1319 Ἐν,
99 1299 140 1317 10.

35 1333 66 1358 Ε.
78 1338 103 1355 2.
117 1337 153 1356 m.

42 2148 110 2181 Ann
133 2145 176 2176 D.

66 2186 152 2226 1316.

41 2230 96 2256 An.
117 2235 157 2252 10.

42 2269 74 2295 Ξ.
94 2274 119 2291 2.

42 2307 114 2331 Rom.
132 2300 165 2335 &¹

39 2345 85 2370 Fr.
106 2350 150 2368 10.

43 2383 75 2408 Σ.
91 2389 116 2406 z.
138 2388 175 2406 m.

60 3380 83 3401 η·
101 3359 158 3410 ΠἸ.

193 304 343 342 ventilata,
358 303 394 333 de
410 301 573 341 quibusdam
595 300 819 337 impedimentis,
839 308 902 335 quae
925 298 1056 335 praedieti
1077 298 1210 335 Magistri
1228 300 1260 329 &

194 341 318 372 Scolarcs
334 342 450 379 praefatis
473 339 628 375 Fratribus,
645 339 674 367 in
697 336 886 367 Universitate
908 336 1061 374 praediCt-a,
1087 337 1262 374 voluntarie,

194 388 223 410 ut
246 380 431 410 intelleximus
445 377 621 413 irrogarunt,
638 375 799 410 dignemini
821 374 1010 404 concordiam
1026 375 1113 405 taliter
1128 375 1261 405 reforma-

191 429 237 457 re,
258 418 332 456 quod
348 417 494 456 privilegia
506 414 647 444 dictorum
663 413 789 443 Fratrum
798 413 915 450 ,quibus
930 412 997 452 ipsi,
1011 413 1183 450 temporibus
1190 412 1260 443 Pro-

191 457 354 494 genitoium
376 450 549 490 nostrorum,
568 452 601 482 &
617 451 729 488 nostro,
748 450 830 488 usque
852 449 886 480 ad
908 459 1018 487 tempus
1039 450 1261 491 impedimento-

191 505 255 525 rum
273 494 489 532 praedidtorum,
507 492 535 520 in
550 489 628 519 didta
643 490 834 519 Universitate
850 489 889 518 uti
911 488 1112 520 consueverunt
1134 490 1167 520 &
1191 499 1260 527 gau-

191 533 274 572 dere,
294 533 361 570 sibi,
377 532 413 561 de
428 529 524 559 vestrae
539 527 718 567 Benignitatis
733 525 957 564 mansuetudine,
975 525 1187 557 confirmentur.

231 572 276 602 Ad
292 572 371 608 haec,
389 569 468 598 Pater
484 566 603 603 Sancte,
623 565 799 602 Religiosum
816 564 936 603 Virum,
954 565 989 605 &V
1002 566 1084 595 nobis
1099 567 1127 595 in
1145 564 1261 595 Christo

191 609 345 646 dilestum,
364 610 378 624 *
396 606 518 636 Fratrem
534 604 686 634 Thomatn
695 602 815 633 Everard
827 625 837 640 ,
855 602 890 632 de
898 602 1008 633 Ordine
1016 603 1261 643 praedicro<quem

195 659 247 686 pro
261 646 382 683 negotiis
396 644 552 681 praedietis,
570 651 631 681 erga
653 642 773 672 vestram
796 641 977 671 sanctitatem
1000 642 1209 680 prolequendis,
1227 642 1262 672 ad

194 697 245 717 vos
259 682 437 719 destinamus)
456 682 554 712 vestrae
569 681 737 717 Benignitati
754 680 841 717 plenis
854 678 1001 710 affectibus
1015 681 1262 719 commendamus,

193 724 372 762 supplicantes
388 723 513 759 quatinus
535 719 649 755 praefato
664 719 790 748 Thomae
812 719 841 747 in
857 717 1056 749 Prosecutione
1079 720 1259 757 negotiorum

190 761 394 803 praedidtorum
408 760 496 789 linum
512 757 629 787 liberalis
646 757 743 794 gratiae
758 757 864 794 aperire
879 756 1012 795 dignetur
1032 757 1123 789 vestra
1136 757 1261 788 Paterni-

190 810 227 832 tas
243 798 428 829 sacrosancta.

225 837 395 868 Conservet‚
415 836 476 865 &c.

265 875 332 906 Dat.
350 873 421 912 apud
438 873 702 910 Notinghamiam,
721 871 857 904 vicefimo
868 872 943 904 sexto
957 873 1003 904 die
1019 872 1199 904 Decembris.

219 1000 278 1035 Ad
300 997 497 1041 cardinales,
521 997 557 1031 de
579 998 737 1032 antedictis
759 997 971 1046 diffi’ffionibus
993 997 1213 1032 concordandis.

243 1085 382 1117 Enerabili
397 1086 426 1115 in
441 1083 557 1114 Christo
572 1083 661 1115 Patri.
680 1085 813 1116 Domino
828 1084 864 1114 A.
882 1084 938 1116 Dei
947 1084 1054 1123 gratia,
1073 1084 1183 1115 San6tae
1193 1083 1261 1114 Ma-

185 1093 239 1155 V
261 1126 310 1155 riae
324 1125 355 1154 in
371 1123 487 1154 Porticu
503 1123 639 1154 Diacono
655 1123 815 1162 Cardinali,
834 1125 931 1154 amico
953 1125 1001 1154 suo
1025 1123 1184 1161 carissimO,
1201 1121 1260 1152 Ed-

185 1163 291 1196 wardus
303 1186 313 1201 ,
330 1164 390 1194 &o
408 1162 522 1193 salutem
538 1163 571 1192 ὃς
586 1163 701 1193 iincerae
716 1163 875 1193 dilectionis
889 1161 1035 1192 affetffmm.

222 1202 365 1232 Ordinem
388 1201 516 1231 Fratrum
538 1200 759 1232 Praedicatorum
780 1201 908 1240 Oxonii,
927 1207 1010 1240 prout
1025 1200 1128 1239 fispra,
1145 1203 1262 1229 mutatis

186 1241 343 1279 mutandis,
361 1240 440 1279 usque
454 1239 508 1277 ihi,
527 1242 588 1269 viz.

224 1278 421 1310 Paternitatem
437 1277 559 1308 vestram
573 1275 729 1309 affectuosis
742 1277 873 1316 precibus
887 1278 1050 1314 requirimus
1064 1277 1098 1308 ὃς
1113 1287 1261 1315 rogamus,

187 1319 313 1357 quatinus
327 1327 374 1355 ut,
391 1317 468 1354 super
489 1315 653 1346 dissensione
675 1317 826 1354 praedicti,
845 1325 894 1353 per
918 1315 1083 1346 Dominum
1106 1315 1261 1346 Summum

188 1356 358 1388 Pontificem
379 1356 436 1393 (cui
451 1354 529 1392 super
544 1355 601 1385 hoc
614 1354 770 1393 scribimus)
790 1356 860 1385 inter
874 1363 962 1392 partes
978 1355 1122 1392 praedifitas
1137 1365 1261 1385 concor-

185 1396 232 1426 dia
248 1396 335 1426 taliter
360 1393 546 1432 reformetur,
564 1393 640 1432 quod
664 1394 810 1432 privilegia
833 1394 978 1424 dictorum
1000 1393 1146 1431 Fratrum,
1162 1394 1262 1431 quibus

185 1435 235 1472 ipsi
253 1433 428 1471 temporibus
442 1431 659 1471 Progenitorum
675 1432 835 1463 nostrorum
845 1455 854 1470 ,
870 1432 903 1462 δί
918 1431 1032 1469 nostro,
1048 1431 1131 1469 usque
1145 1432 1178 1462 ad
1188 1441 1260 1462 tem-

184 1484 234 1511 pus
255 1471 526 1510 impedimentorum
550 1470 771 1511 praediCtorum,
795 1472 827 1501 in
848 1470 927 1501 dicta
947 1470 1140 1500 Universitate
1162 1471 1204 1500 uti
1228 1471 1261 1500 &

184 1511 305 1549 gaudere
321 1509 543 1548 consueverunt,
559 1509 631 1547 apud
646 1509 757 1540 dictum
778 1509 933 1540 Summum
955 1508 1125 1539 Pontificem
1138 1530 1148 1545 ,
1173 1508 1261 1538 velitis

183 1550 283 1580 nostris
300 1549 428 1586 precibus
463 1557 530 1578 cum
547 1547 694 1586 efficacia,
713 1550 890 1586 interponere
912 1556 1002 1585 partes
1021 1546 1141 1584 vestras,
1160 1547 1193 1577 ὅ(
1217 1547 1261 1576 di-

183 1588 261 1618 le&0
283 1588 366 1617 nobis
378 1587 408 1616 in
453 1585 556 1624 bristo,
574 1586 661 1616 Fratri
677 1586 807 1617 Thomae
830 1585 954 1616 Everard
981 1586 990 1623 (
1014 1595 1079 1615 uem
1103 1585 1138 1614 ad
1153 1585 1261 1616 dfflam

184 1625 322 1664 Curiam,
341 1635 392 1663 pro
416 1624 557 1662 praedictis
576 1625 700 1661 negotiis
720 1624 932 1663 prosequendis,
955 1623 991 1654 de
1018 1624 1136 1660 inamus)
1159 1624 1190 1653 in
1208 1624 1261 1654 hac

184 1674 263 1703 parte
278 1664 417 1702 impertiri
431 1670 604 1700 oportunum
620 1663 767 1694 consilium
784 1664 817 1694 &
836 1662 974 1693 favorem.

221 1703 290 1734 Dat.
309 1701 383 1740 apud
396 1701 651 1740 Notingliamiam,
669 1702 807 1732 vicesimo
821 1701 897 1731 sexto
911 1700 957 1730 die
972 1699 1154 1731 Decembris.

228 1779 287 1810 Sub
301 1777 354 1808 ista
368 1776 462 1808 formfi
478 1776 605 1809 scribitur
621 1777 729 1818 singulis
743 1777 955 1816 Cardinalibus,
972 1778 1001 1808 in
1024 1776 1114 1808 Curia
1130 1777 1264 1810 Romana

176 1860 178 1862 Ι
187 1817 376 1849 existentibus

186 1958 245 1993 Ad
264 1964 400 2007 Papam,
434 1959 470 1993 de
494 1962 616 2006 injuriis
639 1964 676 1999 ὅγ’
700 1960 822 1994 damnis
842 1988 852 2004 ‚
888 1971 942 2007 per
970 1964 1076 2009 Brigas
1106 1964 1143 1999 ὠ·
1169 1961 1262 1993 Dila-

236 2014 325 2090 ziorfes
355 2013 387 2042 in
418 2012 546 2056 Negotio
576 2010 674 2042 Eleeri
694 2009 853 2054 Eborum,
887 2011 1011 2053 ecclestae
1040 2013 1076 2048 ὠ·
1103 2013 1200 2056 Regno
1224 2010 1264 2042 il-

251 2069 318 2092 atis.

193 2143 352 2206 PAPAE
369 2144 433 2175 Rex
445 2144 549 2176 devota
564 2146 669 2184 pedum
685 2145 777 2177 oscula
791 2148 950 2176 beatorum.
1243 2181 1248 2186 ,

277 2183 353 2214 Inter
368 2193 447 2214 curas
460 2183 592 2222 assiduas,
611 2192 692 2223 atque
708 2186 816 2225 pietatis
827 2194 931 2222 opera,
949 2183 1068 2221 quibus,
1084 2180 1210 2220 populari
1221 2180 1266 2211 di-

192 2224 327 2258 vulgante
343 2222 600 2259 praeconi0,vestra
617 2223 752 2254 Sancstitas
767 2223 793 2253 se
807 2230 936 2253 excercet
948 2222 983 2252 ad
998 2221 1201 2252 relevationem
1210 2229 1264 2249 vo-

189 2262 231 2292 bis
244 2261 430 2298 subjectarum
444 2259 652 2298 Ecclesiarum,
670 2261 704 2290 &
716 2261 750 2291 ad
765 2261 924 2291 vestrorum
931 2259 1098 2290 excutienda
1111 2268 1196 2302 onera
1204 2258 1266 2289 sub-

191 2300 332 2337 ditorum,
350 2307 398 2335 per
412 2298 514 2328 orbem
530 2298 679 2335 plantando
695 2299 728 2329 &
743 2299 896 2329 nutriendo
909 2300 984 2336 pacis
1004 2299 1037 2329 &
1051 2297 1218 2328 concordiae
1234 2306 1266 2326 u-

190 2340 326 2376 nitatem,
346 2337 376 2366 in
392 2336 473 2374 plebe
485 2336 584 2374 jurgiis
599 2337 689 2366 litium
710 2337 852 2374 resecatis,
867 2337 1035 2367 attendimus
1053 2336 1201 2372 sumopere
1218 2345 1267 2365 ve-

193 2376 282 2406 strum
304 2374 418 2405 tendere
437 2375 586 2413 animum,
606 2374 727 2405 Coelesti
747 2375 937 2414 Beatitudine,
956 2383 985 2405 ut
1009 2375 1113 2404 merito
1130 2372 1268 2416 creditur,

191 2415 374 2452 inspiratum,
389 2412 483 2451 unde,
500 2413 623 2443 utinam!
644 2414 674 2443 in
687 2414 793 2444 aeterna
806 2413 957 2452 felicitate,
977 2413 1161 2449 condignum
1182 2412 1265 2455 vobis

193 2454 321 2484 bravium
337 2451 487 2482 reservetur
500 2461 516 2481 a
529 2451 664 2489 Christo,
681 2453 759 2490 cujus
775 2452 863 2490 gratia
877 2452 910 2483 &
924 2454 1026 2484 virtute
1048 2452 1109 2482 tam
1128 2450 1268 2480 salubriter

194 2492 229 2523 ad
243 2491 364 2522 salutaria
378 2490 496 2529 dirigitis
512 2500 631 2527 gregem
643 2491 733 2520 suum.

232 2529 361 2565 Verum,
389 2527 471 2559 Pater
491 2528 611 2567 San6te,
638 2528 826 2560 intelleximus
866 2530 926 2561 und
947 2528 1092 2566 nonnulli,
1110 2529 1141 2558 in
1164 2527 1268 2558 Sanc&

192 2567 330 2600 Romana
345 2566 451 2603 Curia,
470 2567 530 2597 tam
546 2567 727 2606 Cardinales,
745 2569 832 2606 quam
845 2580 859 2599 a
871 2569 907 2607 ii,
932 2567 1091 2599 beneficiati
1114 2568 1144 2597 in
1160 2566 1268 2603 Regno

191 2607 303 2646 nostro,
319 2606 460 2636 nescimus
473 2616 531 2644 quo
552 2606 646 2644 spiritu
670 2605 767 2644 ducti,
784 2617 820 2636 ne
839 2607 911 2637 dum
928 2617 964 2637 ne
983 2607 1077 2637 otium
1098 2604 1268 2643 Eleffionis,

191 2656 242 2683 per
255 2647 331 2677 viros
345 2644 480 2683 providos
497 2645 529 2675 &
552 2645 704 2682 discretOS,
723 2645 879 2676 Decanum
899 2647 933 2677 &
1000 2645 1119 2675 nonicos
1140 2644 1269 2674 Eborum

193 2684 347 2721 Ecclefiae,
367 2693 420 2721 pro
441 2683 609 2714 relevatione
631 2682 755 2721 ejusdem
781 2685 875 2722 (quae,
903 2694 952 2722 per
974 2684 1148 2714 invasionem
1166 2682 1270 2713 Scoto-

195 2733 261 2754 rum
271 2745 282 2761 ,
300 2721 457 2753 nostrorum
471 2721 654 2760 Rebellium,
671 2723 701 2752 in
713 2721 765 2753 suis
782 2720 1003 2753 Poffeffionibus
1015 2722 1048 2753 &
1066 2721 1269 2759 Libertatibus,

194 2761 248 2791 hiis
269 2761 367 2792 diebus
415 2761 516 2797 patitur
539 2760 646 2799 lapsum
669 2761 797 2799 gravem)
824 2761 860 2792 de
898 2761 1063 2800 praedilecto
1085 2761 1118 2791 &
1140 2760 1268 2791 familiari

195 2798 312 2830 Clerico
325 2783 440 2837 nosiro,
458 2798 601 2836 Magistro
616 2798 659 2828 W
661 2799 779 2829 illielmo
801 2799 836 2830 de
859 2785 977 2831 Melton
995 2799 1079 2838 (Viro
1097 2800 1192 2839 utique
1211 2799 1270 2828 san-

195 2837 253 2867 &ae
273 2838 359 2875 vitae,
375 2844 456 2875 atque
477 2836 544 2867 Deo
565 2838 598 2868 &
620 2836 796 2868 Hominibus
815 2839 951 2878 gratioso,
967 2848 1070 2877 quern,
1089 2839 1168 2875 tam,
1187 2837 1270 2867 clarae

196 2876 364 2911 memoriae,
381 2874 516 2905 Genitori
530 2875 646 2913 nostro,
664 2876 734 2906 dum
750 2877 835 2914 vixit,
856 2878 941 2916 quarn
960 2877 1059 2915 nobis,
1081 2875 1203 2914 provido
1220 2875 1269 2905 ha-

197 2914 295 2943 ctenus
309 2912 455 2943 assistendo
469 2913 588 2944 consilio
611 2914 643 2944 &
661 2923 786 2953 matum,
804 2915 1045 2953 cireumspeffiwm
1068 2914 1270 2952 multiplicibus

197 2951 452 2994 virtuosisafflbus
466 2953 714 2988 comprobavimus
735 2953 767 2983 &
790 2953 912 2992 fidelem)
936 2953 1090 2984 secundum
1117 2952 1216 2983 Deum
1235 2953 1268 2983 &

195 2989 378 3020 concorditer
393 2989 559 3027 celebratae,
579 2991 650 3020 odio
665 2999 746 3029 atque
761 2993 900 3029 exquisitis
920 2992 1061 3022 coloribus
1081 2993 1218 3029 impetere
1235 3002 1267 3021 ac

197 3029 279 3066 impu
321 3038 383 3066 are,
403 3029 565 3065 quinimmo
579 3027 753 3059 Provisiones
766 3031 801 3061 &
814 3030 974 3062 Eieetiones
990 3030 1108 3067 singulas
1127 3030 1269 3061 Ecclesia-

198 3076 264 3096 rum
306 3067 375 3104 egni
387 3065 492 3104 nostri,
511 3076 575 3104 quae
593 3066 629 3096 ad
649 3076 764 3097 examen
778 3067 924 3100 Romanae
945 3068 1059 3107 Curiae,
1074 3069 1151 3105 juxta
1171 3068 1268 3100 statuta

199 3103 364 3143 Canonica,
388 3104 562 3136 deducuntur
601 3105 810 3136 machinatione
833 3107 965 3138 malivola
987 3107 1141 3144 impedire,
1161 3117 1195 3137 ac
1217 3107 1268 3138 de-

200 3141 303 3174 struere
317 3143 488 3181 moliuntur,
507 3142 559 3174 Per
570 3154 638 3174 onas
660 3143 788 3183 Elecstas,
803 3145 837 3176 &
859 3146 898 3175 eis
918 3144 1090 3176 adhaerentes
1109 3145 1197 3183 (quod
1215 3156 1268 3176 nos

199 3182 279 3218 angit
297 3191 355 3212 non
374 3182 525 3212 modicum
548 3183 582 3213 &
604 3183 754 3220 perturbat)
776 3184 860 3214 nimis
879 3183 1089 3223 inhumaniter,
1112 3184 1142 3213 in
1165 3192 1268 3216 contu-

201 3219 315 3250 meliam
329 3219 414 3250 nostri
428 3221 551 3251 nominis
560 3243 570 3258 ,
584 3221 780 3258 pertractantes

203 3297 208 3302 ·
238 3257 284 3302 Ad
306 3257 428 3289 vestrum
451 3259 531 3296 igitur
551 3260 630 3297 super
648 3259 700 3290 hiis
723 3260 914 3298 patrocinium
943 3261 1048 3300 (quod,
1066 3269 1127 3292 taes¹
1146 3260 1267 3294 obtentu

197 3296 328 3335 justitiae,
348 3298 425 3335 cujus
447 3297 599 3327 laudamini
615 3298 722 3329 zelator
743 3301 916 3339 praecipuus,
935 3300 1019 3338 quam
1042 3302 1146 3330 ratione
1166 3300 1267 3332 vestrae

201 3336 337 3373 originis,
354 3334 490 3372 speramus
504 3337 587 3366 nobis
600 3338 630 3366 in
642 3336 741 3367 nostris
755 3339 989 3376 oportunitatibus
1003 3340 1094 3375 magis
1108 3340 1266 3377 propitium

198 3370 218 3388 ’κ’
234 3374 369 3408 invenire)
387 3373 570 3404 confidentius
584 3375 768 3412 confugimus
779 3376 1007 3415 implorandum,
1025 3377 1124 3407 vestrze
1131 3376 1267 3409 Clemen-

203 3413 250 3443 tiae
270 3413 334 3454 totis
350 3410 498 3442 affectibus
509 3412 706 3453 supplicantes,
720 3415 861 3453 quatinus,
880 3415 914 3445 ad
929 3415 1029 3445 statum
1037 3415 1123 3446 dictae
1137 3415 1266 3449 Eborum

200 3450 392 3489 Eccleliae,ut
411 3451 602 3489 praemittitur,
619 3452 808 3482 miserabiliter
817 3454 876 3491 jam
889 3453 1096 3493 destrmetae‚&
1118 3465 1199 3495 quae,
1218 3467 1267 3494 per

198 3490 378 3520 vacationem
390 3488 471 3526 ipsius
489 3488 642 3527 diutinam,
660 3491 752 3530 gravia
767 3490 857 3521 indies
871 3491 1041 3523 detrimenta
1062 3494 1197 3533 incurrit,
1217 3505 1267 3525 ve-

197 3527 287 3559 strum
325 3528 345 3558 fi
360 3527 468 3565 placet,
485 3527 708 3570 considerationis
722 3530 855 3560 intuitum
869 3530 1035 3569 dirigentes,
1052 3531 1181 3569 languori
1196 3533 1266 3571 ejus-

197 3565 265 3596 dem
281 3551 371 3597 Εἶὶεὲὶί
392 3566 438 3601 (ab
452 3565 585 3595 omnibus
598 3566 705 3603 prorsus
719 3567 768 3597 sibi
780 3569 916 3605 impositis
929 3570 1098 3608 innocentis)
1120 3570 1207 3602 vestra
1221 3571 1266 3602 di-

198 3612 300 3643 gnetur
314 3606 358 3642 pia
373 3603 519 3634 Paternitas
534 3605 662 3641 compati
675 3605 708 3635 δε
724 3606 838 3637 mederi.

235 3642 464 3681 Imperitionibus
478 3642 511 3672 &
526 3642 729 3685 objectionibus
740 3644 913 3684 hujusmodi,
932 3645 1063 3684 proferiti)
1072 3646 1264 3686 frivolis,non

199 3681 389 3719 obstantibus,
411 3680 543 3725 Elec‘tum
563 3679 678 3724 ipsum,
701 3691 758 3718 prae
780 3685 885 3714 caeteris
907 3683 1026 3715 Clericis
1047 3685 1164 3724 nostris,
1181 3687 1264 3724 ipsius

199 3718 377 3750 laudabilibus
388 3720 560 3758 exigentibus
575 3727 694 3756 meritis,
712 3721 899 3758 conjunCmm
918 3723 1044 3753 intimius
1067 3723 1146 3754 cordi
1167 3725 1264 3756 nostro

217 3767 267 3794 per
289 3760 365 3797 cujus
386 3757 564 3795 prudentiam
582 3757 815 3795 circumspectam
833 3771 892 3791 non
912 3761 1004 3792 solum
1026 3762 1113 3792 dietae
1135 3762 1264 3795 Eborum

230 3795 352 3834 eclesiae,
366 3796 404 3827 set
418 3797 499 3826 nobis
512 3796 545 3827 &
560 3796 613 3826 toti
628 3795 734 3841 Regn9
746 3797 841 3828 nostro
862 3800 987 3830 uberiora
1001 3800 1175 3839 commoda,
1191 3802 1264 3833 divi-

201 3833 239 3863 nfi
259 3844 292 3864 ac
307 3833 397 3865 vestra
416 3833 553 3864 assistente
574 3835 625 3864 sibi
644 3843 746 3874 gratia,
765 3836 903 3867 credimus
923 3839 1058 3868 veraciter
1079 3837 1206 3878 affutura)
1226 3851 1263 3872 ne

201 3871 271 3902 dieti
283 3871 426 3902 Electores
440 3873 495 3910 sui,
513 3873 646 3911 sperantes
660 3872 767 3903 felicius
781 3874 908 3912 respirare
919 3886 966 3914 per
980 3876 1087 3915 ipsum,
1105 3878 1203 3915 quibus
1210 3880 1264 3910 vii-

203 3909 324 3940 ceraliter
339 3912 530 3948 compatimur
539 3935 549 3950 ,
566 3911 611 3942 sua
626 3913 777 3942 intentione
791 3911 970 3952 frustrentur,

217 3946 340 3989 ‚Eidem
363 3948 512 3988 Ecclesiae,
538 3949 665 3980 confinio
691 3951 762 3980 inter
785 3950 921 3986 Angliam
941 3953 975 3982 &
994 3952 1124 3984 Scotiam
1148 3956 1266 3986 evicinae

204 3984 245 4017 (m
259 3994 311 4021 qua
320 3986 472 4029 ,modernis
486 3989 660 4026 temporibus
681 3988 793 4029 persona
809 3988 913 4027 solida,
928 3990 966 4020 de
981 3990 1035 4028 qua
1048 3991 1180 4028 poffimus
1194 4004 1268 4024 con-

203 4020 305 4090 fidaqr'e',
319 4023 494 4093 ippiglffmluffi
511 4034 573 4059 tum
587 4035 702 4067 propter
714 4028 810 4068 brigas
824 4028 857 4060 &
879 4027 1018 4068 dampna,
1035 4038 1098 4068 quae
1112 4040 1146 4062 ex
1168 4032 1268 4072 tepidi7

1318 139 1793 184 PUBLICA.
2295 161 2372 201 107

1298 231 1353 269 tate
1367 223 1683 268 illorumsustinuimus,
1701 231 1748 266 qui
1763 228 1896 260 hadtenus
1916 228 2002 260 di<stae
2024 229 2158 262 Ecclefiae
2179 232 2366 271 praefuerunt,
2394 227 2468 259 ΑΠΠ·
2484 228 2521 261 D>

1299 269 1363 291 tum
1377 272 1458 300 quia,
1476 265 1546 306 infra
1568 267 1686 297 eandem
1710 268 1877 305 Diocesim,
1894 276 1972 299 terrae
1992 269 2136 307 cujusdam
2160 271 2310 310 indomiti,
2329 273 2364 302 de
2410 270 2496 305 1316.

1298 299 1393 330 nostro
1409 300 1576 340 Homagio,
1591 313 1795 344 nonnunquam
1811 305 1935 337 adversus
1951 317 2002 337 nos
2018 308 2050 338 &
2070 307 2180 339 nostros
2204 319 2309 340 cornua
2325 321 2366 340 re-
2386 308 2454 334 ΕΜ]-
2471 316 2496 335 ²·

1299 338 1541 382 bellia'erigentis,
1561 342 1725 384 consistunt)
1736 344 1823 375 velitis
1835 345 1974 382 praeficere
1989 347 2022 377 &
2037 356 2130 377 creare
2143 357 2177 378 ex
2185 348 2286 379 vestrae
2305 349 2365 386 ple-

1298 376 1427 406 nitudine
1441 377 1598 416 potestatis,

1334 413 1370 443 Ei
1384 425 1468 458 euin,
1487 415 1505 444 si
1518 415 1608 459 placet
1629 418 1676 448 (ne
1692 419 1721 448 in
1741 419 1895 452 direffione
1910 423 1943 453 ὃς
1964 422 2165 455 reformatione
2185 424 2367 464 nostrorum,

1298 461 1338 494 ac⁴
1356 452 1452 490 Regni
1475 454 1562 501 nostri
1583 458 1785 498 negotiorum,
1803 459 1835 488 &
1851 459 1949 499 status,
1972 461 2073 492 diutius
2095 463 2176 500 ipsius
2197 464 2367 503 circumspe-

1299 492 1396 534 ctione
1419 500 1530 528 experta
1552 495 1705 538 privemur)
1732 505 1782 532 pro
1807 499 1993 539 tranquilitate
2010 508 2094 539 atque
2115 500 2258 532 stabilitate
2278 503 2365 534 nostri

1298 538 1404 566 animi,
1422 537 1502 567 atque
1516 530 1629 575 Regni,
1647 542 1713 563 cum
1731 534 1886 573 celeritate,
1903 537 1957 573 qua
1972 538 2060 569 vestra
2072 539 2226 571 decreverit
2241 540 2365 572 Paterni-

1298 575 1352 610 tas,
1373 567 1407 610 ad
1424 578 1475 598 nos
1497 578 1637 600 remittere
1655 571 1771 601 feliciter
1792 574 1970 612 expeditum,
1988 585 2018 607 ut
2039 587 2108 615 nos,
2127 579 2146 608 fi
2171 579 2261 616 placet
2297 580 2366 611 affe-

1300 605 1401 648 §tionis
1413 605 1664 650 Magnitudinem,
1681 620 1766 649 quam
1788 610 1821 639 ad
1841 621 1891 640 nos
1906 614 1938 641 ὃς
1959 613 2036 644 idem
2059 615 2196 653 Regnum
2219 603 2347 650 noi3crum

1298 652 1423 687 innatam
1439 646 1537 683 vobis,
1557 645 1758 677 Beatitudinem
1775 648 1875 678 habere
1899 650 2082 691 confidimus,
2098 664 2132 684 ex
2149 656 2230 693 ipsius
2251 643 2367 695 expedi:

1298 690 1377 712 tione
1393 683 1476 713 celeri
1492 685 1525 714 δε
1540 685 1653 723 votiva,
1671 685 1769 715 sentire
1784 688 1877 724 operis
1890 687 2017 719 efficacia
2037 693 2191 732 valeamus,
2210 695 2306 726 vestris
2320 705 2368 728 ex-

1300 721 1366 750 inde
1383 722 1563 759 beneplacitis
1576 723 1675 754 sortius
1689 733 1821 761 perpetuo
1835 725 1962 762 obligati.

1336 759 1380 789 Ex
1401 761 1537 803 omnibus
1559 763 1663 799 quippe
1685 764 1820 801 negotiis,
1838 773 1901 801 quae
1923 774 1974 794 nos
1995 774 2131 807 tangunt,
2146 770 2181 801 de
2202 771 2256 802 isto
2276 780 2368 810 gratos

1299 807 1425 840 rumores
1447 798 1577 829 libentius
1599 800 1772 838 audiremus,
1791 802 1856 839 qui,
1873 802 1992 834 obtentu
2015 806 2136 842 personae
2158 809 2248 841 Electi
2271 811 2351 850 hujus

1298 837 1469 867 intendimus
1483 837 1617 868 libertates
1631 839 1712 876 ipsius
1728 839 1861 869 Ecclesiae
1877 841 1986 871 uberius
2001 844 2142 880 ampliare.
2358 835 2367 851 ²

1336 875 1381 905 Ad
1395 874 1592 907 exaltationem
1607 876 1758 914 Ecclesiae,
1776 878 1809 908 δε
1825 876 1927 915 Populi
1944 881 1996 916 sui,
2016 880 2094 912 Deus
2107 882 2368 920 Paternitatem‘ve-

1301 912 1385 943 stram
1401 913 1558 952 conservet,
1577 915 1610 945 δε
1625 916 1728 955 dirigat
1743 925 1793 953 per
1809 924 1935 953 tempora
1949 917 2084 949 diuturna.
2303 920 2308 926 ⁴

1337 950 1405 982 Dat.
1418 952 1492 990 apud
1506 953 1698 993 Notyngham
1707 977 1717 993 ,
1734 954 1871 985 vicesimo
1884 954 1958 985 sexto
1972 955 2017 986 die
2032 957 2213 991 Decembris.

1299 1073 1358 1107 Ad
1372 1073 1571 1121 Albanenftm
1595 1079 1768 1124 Epistropum
1797 1079 2011 1124 cardinalem,
2041 1094 2144 1116 contra
2168 1085 2272 1119 colores
2298 1102 2369 1134 quo-

1345 1122 1478 1157 rundam
1501 1126 1747 1171 Adalivolornm,
1773 1131 1805 1161 in
1827 1130 1951 1175 iVegotio
1974 1131 2072 1164 Elem
2095 1133 2239 1167 antediem·
2263 1142 2368 1183 exqui-

1336 1173 1420 1216 βίω.

1299 1258 1498 1324 VEnerabili
1521 1261 1551 1291 iri
1574 1261 1689 1292 Christo
1706 1261 1797 1302 Patri,
1823 1263 1956 1294 Domino
1974 1281 2024 1285 -—-
2041 1265 2191 1298 Albanensi
2214 1268 2372 1311 Episcopo,
2397 1258 2523 1293 lxm-Dr

1360 1298 1488 1342 'Amico‘
1496 1299 1545 1330 suo
1560 1300 1719 1340 cariffimo,
1734 1301 1906 1341 Edwardus,
1924 1304 1986 1334 διε.
2002 1303 2133 1343 salutem,
2152 1306 2185 1336 ὃ(
2200 1307 2310 1341 fincerae
2326 1311 2371 1341 di—

1299 1335 1430 1366 lectionis
1443 1338 1589 1369 asi-eitum.

2418 1300 2502 1339 1316.

2391 1341 2444 1366 An.
2466 1348 2508 1366 10.

1336 1374 1524 1419 Intelleximus
1540 1388 1554 1407 a
1570 1377 1710 1409 nonnullis
1726 1378 1803 1416 quod
1828 1380 1959 1419 quidam,
1979 1380 2138 1412 beneficiati
2152 1383 2181 1413 in
2196 1383 2303 1422 Regno
2318 1398 2370 1418 no-
2392 1380 2423 1405 13.
2444 1386 2470 1403 ²·

1299 1411 1372 1451 str0,
1390 1417 1636 1452 impugnationem
1651 1418 1684 1447 &
1700 1417 1905 1449 subversionem
1917 1421 2023 1458 jurium
2036 1430 2070 1450 ac
2087 1421 2246 1453 libertatum
2263 1425 2370 1457 nostra·
2391 1419 2462 1443 Rom.
2490 1413 2526 1448 ῤ’

1299 1460 1381 1490 rum,
1399 1452 1569 1485 &Coronae
1583 1455 1703 1494 nostrae,
1720 1467 1832 1487 necnon
1841 1458 2023 1489 collationum
2040 1458 2245 1491 beneficiorum
2262 1463 2374 1501 (quibus
2395 1457 2434 1480 Fr.
2457 1462 2499 1481 ³0·

1299 1500 1368 1529 nOS,
1384 1491 1425 1534 &.
1444 1491 1639 1529 progenitores
1660 1495 1767 1534 nostri,
1786 1494 1879 1535 Reges
1905 1497 2034 1535 Angliae,
2054 1498 2159 1536 semper
2182 1499 2317 1532 hactenus
2338 1504 2375 1534 ufi
2396 1496 2425 1519 E.
2444 1501 2470 1519 ²·
2487 1500 2525 1519 m·

1298 1528 1401 1566 sumus)
1418 1531 1611 1570 intendentes,
1627 1532 1804 1564 Provisiones
1817 1535 1849 1565 &
1865 1535 2025 1566 Eieetiones
2050 1535 2237 1568 Ecclesiarum
2253 1540 2377 1577 ejusdem
2398 1539 2426 1566 5·
2441 1531 2466 1558 d·

1300 1566 1407 1612 ΙζεῖςῃίΙ
1420 1568 1508 1600 nostri
1529 1571 1617 1614 odio,
1640 1572 1760 1610 invidia,
1777 1583 1810 1603 ac
1833 1575 2044 1604 machinatione
2068 1576 2220 1615 malivola,
2237 1579 2266 1608 in
2289 1580 2379 1612 nostri

1299 1615 1422 1636 nominis
1435 1610 1640 1640 contumeliam
1654 1610 1687 1641 &
1707 1619 1924 1650 contemptum,
1942 1623 1975 1643 ac
1993 1612 2230 1645 deformationem
2245 1617 2376 1655 &jaebu-

1298 1654 1359 1674 ram
1375 1644 1560 1678 Ecclesiarum
1574 1648 1710 1687 ipsarum,
1729 1660 1843 1680 necnon
1867 1650 2051 1682 Personarum
2074 1651 2235 1685 Ele6tarum
2252 1656 2356 1688 eisdem

1299 1693 1333 1713 ac
1348 1682 1514 1716 Eletfimrum
1529 1686 1727 1717 desolationem
1747 1689 1780 1719 &
1795 1689 1993 1727 praejudicium
2010 1690 2207 1731 manifestum,
2222 1681 2379 1726 notoriam3

1300 1731 1354 1759 que
1369 1723 1534 1767 abusionem
1548 1725 1582 1756 &
1595 1725 1803 1757 subversionem
1814 1728 1921 1766 jurium
1935 1728 1968 1759 &
1978 1729 2212 1761 consuetudinum
2221 1755 2231 1770 ,
2249 1743 2283 1763 ac
2293 1744 2378 1772 gran-

1299 1761 1335 1829 ἷξε
1355 1762 1513 1799 periculum
1539 1763 1638 1803 Regni
1661 1765 1770 1804 nostri,
1793 1766 1931 1805 impedire
1957 1776 1991 1797 ac
2009 1768 2146 1806 impetere
2170 1772 2295 1809 nequiter
2313 1783 2378 1804 mo-

1310 1808 1417 1840 iuntur5

1316 1878 1321 1884 .
1338 1838 1376 1883 Et
1395 1842 1540 1880 praecipue
1555 1842 1800 1874 confirmationem
1823 1844 1856 1875 &
1874 1844 2136 1884 consecrationem,
2155 1848 2289 1880 cariffimi
2311 1849 2379 1882 Cle-

1300 1888 1354 1908 rrc¹
1371 1879 1476 1922 nostri,
1495 1880 1628 1918 Magistri
1642 1882 1795 1913 Willielmi
1811 1883 1846 1913 de
1863 1882 1976 1913 Melton
2012 1883 2103 1915 Eleeti
2120 1885 2268 1927 Eborum,

1339 1916 1402 1948 Viri
1424 1920 1516 1958 utique
1538 1920 1649 1951 Sandiae
1668 1922 1754 1960 vitae,
1780 1920 1903 1960 Deoque
1924 1922 1958 1952 &
1980 1907 2115 1953 Ecclesiae
2137 1924 2245 1963 semper
2267 1926 2382 1967 devoti,

1300 1962 1382 1994 atque
1396 1956 1577 1997 hominibus,
1595 1960 1703 1997 vulgari
1718 1961 1890 1998 approbante
1906 1962 2068 2000 praeconio,
2087 1964 2216 2003 gratiosi,

1341 1995 1440 2033 Qem
1456 1997 1485 2026 in
1505 1996 1695 2035 Spiritualium
1721 1999 1754 2029 ὃς
1770 1998 1989 2036 Temporalium
2010 1999 2247 2033 administratione
2269 2004 2379 2042 semper

1301 2034 1543 2073 circumspectum
1566 2037 1817 2074 comprobavimus
1837 2037 1870 2067 &
1887 2036 2018 2076 fidelem,
2045 2039 2078 2069 &
2098 2040 2206 2070 nedum
2228 2041 2382 2082 Ecclesiae,

1302 2071 1336 2114 ad
1354 2082 1440 2110 quam
1454 2073 1543 2110 ipsum
1557 2084 1679 2106 concors
1694 2076 1806 2104 suorum
1815 2074 1981 2105 Eiectorum
1997 2075 2131 2115 affectio,
2151 2080 2258 2116 praevia
2274 2081 2379 2112 divinae

1302 2109 1486 2152 inspirationis
1501 2112 1606 2150 gratia,
1622 2112 1774 2143 dinoscitur
1797 2114 1937 2143 canonice
1956 2114 2107 2153 evocass'e,
2127 2117 2227 2147 vetum
2247 2119 2331 2149 etiam
2343 2121 2380 2153 «in

1301 2147 1460 2179 direfflone
1480 2152 1681 2190 negotiorum,
1700 2161 1752 2181 nos
1765 2151 1798 2181 &
1820 2151 1960 2188 Regnum
1983 2152 2112 2183 nostrum
2133 2154 2380 2198 contingentium,

1303 2195 1336 2216 ac
1359 2187 1560 2219 reformatione
1584 2189 1669 2220 status
1695 2189 1820 2228 ejusdem
1845 2189 1944 2220 scimus
1967 2191 2131 2230 perutilem,
2154 2194 2187 2224 δε
2209 2196 2380 2236 providum,

1305 2225 1503 2263 multiplicibus
1517 2227 1626 2258 actibus
1639 2228 1780 2266 virtuosis,
1797 2238 1830 2259 ac
1845 2229 1967 2265 dignum
1978 2252 1987 2267 ,

1343 2264 1362 2283 ²¹²
1382 2265 1527 2303 Exquisitis
1540 2266 1682 2297 coloribus
1697 2267 1731 2297 &
1745 2267 1994 2299 adinventionibus
2016 2268 2154 2301 malivolis
2175 2274 2304 2311 nequiter
2326 2275 2383 2305 im-

1304 2302 1438 2341 pediunt,
1456 2305 1489 2334 &
1504 2305 1648 2336 retardant.

1347 2342 1412 2372 Nos
1422 2343 1530 2381 itaque,
1550 2344 1692 2381 cupientes
1711 2352 1886 2381 oportunum
1905 2345 2010 2385 apponi
2032 2346 2190 2378 remedium
2206 2348 2273 2380 huic
2291 2351 2382 2391 pesti,

1306 2381 1502 2413 Paternitatem
1518 2381 1638 2411 vestram
1660 2382 1756 2420 (quam
1770 2383 1799 2412 in
1811 2382 1860 2412 illo
1875 2385 1992 2419 negotio
2005 2383 2083 2414 suum
2107 2386 2190 2417 habet
2207 2388 2364 2421 auditorem

1306 2429 1335 2451 ut
1347 2419 1513 2458 didicimus,
1532 2420 1565 2450 &
1582 2419 1746 2458 Patronurn)
1769 2420 1833 2451 totis
1847 2420 1995 2452 affectibus
2010 2424 2176 2461 requirimus
2196 2426 2230 2456 &
2251 2414 2387 2464 rogamus

1306 2459 1449 2497 quatinus,
1469 2459 1708 2496 contemplatione
1720 2458 1835 2496 justitiae
1843 2483 1853 2498 ,
1868 2469 1981 2490 necnon
1994 2460 2035 2490 ob
2049 2463 2234 2494 reverentiam
2243 2466 2277 2495 ὃ(
2291 2465 2386 2498 hono-

1306 2508 1366 2528 rem
1383 2497 1441 2528 Dei
1456 2497 1489 2527 &
1505 2496 1640 2528 Eccleliae
1661 2498 1752 2536 (cujus
1765 2497 1843 2528 causa
1858 2499 1946 2538 agitur
1961 2501 1990 2529 in
2005 2499 2059 2531 hac
2076 2502 2163 2539 parte)
2188 2504 2230 2533 ob
2246 2505 2385 2536 immuni-

1306 2545 1392 2567 tatem
1409 2537 1495 2566 etiam
1511 2537 1544 2566 δε
1559 2536 1773 2574 tranquilitatem
1787 2535 1869 2566 statsis
1883 2537 2006 2575 ejusdem
2016 2560 2025 2576 ,
2044 2539 2208 2571 adversarios
2230 2542 2301 2573 dicti
2320 2543 2385 2576 Ele-

1307 2576 1366 2614 cti,
1384 2575 1417 2606 ὃς
1432 2575 1494 2605 illos
1509 2575 1653 2612 praecipue
1667 2577 1715 2614 qui
1729 2573 1778 2604 sub
1798 2575 1891 2605 nostri
1911 2576 2045 2615 potestate
2065 2578 2222 2610 beneficiati
2244 2581 2384 2622 existunt,

1306 2624 1341 2643 ex
1358 2622 1433 2651 parte
1447 2613 1543 2655 nostra
1559 2613 1712 2644 efficaciter
1726 2623 1844 2644 monere
1860 2614 1965 2654 velitis,
1981 2616 2272 2657 exhortationibusque
2288 2621 2383 2653 vestris

1304 2652 1455 2684 salubribus
1468 2651 1595 2690 suadere,
1643 2675 1645 2677 -

1346 2691 1456 2730 de,
1474 2691 1684 2730 praemiiibrum
1700 2691 1920 2722 consideratione
1930 2715 1940 2731 ,
1956 2692 1992 2723 ab
2006 2693 2232 2731 impetitionibus
2253 2696 2288 2727 &
2301 2698 2383 2737 obje-

1307 2730 1449 2761 Ctionibus
1463 2729 1624 2769 supradietis
1645 2732 1767 2761 omnino
1786 2730 1931 2770 desistant,
1950 2731 1983 2761 &
2005 2731 2183 2764 Elefflonem
2207 2733 2243 2764 de
2266 2736 2383 2773 persona

1307 2769 1377 2799 dicti
1392 2768 1485 2799 Eleffi
1507 2769 1606 2806 (quem
1619 2769 1753 2799 adornant
1767 2769 1933 2807 multiplicia
1949 2771 2046 2807 gratiae
2061 2780 2177 2802 munera
2190 2773 2224 2803 ὃς
2239 2775 2384 2815 virtutum,

1307 2808 1341 2838 &
1358 2817 1442 2847 quem
1457 2806 1636 2839 testificamus
1648 2809 1741 2838 virum
1755 2806 1874 2838 solidum
1890 2808 1923 2839 &
1937 2808 2066 2847 fidelem,
2084 2809 2219 2841 idoneum
2238 2813 2323 2844 etiam
2344 2822 2385 2845 at-

1307 2857 1363 2884 que
1381 2847 1522 2883 dignum,
1542 2847 1575 2877 &
1597 2847 1632 2877 ab
1654 2847 1735 2876 omni
1760 2846 1879 2877 vinculo
1901 2847 2080 2886 obligationis
2100 2849 2134 2879 &
2157 2850 2314 2890 ratiocinii,
2334 2852 2384 2883 sibi

1306 2885 1438 2923 impolito
1448 2907 1458 2922 ,
1476 2885 1631 2916 absolutum
1645 2885 1753 2922 penitus
1767 2885 1800 2915 &
1815 2885 1952 2925 quietum)
1973 2894 2032 2916 tam
2046 2886 2200 2927 salubriter,
2218 2889 2251 2920 ὃς
2260 2900 2384 2921 concor-

1305 2923 1393 2962 diter,
1413 2932 1495 2961 atque
1509 2924 1608 2954 utiliter
1623 2923 1811 2962 celebratam,
1829 2934 1888 2954 non
1902 2924 2072 2964 impediant,
2092 2925 2218 2966 seteam,
2236 2928 2304 2959 ficut
2321 2940 2383 2960 me-

1306 2963 1362 2992 rito
1378 2962 1517 3000 creditur,
1535 2962 1602 2992 Deo
1618 2961 1760 3000 placidam
1781 2962 1814 2993 &
1834 2971 1980 3000 acceptam
1987 2986 1998 3002 ,
2016 2973 2218 3004 promoveant,
2237 2967 2271 2998 &
2291 2967 2325 2998 ad
2347 2966 2381 2997 fi-

1306 3011 1374 3031 nem
1389 3001 1528 3031 deducere
1541 3001 1662 3037 satagant
1674 3000 1796 3031 celerem
1812 3001 1845 3032 ὃς
1859 3001 1990 3040 felicem,
2008 3003 2077 3033 licut
2099 3003 2199 3035 statum
2218 3005 2379 3043 prosperum

1307 3040 1431 3077 diligunt
1445 3039 1540 3078 Regni
1554 3039 1660 3078 nostri,
1673 3040 1749 3070 circa
1764 3039 1841 3077 quod
1855 3039 1944 3070 vestra
1958 3040 2024 3071 velit
2040 3040 2207 3081 Paternitas,
2226 3053 2311 3081 quam
2332 3043 2379 3074 fir-

1307 3081 1391 3109 miter
1407 3078 1577 3109 confidimus
1591 3077 1721 3108 nostrum
1742 3078 1859 3116 diligere
1881 3080 2074 3110 commodum
2090 3081 2123 3111 ὅ(
2143 3081 2301 3120 honorem,
2319 3081 2376 3113 stu-

1305 3117 1408 3148 diosius
1424 3117 1556 3148 laborare.

1342 3155 1397 3193 Et,
1415 3156 1434 3186 fi
1449 3155 1544 3186 vestris
1558 3155 1764 3186 monitionibus
1787 3155 1950 3194 hujusmodi
1973 3157 2072 3186 obtem
2094 3167 2169 3187 erare
2184 3167 2241 3187 non
2263 3165 2377 3197 curent,

1304 3194 1412 3232 placeat
1426 3195 1509 3224 vobis
1522 3194 1587 3224 inde
1602 3194 1802 3225 conscientiam
1818 3194 1940 3224 Domini
1949 3194 2062 3224 Summi
2074 3167 2224 3225 Ls’ontificis
2239 3194 2376 3228 informa-

1304 3243 1353 3271 re,
1377 3233 1410 3263 &
1422 3233 1517 3301 s{iobis
1541 3231 1730 3264 confidentius
1751 3233 1860 3273 semper
1881 3233 2044 3271 rescribere,
2064 3232 2143 3271 super
2163 3233 2232 3273 hiis,
2249 3235 2283 3265 δε
2303 3235 2374 3275 aliis,

1302 3280 1368 3302 vota
1384 3281 1420 3301 ve
1446 3282 1483 3302 ra.

1342 3309 1410 3342 Dat.
1430 3313 1503 3349 apud
1520 3310 1727 3351 Notyngham‚
1744 3310 1878 3342 vicefimo
1893 3308 1970 3341 sexto
1982 3309 2029 3340 die
2043 3309 2222 3341 Decembris.

1303 3435 1362 3468 Ad
1379 3437 1490 3469 Santsz‘ae
1513 3437 1617 3481 Priftae
1642 3434 1847 3485 Presbyterum
1876 3435 2069 3470 Cardinalem
2088 3463 2097 3478 ‚
2129 3445 2232 3468 contra
2260 3447 2373 3469 memo-

1506 3495 1587 3518 ratos
1611 3487 1742 3528 Colores,
1765 3489 1802 3524 &³
1823 3496 1878 3532 pro
1893 3486 2026 3532 fhpffdsO
2050 3485 2160 3517 EleHo.

2425 2269 2445 2290 ’Π
2459 2270 2514 2299 tit.

2437 2317 2505 2345 591·

1302 3570 1502 3641 vEnerabili
1514 3572 1545 3601 in
1561 3569 1678 3601 Christo
1693 3570 1786 3608 Patri,
1803 3570 1937 3614 Domino
1960 3568 2068 3612 Ai'Dei
2084 3567 2188 3614 gratis,
2212 3570 2283 3601 tituli
2299 3571 2369 3602 San·
2391 3568 2519 3604 Ann.D,

1379 3609 1434 3640 &ae
1449 3609 1553 3640 Prircae
1577 3609 1738 3640 Proebitero
1760 3609 1919 3646 Cardinali,
1937 3608 2043 3638 Amico
2064 3606 2113 3636 suo
2133 3608 2295 3649 carisfituo,
2312 3609 2370 3641 Ed-
2409 3611 2495 3650 1316.

1302 3647 1429 3686 wardus,
1447 3649 1507 3678 &c.
1526 3648 1654 3685 salutem,
1673 3649 1706 3678 &
1721 3648 1833 3677 fincerae
1848 3646 2006 3676 dilectionis
2023 3643 2170 3676 affectum.

2385 3653 2437 3676 An.
2450 3645 2501 3679 ff).

1339 3689 1458 3727 Qanto
1473 3687 1508 3717 de
1518 3686 1679 3717 nostrorum
1695 3686 1854 3727 amicorum
1877 3684 1992 3727 puritate
2008 3682 2092 3713 fidem
2108 3685 2230 3721 gerimus
2245 3687 2367 3725 amplio⁴
2386 3692 2414 3715 Ε.
2435 3696 2460 3716 2,

1301 3736 1379 3764 rem,
1396 3733 1474 3755 tanto
1489 3726 1599 3764 gravius
1612 3724 1811 3755 conturbamur
1826 3721 1986 3752 intrinsecus
2001 3722 2034 3752 &
2057 3732 2224 3763 movemur,
2243 3725 2315 3756 diim
2330 3726 2367 3757 de
2385 3730 2455 3754 Rom.
2473 3725 2509 3760 &-

1301 3765 1362 3802 ipsis
1381 3763 1497 3801 sinistra,
1515 3763 1577 3793 talia
1592 3762 1737 3803 praecipue
1773 3770 1815 3790 uae
1841 3760 1874 3790 ad
1890 3759 2098 3798 ingratitudinis
2117 3762 2219 3793 vitium
2235 3772 2366 3802 poterunt
2386 3770 2427 3793 Fr.
2448 3775 2493 3794 ιο.

1301 3803 1445 3840 annotari,
1464 3800 1564 3831 nostris
1579 3801 1686 3830 auribus
1699 3808 1764 3828 incu
1776 3806 1882 3829 cantur.

2385 3808 2413 3830 E.
2432 3813 2459 3830 2.
2476 3813 2512 3833 m.

1336 3841 1426 3883 Sane,
1445 3849 1512 3869 cum
1526 3848 1613 3876 nuper
1626 3837 1708 3866 nobis
1720 3836 1804 3874 effet,
1822 3846 1856 3867 ex
1866 3836 1972 3876 vulgari
1985 3837 2144 3878 affertione,
2157 3839 2278 3872 delatum
2287 3842 2366 3881 quod
2382 3851 2410 3877 5.
2428 3843 2454 3870 d.

1301 3889 1368 3915 vos,
1386 3888 1414 3908 in
1429 3877 1573 3917 praesentia
1586 3874 1756 3906 sanctissimi
1770 3874 1858 3905 Patris
1871 3876 1976 3913 nostri,
1996 3875 2118 3908 Domini
2133 3878 2245 3910 Summi
2265 3880 2365 3911 Ponti-

1301 3917 1375 3955 ficis,
1393 3915 1523 3953 quaedam
1539 3914 1622 3944 verba
1637 3913 1824 3951 protuleritis,
1839 3915 1899 3952 Jura
1914 3914 2005 3944 nostra
2023 3926 2037 3945 r
2073 3916 2141 3955 alia,
2160 3917 2365 3957 libertatesque,

1302 3956 1336 3987 ὃς
1351 3954 1538 3985 immunitates
1551 3953 1647 3981 liberae
1661 3949 1784 3989 Capella:
1799 3952 1902 3983 nostrae
1915 3952 2012 3983 Sanffl
2064 3956 2145 3994 artini
2162 3955 2267 3996 Magni
2285 3957 2364 3987 Lon.

1301 3995 1370 4026 don.
1385 4002 1417 4022 ac
1433 3991 1548 4021 aliarum
1561 3989 1738 4027 Capellarum
1754 3990 1909 4022 nostrarum
1925 3993 2078 4032 tangentia,

1341 4031 1389 4063 De
1405 4030 1504 4070 quibus
1521 4028 1636 4068 quidam
1651 4027 1828 4097 (Ξατάἰηὸὶεε,
1846 4030 1879 4062 &
1895 4029 1955 4069 alii,
1979 4031 2009 4061 in
2031 4030 2119 4064 Curii
2139 4032 2292 4070 Roman-52,
2311 4033 2366 4060 im—

1800 4077 1820 4098 2
2245 4078 2371 4108 Pugnant
