2562 4279
677 125 791 168 ET
874 126 1145 167 ACTA
1229 125 1710 174 PUBLICA.

31 250 33 252 ’
49 253 76 273 n.
89 239 130 270 D.
159 255 232 258 μ
244 255 257 257 ·’

3 243 105 321 Aln317.
232 302 282 333 De
299 301 413 343 Rulli-5,
425 310 479 346 pro
499 295 721 343 Archiepifi-opo
739 296 916 343 Caffillenfi,
931 295 1129 343 expediendis.

2 321 67 349 Edv.
86 327 111 345 2.

2 361 116 424 {araz-11.
153 381 320 445 PAPAE
342 384 409 415 Rex
430 384 531 414 devota
552 381 655 420 pedum
671 381 766 411 oscula
782 382 940 412 beatorum.

2 439 72 463 Rom.
101 430 134 465 ὅς’
181 462 186 467 ,
239 424 358 492 Qui-{nto
374 422 508 453 defiderio
524 418 698 463 quietern&
718 428 778 449 tran
800 420 935 463 uilitatem
949 418 1048 456 Regni
1063 418 1168 463 nostri,
1188 418 1223 449 &

3 477 45 501 Fr.
67 480 108 498 Π,
153 460 266 492 aliarum
316 458 560 498 errarum‚n0stro
573 457 752 501 Subditarurn
806 467 937 501 ominio,
950 457 1110 501 affectatis,
1133 456 1223 501 vestra

5 515 36 539 Ε,
53 519 79 536 2,
97 518 134 536 m,
152 499 324 530 demonstrat
344 499 467 535 benigna
488 495 638 526 Paternitas
658 496 788 554 operibus
817 495 969 526 manifestis
983 519 993 534 ,
1021 496 1110 534 dum,
1132 495 1221 526 nostri

9 558 54 584 ¹4-
68 547 94 576 d,
151 538 376 582 consideratione
382 559 400 578 ,q
406 535 473 603 'mg
490 535 519 602 ig
535 534 696 603 gielgreriQE
719 535 753 602 ἓξ
771 533 829 564 aliis
844 533 1078 603 &Tcegisstnostriffi
1092 533 1222 602 praefisse-

24 587 114 662 ΣςῗΪ·
151 575 886 650 {sstvgfflssggffiesfgf550¹„ssb23122201’02u10
902 583 1047 650 ,2ῃὲῑᾶἷᾶ
1064 582 1223 642 {³312ssssAE

151 653 302 691 regimini,
314 650 527 688 tranquilitatem
547 649 581 680 δε
601 658 702 687 pacem
719 648 777 678 desi
797 657 874 680 erent
891 650 1046 680 efficaciter
1063 659 1223 688 procurare.

188 691 275 728 Super
292 698 329 718 eo
349 688 501 727 siquidem,
521 685 604 718 Pater
623 686 744 725 Sancte,
763 687 1072 727 quod,Venerabilem
1090 688 1221 726 Patrem,

152 728 361 766 Willielmum,
386 736 473 765 nuper
490 724 683 756 Offoriensem
701 725 873 763 Episcopum
893 751 903 765 ,
930 726 1138 758 cancellarium
1168 736 1224 756 no-

152 767 240 798 strum
258 765 419 802 Hiberniae,
438 763 597 807 Anglicum
616 764 722 802 (quem
741 774 855 795 morum
873 765 1010 804 probitas,
1022 766 1138 803 probata
1153 764 1222 795 fide—

150 805 225 843 litas,
243 805 309 835 vitae
327 803 480 840 Sanctitas,
499 802 651 833 litterarum
668 801 799 841 scientia,
824 804 929 844 aliaque
954 805 1091 835 virtutum
1119 804 1218 835 merita

150 843 268 880 gratiosa
283 841 400 873 reddunt
423 840 613 878 multipliciter
633 842 887 880 commendatum)
911 852 1000 880 nuper
1013 865 1024 882 ,
1042 842 1079 873 de
1097 841 1223 873 Ecclefia

150 880 317 912 Offoriense
331 901 342 919 ,
363 879 398 910 ad
423 878 579 910 Ecclesiam
601 877 787 910 Cassalensem
808 879 897 911 nostri
913 882 1015 912 intuitu
1035 880 1224 919 transtulistis,

150 917 439 990 {Zaeffind‘i'nipsff
450 917 758 987 iffinsspffss'iessoeiieiae
783 918 945 988 capiens
968 919 1223 989 Affhiiepiioepuin

269 967 320 988 ore
364 967 370 986 x
533 967 544 986 r
701 967 715 987 a
728 967 790 987 rem
868 969 894 988 ra
907 968 966 988 rem
1021 968 1049 989 ic
1070 969 1099 989 ar
1119 968 1168 989 um
1208 968 1224 988 e

152 996 263 1028 Ordine
281 994 452 1034 Miuorum,
471 994 592 1025 {imiliter
609 980 824 1035 Anglicum,ii1
837 996 925 1028 dietae
938 997 1106 1028 Offoriensis
1121 996 1223 1028 Eccle-

151 1035 198 1068 fiae
214 1032 390 1073 Episcopum
409 1032 604 1073 praeficiendo,
622 1034 767 1072 ipsumque
786 1035 916 1066 faciendo
933 1037 962 1066 in
980 1035 1102 1074 ejusdem
1121 1035 1224 1066 Eccle-

151 1074 197 1105 siae
214 1072 388 1111 Episcopum
406 1071 580 1111 consecrari3
597 1072 697 1104 vestrae
715 1074 872 1105 Sanctitatis
891 1073 1061 1106 Clementiae
1083 1074 1117 1105 ad
1133 1081 1223 1112 grates

151 1110 319 1149 assurgimus
333 1121 398 1149 quas
420 1110 552 1142 valemus

189 1149 226 1182 Et
263 1151 327 1189 quia
344 1149 420 1180 idem
439 1148 604 1180 Offorienfis
622 1148 793 1189 Episcopus,
808 1150 842 1181 ad
860 1161 911 1181 nos
927 1151 1063 1182 accedens
1081 1160 1149 1182 cum
1173 1160 1224 1181 ve-

152 1188 214 1219 stris
230 1173 323 1219 fitteris
337 1211 348 1227 ,
374 1198 433 1218 non
448 1188 490 1219 est
509 1187 558 1219 diu
573 1210 583 1226 ,
606 1187 736 1221 fidelitate
759 1189 842 1219 nobis
866 1190 989 1227 praestita
1016 1198 1045 1220 ut
1061 1189 1102 1220 est
1121 1189 1224 1227 moris,

149 1227 337 1266 Temporalia
355 1225 541 1266 Episcopatus
559 1226 683 1264 ejusdem
699 1227 750 1257 sibi
772 1237 822 1265 per
836 1238 888 1258 nos
907 1229 1031 1265 optinuit
1045 1228 1170 1266 liberari,
1184 1228 1222 1258 ita

172 1266 231 1297 uod
249 1266 398 1304 praedietus
416 1264 602 1296 Cancellarius
619 1264 728 1304 noster,
743 1265 781 1296 sic
799 1276 814 1296 a
832 1266 913 1297 dieto
928 1267 1097 1305 Episcopatu
1112 1267 1222 1304 penitus

150 1277 311 1343 destitutus,
325 1306 358 1337 δε
374 1303 654 1342 Archiepiscopaturn
677 1304 846 1342 praedictum
869 1305 962 1336 adhuc
985 1306 1137 1336 nullatenus
1152 1304 1223 1336 asse-

152 1352 246 1382 cutus,
261 1344 311 1375 sub
328 1343 374 1382 spe
392 1344 479 1381 vivit,
491 1343 544 1373 hiis
560 1342 719 1380 diebus‚de
732 1342 784 1374 suis
799 1344 955 1374 necessariis
967 1345 1139 1382 propinquos
1153 1354 1225 1374 one-

152 1390 213 1413 rans
231 1384 264 1414 &
280 1384 407 1420 amicos,
421 1381 499 1419 super
516 1381 691 1412 transsatione
708 1382 742 1413 δε
760 1382 943 1420 praefectione
960 1383 1106 1421 praedietis
1123 1382 1222 1413 vestrae

152 1421 331 1459 benignitatis
348 1421 381 1452 δε
399 1419 603 1451 munificentiae
620 1420 719 1450 litteras
737 1421 932 1460 expectando,

166 1499 171 1504 ⁸
189 1459 296 1491 Vestrae
309 1458 665 1491 PaternitatiSanCiiffimae
681 1458 792 1490 devotis
810 1461 939 1498 precibus
955 1460 1141 1499 supplicamus
1158 1469 1226 1499 qua-

151 1505 225 1530 tinus

192 1521 346 1568 Prssefatum
360 1535 497 1568 Electum
505 1536 573 1576 ,qui
585 1535 688 1567 nostris
699 1537 804 1576 jugiter
817 1536 939 1568 intendit
950 1536 1090 1575 obsequiis
1098 1560 1108 1576 ,
1121 1547 1175 1567 nec
1190 1536 1228 1566 ab

153 1575 257 1607 eisdem
272 1576 328 1607 fine
344 1576 424 1613 gravi
438 1575 565 1613 dampno
579 1574 677 1606 nostro
690 1577 717 1606 se
729 1577 831 1616 poterit
847 1576 1084 1614 absentare,super
1100 1586 1135 1606 eo
1150 1575 1226 1614 qnod

154 1614 232 1645 idem
245 1614 359 1645 Electus
374 1614 404 1644 sit
416 1614 516 1644 nostris
530 1613 642 1644 servitiis
662 1614 847 1653 praepeditus,
862 1614 903 1652 se,
912 1624 963 1652 pro
980 1614 1119 1652 praedieto
1135 1624 1229 1651 nego-

155 1654 215 1692 tio,
237 1652 331 1683 vestro
346 1652 508 1690 conspectui
529 1652 706 1690 personaliter
719 1663 779 1683 non
794 1652 956 1692 praesentat,
969 1653 1150 1691 habentes,si
1167 1653 1229 1691 pla-

157 1700 218 1730 cet,
235 1691 424 1722 favorabiliter
437 1690 598 1721 excusatum
605 1713 615 1729 ,

196 1730 323 1762 Nunciis
340 1730 373 1761 &
391 1728 623 1763 Procuratoribus
639 1728 723 1767 ipsius
740 1728 852 1768 Eleffi,
870 1739 940 1773 quos
962 1740 1014 1768 pro
1030 1729 1229 1768 prosecutione

156 1768 227 1800 dicti
248 1769 356 1806 negotii
371 1767 405 1798 ad
420 1767 595 1806 praesentiam
610 1767 732 1798 vestram
755 1769 860 1806 mittit,
874 1778 903 1798 in
926 1769 1032 1799 eodem
1050 1770 1172 1806 negotio
1188 1769 1229 1799 fa-

160 1817 259 1838 vorem
279 1807 433 1845 propitium
456 1805 619 1844 dignemini
640 1806 802 1845 impendere
817 1829 827 1845 ,
849 1806 975 1845 ipsosque
996 1817 1066 1838 cum
1086 1808 1229 1838 celeritate

156 1846 253 1877 debita
273 1846 309 1877 ad
323 1844 471 1883 praefatum
486 1845 623 1876 Elestum
641 1847 780 1879 remittere
803 1845 882 1883 super
897 1845 979 1876 dieto
995 1847 1114 1882 negotio
1135 1846 1228 1876 felici-

156 1892 197 1915 ter
215 1885 374 1923 expedit053
389 1892 419 1915 ut
435 1883 515 1916 dieta
535 1882 697 1915 Caffelensis
711 1883 838 1914 Ecclesia
852 1884 1010 1923 (quae2per
1024 1884 1162 1916 diutinam
1178 1896 1228 1917 va-

156 1923 301 1954 cationem
316 1921 436 1960 ejusdem
452 1944 463 1961 ‚
486 1923 547 1961 jam
566 1921 641 1960 passa
659 1922 699 1952 est
722 1922 912 1954 diversimode
924 1933 993 1953 -non
1012 1923 1128 1954 modica
1143 1923 1230 1954 detri-

157 1963 268 2000 menta)
293 1971 340 2000 per
368 1961 559 1999 provisionem
586 1961 619 1992 &
646 1960 808 1992 industriam
833 1962 1069 2000 circumspecftam
1094 1962 1234 2000 praedicti

156 1999 266 2039 Eleffl,
283 2000 402 2031 feliciter
416 2000 563 2038 respirare,
578 2000 612 2031 &
629 2000 687 2030 tam
706 2001 736 2030 in
754 1999 964 2039 spiritualibus,
983 2001 1071 2042 quam
1088 2002 1119 2032 in
1135 2001 1231 2032 Tem-

158 2039 297 2078 poralibus
318 2038 434 2069 salubria
456 2038 593 2076 suscipere
604 2038 694 2069 valeat
708 2040 888 2074 incrementa.

194 2077 283 2115 Super
305 2077 423 2115 debitis,
437 2077 467 2107 in
482 2078 581 2115 quibus
596 2076 675 2107 idem
691 2076 802 2108 Electus
817 2079 847 2108 iii
862 2077 999 2108 Roman&⁴
1012 2076 1104 2108 Curia
1116 2077 1230 2115 obliga-

159 2124 220 2153 tur,
238 2115 303 2145 tales
322 2115 373 2145 sibi
387 2116 541 2153 terminos,
557 2114 661 2146 nostrae
679 2115 906 2146 considerationis
933 2116 1051 2154 intuitu,
1068 2116 1233 2146 conceden-

160 2155 201 2185 do
219 2154 253 2185 &
271 2154 353 2183 etiam
372 2153 535 2191 statuendo,
550 2154 651 2191 quibus
667 2153 761 2184 debita
777 2153 822 2184 illa
843 2154 1029 2185 commodius
1042 2177 1053 2193 ,
1080 2156 1113 2186 ὃς
1130 2154 1235 2193 absque

159 2201 268 2229 magno
283 2192 443 2232 gravamine
461 2191 565 2222 solvere
584 2191 692 2231 valeat,
708 2200 743 2229 ‚ut
761 2200 876 2223 tenetur.

193 2230 364 2262 Coiiservet.
384 2231 444 2260 &c.

232 2268 299 2299 Dat.
317 2268 391 2306 apud
406 2267 671 2307 Notinghamiam,
690 2278 789 2307 quarto
802 2269 850 2300 die
865 2268 994 2309 Augusti.

208 2397 316 2429 Litera
329 2392 374 2427 ad
389 2396 504 2440 Papam
515 2419 525 2435 ‚
544 2391 581 2426 de
589 2392 774 2439 pactficando
790 2395 1040 2441 Metropolitanos
1047 2395 1185 2443 Angliae,

480 2441 571 2489 fhper
587 2441 769 2488 bajulatione
790 2445 906 2478 Crucis.

16 2532 92 2567 ΑΜ.
105 2530 147 2564 D.
160 2525 325 2592 PAPAE
346 2528 411 2559 Rex
426 2526 529 2559 devota
543 2527 651 2567 pedum
663 2527 757 2559 oscula
771 2529 928 2561 beatorum.

36 2580 121 2613 1317.
249 2568 426 2600 Affeetamus
440 2576 474 2597 ex
488 2568 596 2598 intimis
611 2567 826 2606 tranquilitatem
846 2568 879 2599 &
897 2578 1001 2606 pacem
1020 2568 1092 2599 inter
1109 2567 1236 2599 Venera-

17 2615 70 2641 An.
92 2621 101 2639 i
111 2621 134 2640 x.
163 2608 233 2640 biles
257 2606 352 2639 Patres
367 2629 378 2645 ,
413 2604 562 2636 Dominos
590 2604 749 2636 Cantuariae
775 2607 809 2638 &
837 2605 967 2638 Eborum
995 2607 1235 2646 Archiepiscopos

17 2653 49 2679 Ε.
69 2659 96 2678 2.
166 2646 256 2686 (quos
275 2648 304 2676 iri
318 2645 427 2682 Regno
441 2643 539 2675 nostro
556 2644 670 2681 Angliae
686 2643 922 2683 Metropolitanos
934 2654 1042 2676 tantum
1054 2645 1234 2683 optinemus)

18 2686 130 2721 Rom&
166 2685 296 2724 stabiliri,
313 2684 347 2716 &
363 2693 399 2714 eo
417 2682 585 2721 ferventius,
610 2692 668 2721 quo
685 2682 810 2722 ipsorum
829 2683 950 2715 consiliis
968 2686 1001 2716 &
1019 2685 1125 2715 auxiliis
1142 2685 1171 2714 in
1189 2695 1234 2714 ar-

18 2729 61 2756 Fr.
89 2736 131 2755 11.
164 2724 225 2756 duis
242 2723 382 2761 negotiis,
399 2732 452 2753 nos
465 2744 476 2760 ,
500 2722 534 2754 &
549 2721 688 2760 Regnum
707 2721 837 2754 nostrum
856 2723 1082 2762 contingentibus
1096 2745 1106 2762 ,
1132 2724 1239 2761 princi-

20 2769 51 2792 Ε.
71 2774 97 2792 2.
111 2774 148 2794 m.
164 2762 259 2803 paliter
277 2761 448 2798 indigemus.

27 2811 71 2838 ¹4·
202 2800 282 2831 Cum
297 2801 408 2838 itaque,
425 2798 506 2830 Pater
523 2797 645 2838 Sancte,
657 2798 735 2837 super
747 2799 915 2832 ba'ulatione
931 2798 1037 2831 Crucis
1050 2799 1238 2838 eorumdem,

166 2837 204 2870 de
218 2837 370 2868 Provincia
384 2838 465 2868 unius
480 2838 509 2868 in
524 2837 622 2876 aliam,
636 2846 710 2868 tanta
726 2837 757 2869 di
780 2838 905 2869 enfiones
921 2839 955 2869 &
968 2839 1091 2877 pericula
1106 2838 1240 2869 haetenus

167 2884 337 2915 evenerunt,
351 2875 431 2914 quod
448 2885 506 2906 uno
518 2875 586 2906 loco
594 2885 657 2906 non
675 2885 819 2916 poterant,
835 2885 950 2915 propter
969 2877 1178 2908 multitudinem
1196 2888 1239 2907 ar-

170 2923 336 2954 matorum,
348 2913 468 2953 eisdem,
484 2915 514 2944 in
531 2914 590 2952 ipsa
611 2913 714 2945 Crucis
732 2916 920 2954 bajulatione,
939 2915 1008 2946 hinc
1028 2916 1097 2946 inde
1114 2915 1240 2946 affisten-

168 2952 324 2992 tium,s1ne
342 2951 506 2990 graviffimis
521 2954 679 2983 animarum
696 2954 729 2984 &
747 2963 902 2992 corporum
920 2953 1050 2992 periculis
1064 2955 1235 2985 convenire:

170 2991 259 3030 Cujus
281 2998 432 3030 praetextu,
455 2989 567 3028 nostra,
584 2991 618 3021 &
635 2991 736 3028 Regni
752 2993 841 3023 nostri
859 2993 974 3030 negotia
992 2992 1235 3030 quamplurimum

170 3029 280 3061 fiierant
294 3028 444 3067 retardata,
463 3029 497 3059 &
515 3028 636 3067 exinde,
650 3030 754 3067 absque
778 3030 939 3062 Laicorum
958 3031 1089 3069 exemplo
1106 3032 1239 3070 pernitio-

169 3068 217 3107 so,
233 3068 355 3106 dampna
368 3066 528 3107 gravissima
541 3066 698 3097 subsecuta:

209 3106 355 3138 Sanctitati
372 3105 473 3138 vestrae
489 3106 573 3136 omni
589 3104 745 3136 affeetione
761 3129 771 3144 ,
795 3106 850 3145 qua
874 3106 1038 3146 possumus,
1054 3107 1103 3146 sup
1123 3108 1239 3139 licamus

170 3145 312 3184 quatinus,
326 3144 428 3176 statum
446 3143 633 3175 Ecclesiamm
653 3144 851 3182 praediecarurn
869 3145 1089 3184 considerantes,
1115 3157 1131 3177 e
1143 3146 1238 3184 aliquo

171 3183 299 3215 remedio
317 3183 491 3220 competenti
506 3205 516 3221 ,
535 3181 613 3221 super
636 3182 717 3221 ipsius
742 3182 846 3213 Crucis
865 3183 1048 3223 bajulatione,
1068 3195 1119 3222 pro
1136 3184 1238 3215 Eccle-

171 3222 270 3252 siarum
287 3221 503 3259 praedictarum,
518 3222 551 3252 ὃ(
570 3221 665 3252 nostra
680 3245 690 3260 ,
714 3231 748 3252 ac
768 3221 867 3260 Regni
886 3222 975 3254 nostri
994 3224 1086 3261 quiete
1099 3246 1108 3262 ,
1139 3233 1238 3263 perpe-

170 3262 239 3298 tuo,
257 3259 277 3290 si
295 3261 373 3290 bono
388 3259 478 3290 modo
498 3258 557 3289 fieri
572 3259 671 3299 poffit,
683 3260 728 3290 vel
743 3259 832 3291 saltim
849 3270 901 3298 pro
919 3270 1049 3299 tempore
1067 3272 1143 3292 nunc
1160 3272 1234 3300 prae-

171 3298 317 3330 sidentium
337 3297 468 3328 Ecclesiis
486 3297 628 3336 praedietis
641 3321 651 3337 ,
682 3299 845 3336 dignemini
860 3322 870 3338 ,
894 3299 931 3331 de
950 3299 1050 3332 vestrae
1067 3300 1237 3339 plenitudine

171 3336 327 3377 potestatis,
343 3335 483 3366 salubriter
499 3336 637 3367 ordinare.

207 3375 296 3413 Super
315 3373 373 3412 ipso
390 3382 483 3404 autem
500 3375 619 3411 negotio
633 3397 643 3413 ,
681 3385 715 3406 ac
739 3374 880 3407 dictarum
905 3376 1092 3408 Ecclesiarum
1119 3377 1188 3409 statu
1203 3378 1237 3409 ὃς

170 3414 323 3452 dignitate,
342 3422 391 3450 per
409 3413 428 3432 ³*
448 3412 484 3442 M
501 3412 617 3443 vistrum
631 3413 792 3452 Johannem
813 3414 848 3444 de
867 3414 943 3453 Ros,
958 3415 1043 3446 vestri
1064 3416 1143 3447 Sacri
1158 3416 1238 3447 Pala-

170 3454 202 3484 tii
221 3453 409 3489 Auditorem,
426 3450 460 3481 &
516 3450 650 3487 agistrum
670 3451 763 3482 Adam
782 3451 1094 3493 Mirimuth,Clericos
1107 3454 1236 3494 nostrOS,

171 3493 203 3522 in
218 3489 399 3522 Sacrossneh'i
413 3487 505 3519 Curia
518 3488 649 3520 Romana
665 3500 775 3521 moram
790 3489 921 3522 facientes
934 3515 944 3531 ,
969 3492 1117 3523 informari
1134 3495 1238 3532 poterit

172 3530 263 3601 sestm
284 3529 437 3566 Sanctitas,
454 3537 517 3565 quae
532 3529 592 3566 jura
608 3528 745 3567 utriusque
762 3529 843 3561 illaesa
861 3529 938 3569 vult,
955 3539 986 3562 ut
1000 3532 1151 3572 novimus,
1166 3542 1238 3563 con-

185 3578 286 3600 ervare.

212 3607 266 3638 Ad·
276 3607 404 3644 regimen
418 3603 551 3635 Ecclesiae
563 3604 618 3635 suae
631 3605 741 3636 Sanctae
750 3606 902 3638 Altiffimus
915 3618 967 3639 vos
980 3607 1132 3639 conservet.

249 3645 318 3676 Dat.
337 3644 410 3683 apud
428 3642 669 3682 Notingham,6.
684 3644 730 3675 die
747 3645 876 3684 Augusti.

46 3421 66 3443 θ’
75 3423 128 3451 111.

53 3461 119 3490 660.

33 3785 108 3818 Arm·
121 3787 162 3820 D·
222 3772 271 3804 De
292 3767 466 3817 alloquendo
484 3768 658 3816 Episcopum
677 3770 868 3815 Fernmftm,
893 3770 929 3803 de
949 3783 979 3803 eo
1006 3770 1086 3818 quod
1099 3774 1194 3805 Scotis

52 3833 137 3865 1317.
644 3814 766 3859 adhaesit·

29 3867 147 3965 ‘gau'
249 3902 331 3942 Ex,
349 3903 456 3938 diiecto
472 3903 507 3947 sc
524 3901 598 3946 fideli
614 3900 807 3940 suo,R0ger0
826 3903 862 3934 de
880 3903 1003 3936 Mortuo
1022 3903 1243 3944 Mari‚cust0di

36 3985 46 4003 ι
55 3940 124 4006 :fug
136 3988 162 4007 2.
218 3940 795 4047 Q‘lgaegssuffiilaedliliggffsiaefiefiffiigaegidbd
811 3979 907 4011 Adam
919 3981 1060 4025 Fernensis
1079 3981 1244 4022 Episcopus,

28 4023 66 4043 m.
76 4018 158 4052 ²4³1·
178 4014 248 4047 Mac
270 4027 349 4054 mans
363 4018 620 4055 exhaeredationem
634 4017 759 4050 nostram
777 4028 807 4049 in
824 4018 916 4052 Terra
931 4019 1127 4060 praedietfifin
1139 4021 1245 4055 adven-

1262 217 1291 240 tu
1310 209 1442 242 Edwardi
1462 212 1502 257 de.
1514 213 1582 245 Brus
1599 217 1634 260 ad
1652 226 1742 256 partes
1758 217 1831 258 illas,
1847 217 1898 250 fibi
1941 219 1976 251 &
1992 219 2176 258 postmodum
2192 221 2325 255 Roberto
2346 222 2419 256 Ann.
2436 225 2478 257 D.

1261 249 1298 278 de
1316 248 1400 287 Brus,
1420 250 1504 294 Fratri
1521 252 1586 291 suo,
1602 257 1771 298 inladventu
1789 256 1837 289 suo
1855 241 1984 297 ibidem,
1998 269 2154 298 eorumque
2172 262 2324 300 complici·
2370 271 2455 303 1317-

1261 286 1332 331 bus,
1346 286 1541 330 Proditoribus
1558 291 1657 333 nostris
1708 305 1808 326 contra
1834 295 2012 334 Ligeantiam
2029 297 2122 337 suam,
2143 299 2176 330 ὅ(
2194 299 2323 331 debitum
2343 302 2411 330 Edv-
2431 311 2458 331 2„

1259 323 1396 368 fidelitatis
1413 325 1467 356 suae
1477 348 1486 364 ,
1501 328 1584 371 nobis
1623 316 1756 377 raesiitae,
1767 334 1984 371 proditionaliter
2002 336 2132 376 adhaefit,
2149 338 2179 368 in
2195 338 2326 370 Consiliis

1260 362 1294 392 ὅ(
1309 362 1367 392 aius
1383 373 1586 408 communtican
1607 377 1627 397 o
1645 377 1715 412 curn
1732 372 1835 403 eisdem
1850 395 1861 412 ,
1885 373 2050 405 subveniens
2075 377 2114 406 eis
2138 375 2174 406 de
2192 376 2329 408 Victuali-

1261 400 1331 439 bus,
1349 401 1383 432 &
1402 401 1459 446 aliis
1476 404 1527 433 iibi
1546 405 1715 446 necessariis,
1734 419 1847 441 necnon
1865 414 2010 444 armaturis
2022 436 2034 452 ,
2057 414 2090 445 &
2109 412 2275 446 hominibus
2293 416 2330 447 ad

1259 449 1335 469 arma
1349 451 1372 483 3¹
1392 441 1534 471 mittendo
1557 443 1592 472 ad
1611 445 1738 481 praefatos
1761 447 1898 480 inimicos
1915 451 2024 482 nostros
2042 451 2165 483 Fratrem
2180 453 2261 485 suum
2279 464 2328 492 per

1259 486 1346 517 quem
1363 477 1583 523 informabantur
1601 482 1679 526 super
1694 484 1763 516 statu
1778 488 1899 524 partium
1915 490 2129 526 praedietarum:

1297 515 1380 559 Nos,
1399 518 1557 557 praemissa,
1573 519 1593 549 si
1615 521 1702 552 taliter
1717 533 1868 561 perpetrata
1890 526 1991 559 fuerint
2002 552 2013 568 ‚
2039 528 2165 560 nolentes
2183 529 2232 561 sub
2249 530 2327 562 diffi-

1261 554 1414 598 mulatione
1439 558 1620 601 pertransire,
1649 560 1732 590 vobis
1759 563 1918 594 mandamus
1943 568 2022 604 quod
2035 590 2046 606 ,
2070 567 2163 600 habita
2177 569 2244 600 inde
2259 579 2330 601 cum

1260 591 1396 636 Concilio
1417 592 1516 624 nostro
1535 604 1656 640 partium
1678 597 1787 629 illarum
1808 602 1977 634 avisamento
1999 605 2117 643 pleniori
2134 629 2144 646 ,
2176 608 2329 646 praefatum

1259 629 1432 670 Episcopum
1454 641 1553 663 coram
1565 634 1662 673 vobis,
1676 636 1710 666 ad
1733 646 1842 668 certum
1857 639 1952 680 diem,
1967 652 2054 681 quem
2070 645 2105 676 ad
2124 646 2181 677 hoc
2197 646 2329 678 duxeritis

1259 669 1480 714 praefigendum,
1499 671 1590 702 modo
1603 672 1701 705 debito
1716 677 1834 716 venire,
1855 677 1889 708 &
1911 679 1988 719 super
2005 683 2152 719 praemiffis
2166 684 2270 723 alloqui
2285 684 2329 717 fa·

1259 717 1347 738 elatis.

1263 785 1268 791 .
1298 746 1352 785 Et,
1362 747 1383 790 si¹
1398 745 1489 790 ipsum
1506 746 1681 795 Episcopum
1698 751 1766 782 inde
1783 752 1973 794 culpabilem,
1984 757 2029 788 vel
2044 760 2153 791 notorie
2168 761 2328 800 suspeecum

1260 793 1420 830 inveneritis
1433 809 1444 825 ,
1470 793 1540 831 tunc
1564 787 1677 820 ulterius
1694 790 1801 821 facietis
1817 792 1895 832 quod
1913 793 1950 824 de
1966 793 2102 827 Concilio
2125 799 2224 831 nostro
2245 801 2331 833 vobis

1261 824 1385 855 videntis
1403 824 1464 855 fore
1478 824 1649 858 faciendum.

1299 861 1338 893 Et
1357 862 1627 909 nichilominusunos
1652 866 1720 898 inde
1742 889 1752 906 ,
1784 867 1865 900 fimul
1882 878 1950 900 cum
1966 868 2095 903 Consilio
2112 874 2146 904 &
2164 876 2333 908 avisamento

1262 901 1354 932 vestro
1359 924 1370 945 ,
1390 901 1424 932 &
1440 901 1573 947 Concilit
1591 904 1679 936 nostri
1696 905 1836 937 dictarum
1854 909 1992 947 partium,
2009 909 2143 942 distinete
2163 914 2196 944 &
2217 926 2231 945 a
2269 917 2311 946 rte

1262 940 1318 984 sine
1335 940 1469 970 dilatione
1485 941 1592 981 ahqua,
1610 943 1727 975 reddatis
1746 945 1901 985 certiores,
1924 955 1972 984 ut,
1992 947 2030 978 fic
2054 952 2191 981 certiorati
2251 938 2332 984 terius

1261 978 1415 1023 faciamus,
1427 979 1506 1023 quod
1524 982 1560 1011 de
1577 980 1707 1013 Consilio
1723 983 1820 1014 nostro
1839 983 1903 1016 fore
1926 985 2078 1018 viderimus
2101 975 2276 1021 facientium·
2295 992 2330 1023 &

1261 1026 1405 1048 remittatis
1424 1018 1507 1048 nobis
1523 1019 1582 1051 hoc
1607 1021 1700 1052 breve.
2269 1016 2280 1031 ⁹

1295 1055 1385 1086 Teste
1396 1055 1481 1094 Rege
1494 1058 1568 1095 apud
1583 1059 1789 1100 Notingham‚
1804 1061 1834 1092 6.
1848 1060 1896 1093 die
1910 1061 2038 1103 Augusti.

1798 1138 1853 1168 Per
1868 1136 1950 1177 ipsum
1968 1141 2065 1178 Regem
2083 1137 2122 1176 ό·
2138 1139 2294 1172 Concilium-

1532 1262 1583 1295 De
1600 1259 1765 1309 recipiendo
1785 1265 1886 1296 Scotos
1906 1260 1951 1295 ad
1958 1273 2075 1309 pacem.

1265 1342 1401 1414 REX
1422 1346 1573 1385 omnibus,
1587 1346 1623 1378 ad
1639 1357 1725 1386 quos,
1740 1347 1802 1379 &c.
1816 1347 1942 1379 salutem.

1368 1382 1418 1413 De
1434 1383 1691 1423 circumspectione
1704 1386 1939 1425 provida,dile6ii
1953 1387 1988 1418 ἃ
2001 1385 2089 1418 fidelis
2103 1386 2335 1426 nostri‚Andreae

1264 1421 1300 1451 de
1316 1421 1446 1461 Hartcla,
1461 1423 1568 1461 plenius
1580 1424 1770 1463 confidentes,
1785 1426 1938 1464 recipiendi
1951 1426 1986 1456 ad
2001 1436 2103 1464 pacem
2127 1427 2160 1458 &
2175 1426 2334 1458 fidelitatem
2353 1442 2406 1466 An,
2424 1447 2434 1465 ι
2444 1447 2466 1465 1,

1265 1459 1391 1491 nostram
1407 1471 1508 1492 omnes
1520 1462 1580 1492 illos
1594 1463 1630 1493 de
1646 1463 1746 1494 Scotia
1799 1466 1847 1503 qui
1868 1464 1903 1494 ad
1927 1475 2030 1502 pacem
2052 1466 2085 1496 &
2100 1465 2271 1496 voluntatem
2284 1477 2337 1497 no-
2356 1480 2385 1503 E.
2401 1486 2429 1503 2,

1266 1498 1349 1529 stram
1364 1501 1461 1544 venire
1478 1500 1616 1547 voluerint
1633 1487 1774 1540 (excepti’s
1790 1503 1841 1534 illis
1857 1503 1905 1541 qui
1920 1513 1973 1541 pro
1987 1503 2106 1534 Feloniis
2127 1503 2269 1542 Regnum
2284 1515 2337 1535 no-
2357 1519 2424 1542 Scor.
2443 1522 2486 1542 n.

1266 1536 1353 1568 strum
1369 1538 1488 1576 Anghae
1503 1540 1679 1580 abjurarunt,
1704 1541 1750 1571 vel
1767 1542 1803 1572 ab
1820 1545 1923 1573 eodem
1947 1541 2079 1579 Utlagati
2100 1542 2162 1573 sunt
2182 1543 2340 1574 secundum
2357 1557 2386 1580 E.
2406 1562 2433 1580 2,

1266 1576 1361 1615 legem
1375 1577 1412 1620 ¹&
1431 1577 1664 1609 consuetudinem
1682 1579 1806 1617 ejusdem
1824 1579 1943 1618 Regni)
1965 1589 2062 1611 tenore
2081 1581 2260 1619 praesentium
2283 1582 2342 1621 ple·
2357 1600 2395 1619 m,
2407 1599 2450 1627 ¹7·

1265 1624 1333 1645 narn
1355 1625 1381 1645 ei
1397 1615 1526 1647 dedimus
1538 1615 1717 1655 potestatem.

1264 1699 1293 1722 tu
1304 1653 1339 1683 ln
1357 1655 1435 1693 cujus
1451 1656 1491 1685 rei
1504 1654 1717 1687 Testimonium
1736 1680 1746 1696 ,
1767 1657 1828 1688 ὅτε.
1857 1656 1993 1696 quamdiu
2015 1658 2097 1689 nobis
2113 1659 2247 1698 placuerit
2259 1659 2342 1692 dura-

1295 1702 1344 1723 ras.

1337 1730 1427 1763 Teste
1444 1731 1529 1771 Rege
1544 1733 1618 1772 apud
1634 1733 1837 1775 Notingham,
1854 1734 1938 1774 7.die
1955 1735 2088 1773 Augusti.

2351 1360 2428 1391 Ann.
2444 1359 2487 1390 D.·

2375 1407 2460 1439 1317.

1843 1814 1898 1843 Per
1915 1815 2010 1843 Breve
2029 1813 2061 1843 de
2070 1816 2188 1853 privato
2204 1813 2306 1852 Sigillo.

1287 1936 1396 1969 Litera
1412 1937 1536 1972 Comitis
1551 1935 1702 1971 Flandriae
1714 1963 1724 1980 ,
1740 1935 1785 1971 ad
1793 1936 1989 1985 purgandum
2004 1940 2166 1986 Burgenfts
2183 1939 2219 1973 de
2235 1943 2318 1987 ηᾱνιι.

1268 2019 1555 2081 EXcellentiffimo
1573 2031 1608 2058 ac
1630 2022 1738 2060 potenti
1760 2021 1889 2061 Principi
1904 2047 1914 2061 ‚
1942 2023 2078 2055 Domino
2099 2024 2260 2065 Edwardo,
2282 2026 2425 2065 DeiAnn
2450 2033 2482 2064 D

1290 2098 1295 2102 ἡ
1344 2059 1450 2097 gratia,
1469 2059 1546 2097 Regi
1568 2060 1704 2099 Angliae,
1725 2060 1860 2091 Domino
1874 2061 2040 2100 Hiberniae,
2061 2060 2095 2094 &
2110 2063 2189 2094 Duci
2205 2065 2341 2104 Aequita-
2378 2058 2463 2114 131'7‚
2482 2057 2492 2065 ⁰

1267 2107 1338 2167 ἓζιεῖ,
1354 2097 1512 2136 Robertus,
1528 2097 1635 2134 Comes
1650 2097 1787 2133 Flandriae
1801 2122 1812 2138 ,
1837 2099 1952 2131 salutem
1968 2123 1980 2139 ,
2007 2110 2075 2132 cum
2088 2103 2173 2132 omni
2185 2104 2340 2135 reverentia
2357 2116 2410 2139 Aa.
2431 2121 2473 2139 ιι.

1332 2145 1431 2166 onore.
2091 2149 2094 2152 ·

1306 2173 1388 2204 Cum
1406 2174 1618 2211 intellexerimus
1635 2174 1714 2214 quod
1732 2175 1860 2207 nonnulli
1876 2185 1912 2207 ex
1930 2185 2007 2216 parte
2025 2176 2116 2210 vestra
2133 2179 2340 2220 imposuerunt,
2352 2154 2385 2179 13.
2390 2159 2452 2217 [ζα.

1269 2213 1303 2244 ὅσ
1321 2214 1473 2251 imponant
1486 2214 1587 2246 nostris
1603 2213 1790 2252 Burgensibus
1803 2216 1840 2246 de
1853 2215 2040 2255 Ypra,quod
2056 2218 2107 2256 ipsi
2132 2219 2177 2249 vel
2191 2220 2275 2258 aliqui
2291 2230 2341 2251 eo-

1268 2252 1400 2282 rumdem
1415 2252 1548 2291 (durante
1560 2252 1672 2284 Guerra
1686 2253 1757 2284 inter
1769 2253 1909 2284 Illustrem
1925 2254 2088 2293 Principem
2104 2240 2268 2289 bominum
2285 2258 2345 2289 Re-

1287 2300 1334 2320 em
1350 2290 1477 2322 Franciae
1496 2291 1529 2323 &
1543 2291 1605 2321 suos
1618 2300 1654 2321 ex
1667 2292 1724 2322 una
1738 2302 1834 2330 parte,
1850 2293 1883 2323 ὃ(
1903 2303 1955 2323 nos
1972 2293 2006 2324 &
2024 2294 2134 2325 nostros
2147 2305 2181 2326 ex
2195 2297 2266 2335 alia)
2284 2298 2347 2328 vio·

1281 2329 1381 2367 entias,
1399 2329 1434 2359 &
1458 2330 1571 2367 injurias
1585 2330 1737 2360 intulerunt
1755 2329 1900 2361 Gentibus
1914 2330 2011 2362 vestris
2025 2354 2036 2371 ,
2062 2335 2196 2371 rapiendo
2210 2335 2244 2366 &
2258 2345 2347 2374 expo-

1270 2366 1365 2437 }icandio
1386 2368 1460 2398 bona
1478 2368 1523 2399 sua
1545 2368 1576 2398 in
1595 2367 1678 2399 Navi
1695 2391 1706 2407 ,
1732 2368 1765 2400 ὃς
1791 2366 1859 2407 ipsas
1877 2369 2073 2402 interficiendo
2088 2394 2098 2410 ,
2125 2373 2158 2403 &
2176 2373 2240 2404 alias
2255 2375 2347 2407 mole-

1296 2417 1330 2436 an
1352 2416 1387 2436 0:

1309 2444 1419 2475 Vestrae
1434 2443 1537 2482 Regiae
1552 2445 1697 2484 Majestati
1711 2454 1813 2477 notum
1833 2445 1954 2478 facimus
1975 2457 2026 2486 per
2048 2448 2193 2488 praesentes
2205 2474 2216 2490 ‚
2237 2451 2271 2483 &
2289 2452 2348 2484 hoc

1272 2484 1349 2514 bona
1365 2483 1419 2515 fide
1433 2481 1617 2520 testificamur
1630 2484 1710 2523 quod
1731 2494 1876 2523 nunquam
1897 2486 2046 2525 scivimus,
2069 2489 2269 2529 intelleximus,
2292 2500 2348 2522 nec

1270 2522 1330 2553 dici
1346 2523 1503 2554 audivimus
1524 2523 1604 2561 quod
1619 2524 1691 2554 dieti
1707 2523 1793 2554 nostri
1810 2523 1963 2559 Burgenses
1976 2526 2012 2556 de
2024 2525 2116 2566 Ypra,
2136 2528 2182 2559 seu
2198 2529 2284 2568 aliqui
2299 2539 2350 2560 eo-

1273 2561 1404 2592 rumdem
1421 2560 1564 2592 Gentibus
1583 2561 1680 2592 vestris
1695 2583 1704 2599 ,
1732 2561 1778 2592 seu
1800 2563 1936 2601 aliquibus
1955 2574 2052 2595 earum
2071 2566 2173 2605 aliquas
2185 2567 2297 2606 injurias
2315 2568 2349 2600 &

1273 2600 1419 2642 violentias
1444 2601 1462 2619 ³¹²
1489 2600 1660 2631 intulerunt:
1689 2600 1736 2632 seu
1754 2603 1881 2639 rapinam
1899 2602 1933 2633 ὃς
1949 2604 2171 2641 expoliationem
2197 2606 2233 2637 de
2265 2608 2348 2637 bonis

1272 2639 1323 2669 luis
1345 2640 1374 2668 in
1398 2638 1475 2669 Mari
1498 2639 1645 2678 fecerunt,
1657 2649 1711 2670 nec
1729 2641 1757 2669 in
1771 2640 1916 2678 praemiffis
1930 2642 2091 2682 Auxilium,
2111 2643 2291 2684 Consilium,
2305 2644 2351 2678 seu

1273 2677 1431 2716 Favorem,
1446 2686 1491 2708 aut
1506 2678 1624 2716 aliquam
1641 2677 1890 2710 Contributionem
1907 2681 2098 2717 praestiterunt.

1312 2716 1460 2755 Rogantes
1481 2717 1602 2747 vestram
1622 2716 1746 2754 Regiam
1765 2716 1964 2758 Majestatem,
1984 2728 2116 2758 quatenus
2130 2721 2282 2760 praedidios
2293 2731 2349 2753 no-

1274 2754 1344 2785 stros
1356 2754 1512 2798 *Burgenses
1524 2780 1534 2796 ,
1564 2756 1597 2787 &
1622 2755 1775 2794 quemlibet
1791 2765 1910 2796 eorum,
1928 2758 2028 2789 habeat
2046 2758 2123 2799 super
2141 2761 2191 2791 fibi
2211 2761 2350 2800 impositis

1274 2796 1415 2824 excusatos
1434 2795 1468 2825 &
1482 2803 1621 2832 purgatos.

1312 2832 1346 2863 In
1365 2833 1443 2870 cujus
1462 2835 1501 2864 rei
1519 2833 1735 2864 Testimonium
1752 2832 1886 2871 Sigillum
1915 2835 2047 2867 nostrum
2072 2835 2250 2875 praesentibus
2267 2837 2351 2869 literis

1274 2871 1402 2902 duximus
1419 2872 1632 2910 apponendum.

1276 2908 1494 2980 [algr‘gr'itiiinno
1521 2910 1647 2942 Domini
1667 2919 1762 2950 1317,
1778 2911 1809 2941 in
1826 2910 1872 2942 die
1888 2910 2004 2943 Veneris
2017 2935 2029 2952 ,
2056 2912 2121 2952 post
2140 2914 2252 2946 Festum
2276 2914 2349 2947 beati

2384 2614 2399 2631 *
2416 2613 2470 2643 111.

2385 2653 2450 2689 661,

1273 3075 1332 3109 Ad
1352 3078 1462 3123 Regem
1484 3077 1635 3118 Franciae,
1662 3074 1699 3108 de
1723 3077 1816 3110 Nave
1831 3102 1840 3118 ‚
1868 3086 1923 3122 per
1949 3079 2067 3111 Ducem
2089 3080 2252 3112 Briranniae
2273 3090 2346 3112 are·

1625 3123 1713 3169 stata
1725 3150 1734 3165 ,
1760 3123 1966 3168 dearcstanda.

1333 3208 1563 3241 Xcellentiffimo
1584 3209 1711 3248 Principi
1731 3210 1765 3241 δε
1784 3209 1934 3249 Domino,
1960 3209 2095 3242 Domino
2116 3211 2268 3252 Philippo,
2286 3212 2344 3244 Dei
2365 3207 2438 3241 Ann.
2453 3208 2498 3245 D3

1350 3249 1438 3286 gratia
1458 3249 1533 3287 Regi
1553 3249 1680 3280 Franciae
1698 3248 1813 3287 illustri,
1836 3249 1922 3279 Fratri
1937 3248 1987 3280 suo
2005 3249 2167 3291 cariffimo,
2185 3251 2264 3291 Rex,
2281 3253 2342 3283 &c.
2386 3256 2472 3287 1317-

1271 3286 1403 3327 salutem,
1423 3288 1456 3318 &
1470 3287 1630 3326 prosperOS,
1648 3287 1683 3318 ad
1697 3298 1780 3325 vora,
1798 3286 1943 3318 successus.
2359 3290 2412 3315 An.
2436 3294 2479 3316 ii.

1310 3325 1390 3356 Cum
1405 3349 1415 3365 ,
1438 3326 1554 3358 dilectus
1570 3327 1653 3357 nobis
1668 3349 1678 3365 ,
1699 3326 1843 3365 Johannes
1868 3325 2045 3367 Godwyne,
2077 3327 2114 3358 de
2139 3327 2341 3366 Brugewauter
2362 3328 2394 3353 Ε·
2415 3334 2443 3353 2·

1273 3363 1436 3403 Mercator,
1453 3364 1595 3404 quandam
1615 3365 1732 3396 Navem
1747 3364 1824 3395 suam
1836 3388 1846 3403 ,
1869 3374 1920 3402 per
1944 3365 2078 3405 quosdam
2103 3366 2247 3397 servientes
2265 3366 2343 3406 suos,
2365 3363 2455 3399 olaus.

1272 3402 1358 3472 Usqusi
1374 3403 1587 3442 Burdegaliam‚
1604 3413 1656 3441 pro
1669 3403 1768 3442 Vinis,
1786 3402 1869 3441 usque
1886 3411 1973 3441 partes
1990 3404 2087 3441 Regni
2101 3405 2186 3435 nostri
2199 3405 2346 3445 ducendis,
2370 3405 2449 3429 ¹¹-E·
2465 3402 2494 3468 ΞΣ

1273 3442 1335 3472 miii
1359 3441 1402 3472 et:
2364 3449 2457 3468 m.22.
2483 3458 2493 3476 2

1311 3481 1356 3511 Ac
1376 3481 1492 3519 quidam
1512 3480 1690 3512 Mercator&
1699 3479 1736 3510 de
1750 3479 1959 3519 Rothomago,
1976 3489 2044 3510 tunc
2059 3480 2132 3518 apud
2147 3480 2343 3520 Burdegaliam

1273 3519 1434 3558 existentes,
1451 3519 1567 3551 Navem
1586 3519 1755 3558 praedietam
1774 3529 1790 3550 a
1806 3519 1889 3550 dietis
1900 3519 2094 3556 servientibus,
2111 3518 2146 3548 ad
2162 3519 2236 3551 Vina
2248 3521 2343 3553 &alia

1273 3559 1349 3588 bona
1367 3557 1488 3597 diversa,
1505 3558 1588 3596 usquc
1605 3558 1825 3595 Rothomagum
1844 3556 1987 3593 ducenda,
2006 3555 2158 3587 frettassent
2171 3581 2181 3597 ,
2204 3559 2238 3589 &
2254 3560 2344 3598 ipsam

1273 3597 1391 3628 Navem
1409 3597 1518 3628 ibidem
1537 3606 1606 3628 cum
1625 3596 1705 3627 Vinis
1723 3596 1756 3626 δε
1777 3596 1858 3625 bonis
1875 3595 2015 3637 ρῑεεᾷίᾇὶὶε
2032 3595 2099 3625 duci
2115 3596 2258 3629 feciisent:

1309 3635 1425 3667 Nobilis
1444 3635 1496 3666 Vir
1600 3634 1670 3665 Dux
1690 3635 1854 3671 Britanniae,
1872 3641 1901 3662 ut
1918 3633 2037 3671 dieitur,

1312 3673 1441 3705 Afferens
1457 3673 1484 3705 se
1497 3696 1507 3713 ,
1530 3673 1566 3704 de
1592 3672 1723 3703 mandato
1746 3670 1841 3714 vestro
1855 3693 1865 3708 ,
1889 3670 2056 3708 potestatem
2080 3672 2184 3705 habere
2208 3674 2344 3707 arestandi

1273 3722 1373 3743 omnes
1388 3713 1486 3743 Naves
1503 3712 1539 3742 de
1556 3711 1663 3748 Regno
1680 3709 1795 3747 nostro,
1812 3708 1890 3738 vinfra
1908 3707 2046 3747 Regnum
2065 3710 2098 3742 δε
2116 3712 2279 3749 potestatem
2296 3725 2346 3746 ve.

1276 3751 1362 3782 stram
1383 3752 1544 3789 venientes,
1558 3749 1708 3780 occarione
1725 3747 1909 3790 quarumdam
1927 3749 2190 3790 transgressionum,
2215 3753 2345 3783 homini.

1277 3791 1328 3858 ἔξω
1347 3790 1383 3819 de
1400 3789 1481 3857 ἀὲέέξ
1499 3789 1613 3819 Ducatu
1638 3786 1785 3817 Britanniae
1810 3794 1860 3824 per
1876 3786 1981 3825 aliquos
1997 3788 2033 3818 de
2051 3788 2155 3829 Regno
2172 3791 2286 3830 nostrO,
2310 3800 2343 3824 ut

1309 3836 1381 3858 citur
1428 3838 1444 3857 a
1474 3837 1553 3857 arum

1315 3850 1435 3896 Dit‘h'im
1451 3848 1571 3896 Naveni
1586 3861 1694 3901 praefati
1707 3862 1842 3906 Johannis
1854 3885 1865 3901 ,
1891 3873 1925 3894 ac
1943 3865 2074 3902 quaedam
2091 3865 2166 3898 Vina
2189 3868 2288 3907 ipfius,
2310 3869 2343 3898 in

1277 3905 1374 3935 eadem
1393 3903 1472 3934 Navi
1490 3904 1602 3933 inventa
1617 3924 1629 3941 ,
1650 3900 1687 3933 ad
1705 3901 1852 3932 valentiam
1872 3900 1996 3933 Centum
2017 3904 2171 3937 Librarum
2187 3907 2346 3943 sterlingo-

1279 3953 1362 3982 rum,
1386 3943 1418 3973 &
1444 3941 1577 3980 quosdam
1598 3939 1635 3970 de
1655 3939 1834 3971 servientibus
1852 3940 1917 3979 suis,
1941 3941 1970 3971 in
1997 3941 2053 3980 ipsa
2070 3943 2152 3975 Navi
2168 3945 2346 3976 existentibus

1281 3983 1466 4021 (quamquam
1490 3979 1569 4010 idem
1582 3978 1726 4018 johannes
1744 3979 1778 4010 &
1795 3979 1833 4009 sui
1852 3978 1888 4010 de
1906 3980 2117 4018 transgreffione
2133 3983 2270 4024 praedffizi
2287 3984 2345 4012 im-

1281 4030 1380 4052 munes
1406 4017 1547 4057 existant,
1570 4025 1655 4058 proin
1678 4017 1917 4087 idemRJohannes
1939 4028 2047 4058 paratus
2070 4021 2112 4054 est
2134 4031 2233 4055 coram
2249 4021 2355 4060 vobis,

1797 4064 1813 4095 3
2314 4065 2346 4090 ut
