2562 4279
118 370 194 402 Ann.
209 368 250 400 D.

149 409 232 449 1346.

121 451 188 478 Eclv.
208 457 233 484 3.

122 560 175 585 An.
192 565 238 583 20.

125 599 155 622 E.
178 604 201 630 3.

121 638 259 660 Franmo.

124 676 151 698 Ε.
167 681 190 706 3.
201 676 261 707 με..

127 719 163 737 m.
181 718 222 744 ¹7·
234 710 260 737 d.

134 1268 153 1302 Ῡ
164 1266 267 1303 V.526.

817 246 932 289 ET
1017 247 1286 289 ACTA

272 430 363 473 Super
390 423 528 458 Vih'loria
558 416 718 460 Creffi'aca.
743 416 873 463 Philippo
899 417 935 452 de
963 419 1070 451 Wzleto
1086 420 1263 468 profligato,
1287 425 1334 460 &-

596 465 750 512 Obsidione
768 467 868 510 calisti
877 468 1025 514 sitscepta.

344 555 411 591 EX
432 555 554 596 Majori,
569 555 604 587 &
626 553 751 591 Ballivis,
769 551 854 583 Villae
876 551 962 583 Novi
983 551 1075 582 Castri
1094 553 1175 591 super
1195 554 1328 595 Tynam,

356 598 489 629 Salutem.

323 635 426 675 Cum,
448 633 515 674 post
532 631 751 673 applicationem
775 627 901 659 nostram
919 629 949 658 in
970 629 1089 667 partibus
1114 629 1308 662 Normanniae
1321 656 1331 669 ,

278 684 330 706 nos

319 699 398 745 Cum
412 712 565 743 Excercitu
579 708 678 740 nostro
687 716 751 746 ,per
762 705 900 745 Regnum
916 705 1155 745 Franciae,versus
1169 706 1332 746 Philippum

279 751 316 783 de
331 752 457 789 Valesio,
477 748 674 781 Adversarium
689 744 836 783 nostrum,
854 744 1039 783 transeuntes,

318 791 508 831 Qampluria
523 786 639 824 Castra,
654 783 739 826 Villas
749 806 758 819 ,
777 781 923 820 Maneria,
944 783 977 813 δε
990 783 1040 813 alia
1055 784 1137 814 Loca
1150 784 1235 814 nobis
1250 783 1333 815 Con-

278 831 452 861 trariantium
465 827 590 864 ibidem,
603 822 706 854 destrui
717 821 865 851 fecerimus
880 821 913 851 &
926 822 1073 860 comburi,

318 869 358 899 Et
372 866 598 907 quampluribus,
616 860 652 890 de
666 859 792 889 Inimicis
805 859 920 897 nostris,
937 861 1005 897 qui,
1023 860 1080 890 Iter
1099 860 1228 891 nostrum
1242 861 1336 899 impe-

280 907 398 945 diviffe,
414 915 447 936 ac
461 904 516 935 No
532 925 544 938 ,
563 900 595 931 δε
612 899 718 930 Fideles
731 898 880 928 nobiscum
900 897 1061 937 existentes,
1078 899 1275 930 excerminaffe
1295 899 1334 930 sa'.

282 946 432 985 tagebant,
450 914 578 981 repuisis,
593 937 754 976 expugnatis
766 938 798 968 ὃς
812 936 928 974 occisis,

322 983 409 1022 Apud
426 982 566 1012 VILLAM
586 986 627 1007 DE
648 976 776 1007 CnessY
794 975 908 1006 tandem
923 975 1083 1014 venientes,
1101 985 1169 1006 cum
1182 976 1261 1008 dicto
1274 975 1335 1007 Ad-

282 1023 401 1056 versario
413 1018 511 1049 nostro
525 1015 719 1055 Congreffum
731 1013 865 1044 bellicum
881 1013 988 1043 ibidem
1001 1015 1199 1054 habuerimus,

322 1061 356 1091 ln·
401 1068 437 1088 uo
456 1057 533 1087 idern
552 1055 696 1092 Philippus
718 1053 752 1084 &
773 1052 822 1082 fibi
843 1051 1010 1091 affistentes,
1025 1052 1122 1083 divina
1141 1052 1230 1090 gratia
1243 1054 1337 1091 opitu-

284 1099 372 1135 lante,
423 1096 509 1127 eviffl
531 1095 695 1131 extiterunt,
712 1092 745 1122 &
765 1090 840 1120 idem
861 1090 1005 1130 Philippus
1025 1090 1060 1120 ad
1072 1091 1180 1129 Fugam
1192 1092 1218 1122 se
1232 1092 1338 1130 posuit,

285 1135 428 1168 nonnullis
449 1133 630 1172 Magnaribus
653 1132 685 1162 δε
707 1130 763 1160 aliis
783 1128 819 1159 de
832 1128 983 1159 Excercitu
996 1129 1046 1159 suo
1060 1130 1164 1161 reliffis
1179 1130 1208 1159 in
1222 1129 1338 1168 Campo

284 1174 454 1212 interfeetis,
470 1172 546 1204 unde
559 1171 611 1201 soli
631 1169 699 1237 Dfo
725 1169 786 1206 (qui
804 1166 923 1198 eandem
942 1167 1101 1199 VUoriam
1121 1168 1202 1198 nobis
1223 1169 1337 1206 tribuit)

285 1212 780 1291 gtzglajaffifggzmgtsocggasxxlzfflssssusse
801 1243 929 1281 Calesio,
945 1244 1024 1282 super
1047 1244 1206 1276 Obsidione
1219 1245 1340 1283 ejusdem

286 1291 388 1329 Villae,
406 1300 475 1321 cum
496 1287 648 1318 Excercitu
667 1284 768 1315 nostro
790 1283 928 1321 praedfflo
947 1293 1057 1314 moram
1070 1285 1217 1321 facientes,
1236 1284 1343 1314 diversa

286 1340 388 1370 genera
408 1327 601 1363 Vidiualium,
619 1335 671 1363 pro
695 1321 790 1353 nostra
810 1323 843 1353 &
865 1321 1005 1353 Fidelium
1019 1321 1183 1353 nostrorum
1197 1322 1342 1353 Sustenta-

286 1371 384 1406 tione,
403 1374 532 1407 oporteat
547 1363 703 1395 neceffario
718 1371 771 1392 nos
787 1360 907 1405 habere,

325 1408 418 1439 Vobis
440 1404 605 1436 mandamus
619 1425 628 1441 ,
644 1401 762 1432 firmiter
780 1400 957 1437 injungentes
970 1423 980 1436 ,
999 1398 1079 1437 quod
1100 1409 1150 1437 per
1172 1406 1260 1430 totam
1279 1399 1344 1429 Vil-

286 1447 345 1478 lam
360 1445 524 1483 praeditstam
538 1441 653 1480 publice
667 1439 834 1478 proclamari
846 1438 964 1475 faciatis,
981 1437 1062 1475 quod
1074 1447 1175 1468 omnes
1195 1436 1344 1468 Mercato-

288 1496 332 1516 res
343 1487 377 1517 &
388 1485 452 1523 alii,
469 1483 518 1521 qui
531 1479 670 1512 vietualia
685 1478 807 1508 vendere
820 1476 1064 1507 &Commodum
1079 1476 1159 1506 suum
1172 1477 1238 1506 inde
1253 1477 1345 1506 facere

288 1524 431 1555 voluerint
447 1547 456 1560 ,
480 1520 570 1551 versus
590 1518 696 1548 dietam
716 1516 820 1546 Villam
840 1514 876 1545 de
898 1513 1010 1545 Calefio
1033 1524 1102 1544 curn
1120 1515 1201 1545 Flora}⁴
1215 1537 1225 1553 ,
1249 1514 1344 1553 Pane,

289 1563 468 1599 Frumento,
486 1559 586 1596 Vinis,
604 1553 747 1593 Cervisia,
766 1554 923 1589 Carnibus,
938 1552 1080 1590 Piscibus,
1095 1553 1241 1591 Arcubus,
1259 1553 1347 1592 Sagit-

288 1603 343 1640 tis,
360 1611 393 1631 ac
407 1598 513 1631 Cordis
525 1607 578 1636 pro
592 1595 739 1630 Arcubus,
753 1593 786 1623 &
797 1592 854 1622 aliis
868 1591 1124 1629 Vi&ualibm,pro
1140 1591 1346 1622 Sustentatione

289 1639 388 1672 nostra
407 1639 440 1670 ὃς
460 1633 626 1668 Excercitfis
645 1632 735 1663 nostri
757 1630 886 1669 praedieu
913 1629 1086 1666 necessariis,
1112 1629 1147 1660 de
1167 1638 1297 1666 tempore
1317 1631 1346 1659 in

289 1687 402 1718 tempus
417 1677 443 1708 se
457 1672 625 1712 trahant,ad
638 1671 712 1701 dieta
725 1669 866 1701 victualia
878 1667 985 1698 ibidem
991 1667 1092 1698 Nobis
1105 1669 1138 1699 &
1148 1668 1288 1699 Fidelibus
1296 1678 1349 1698 no-

292 1716 354 1749 stris
368 1713 568 1750 vendendum,
586 1712 619 1743 &
634 1710 704 1740 Nos
717 1720 770 1748 pro
785 1707 889 1738 eisdem
904 1705 1080 1737 Vistualibus
1095 1715 1255 1744 promptam
1276 1706 1349 1736 solu-

291 1758 404 1788 tionem
419 1754 479 1787 fieri
491 1753 626 1783 faciemus
639 1748 742 1787 absque
756 1748 898 1785 dampno,
917 1744 1064 1782 molestia,
1082 1744 1128 1775 seu
1145 1745 1278 1776 violentia
1301 1745 1350 1774 ali—

292 1796 355 1833 cui,
371 1789 535 1832 hujusmodi
554 1787 694 1820 ViCtualia
715 1785 869 1822 deferenti,
887 1782 1040 1821 facienda,
1058 1783 1105 1814 vel
1126 1783 1218 1822 aliquo
1240 1785 1275 1814 ab
1297 1793 1349 1820 eo,

293 1842 394 1864 contra
406 1832 581 1862 voluntatem
594 1828 687 1863 suam,
706 1826 763 1855 fine
779 1822 936 1854 rationabili
950 1820 1060 1859 Pretio,
1076 1831 1160 1859 prout
1182 1824 1252 1852 inter
1275 1822 1351 1853 Ven-

294 1873 420 1903 ditorem
435 1871 468 1901 &
483 1869 658 1905 Emprorern
674 1863 799 1894 conveni
814 1861 935 1899 poterit,
953 1860 1110 1898 capiendo,

332 1909 371 1940 Et
384 1909 459 1946 hoc,
477 1907 548 1937 sicut
560 1915 611 1936 vos
624 1902 794 1943 Indempnes
815 1900 920 1930 servare
939 1899 1075 1938 voluerit,
1092 1897 1245 1929 nullatenus
1264 1899 1351 1929 omit-

338 1959 364 1977 13.

295 1957 422 2016 tatTeste
439 1981 570 2015 Custode
589 1979 726 2020 praedieto
747 1976 821 2017 apud
840 1975 1021 2015 Wyndesore
1035 1998 1045 2015 ,
1069 1975 1146 2006 sexto
1166 1975 1211 2006 die
1224 1975 1353 2014 Septem-

295 2025 362 2056 bns·
776 2057 830 2084 Per
845 2052 926 2093 ipficm
940 2055 1034 2091 Regem
1047 2050 1085 2088 ό
1100 2052 1251 2083 Concilium.

298 2132 415 2172 Eodem
438 2135 530 2168 modo
553 2134 715 2166 mandatum
735 2130 776 2161 est
799 2129 956 2168 Majoribus
978 2130 1011 2160 ὃς
1031 2127 1141 2159 Ballivis
1163 2129 1198 2160 &
1216 2129 1273 2160 aliis
1293 2128 1358 2159 sub-

550 2175 675 2213 scriptis,
693 2171 743 2202 sub
758 2169 857 2200 eadem
872 2168 952 2207 data,
971 2168 1117 2205 videlicet,

300 2253 424 2286 Ballivis
438 2253 470 2282 de
488 2250 634 2290 Hertipole.
852 2244 974 2276 Ballivis
987 2245 1017 2275 de
1031 2248 1186 2275 Donewico.

300 2292 425 2324 Ballivis
439 2291 471 2320 de
487 2293 590 2320 Yarum.
851 2284 1018 2321 Ballivisde
1030 2287 1186 2314 Here-wico.*

288 2331 426 2363 ‚Bdllivis
440 2330 472 2359 de
485 2325 676 2366 scardeburgh.
852 2322 975 2354 Ballivis
990 2324 1021 2353 de
1034 2320 1190 2353 Beverlaco.

302 2370 427 2400 Ballivis
443 2368 474 2398 de
489 2367 632 2407 W‘hyteby.
852 2361 976 2392 Ballivis
988 2362 1020 2392 de
1034 2360 1145 2401 Orfhrd.

305 2409 430 2440 Ballivis
445 2407 476 2437 de
489 2405 687 2446 Ravenefrode.
853 2399 976 2431 Ballivis
989 2401 1020 2430 de
1032 2398 1180 2440 Kirkeleye.

304 2448 415 2486 Maiori
428 2446 466 2482 ὠ·
480 2445 604 2476 Ballivis
617 2445 649 2475 de
665 2439 816 2482 Kyngeston
854 2438 978 2470 Ballivis
991 2440 1022 2468 de
1036 2437 1162 2468 Maldon.

337 2487 418 2526 ficper
430 2484 510 2515 Hull.
855 2478 961 2516 Majori
975 2477 1013 2513 &
1027 2475 1149 2507 Ballivis
1162 2479 1293 2506 Davom,-

176 3391 302 3426 Ann.D.

192 3432 279 3472 1346.
299 3437 308 3454 '-

174 3477 227 3502 An.
243 3481 288 3498 20.

176 3516 207 3539 Ε.
227 3520 252 3547 3.

176 3552 308 3578 Rot.Cart.

177 3588 212 3620 (3⁰
227 3591 285 3614 ΡΜ.

176 3631 312 3654 Franc.20.

177 3669 209 3693 Ε.
221 3673 245 3700 3.
261 3672 300 3692 m.

183 3711 227 3730 21.

192 4049 324 4084 *V.527.

855 2517 963 2554 Majori
975 2515 1012 2551 (ᾤ’
1028 2514 1152 2545 Ballivis
1170 2515 1202 2544 de
1215 2514 1364 2544 sandwico.

304 2525 428 2556 Ballivis
441 2524 473 2553 de
489 2522 641 2563 Grymesby·
857 2555 964 2592 Maiori
986 2552 1024 2589 (θ’
1045 2552 1167 2583 Ballz'vis
1182 2553 1213 2582 de
1226 2551 1364 2590 Wynchel-

307 2563 432 2593 Ballivis
445 2563 477 2592 de
490 2563 589 2592 Sam‘lo
601 2558 745 2598 Botulpho.

309 2601 432 2632 Ballivis
447 2602 479 2630 de
494 2603 602 2629 Barton
609 2599 688 2638 saper
701 2593 820 2626 Humbr.

311 2639 423 2675 Majori
434 2636 473 2670 ᾧ(
485 2638 608 2676 Ballivis
622 2638 754 2667 Civitatis
760 2635 821 2673 suae

860 2606 982 2663 Baflivis
996 2631 1027 2660 de
1041 2633 1191 2670 Romeneye.

349 2675 479 2706 Eborum.

860 2670 982 2710 Epist-opo
996 2668 1167 2709 Dunolmenfi
1175 2666 1240 2706 ,vel
1250 2667 1305 2706 ejus
1314 2669 1341 2696 V
1343 2669 1367 2696 i-

311 2715 419 2754 Majori
440 2711 480 2748 ὠ·
498 2711 622 2742 Balitvis
643 2712 674 2741 de
688 2714 769 2741 Lenn
782 2712 823 2739 E·
899 2713 969 2739 cario
989 2707 1110 2749 generali
1124 2731 1133 2744 ,
1146 2708 1194 2751 seu
1213 2709 1370 2736 Locum-te-

343 2751 449 2792 pifiopi.
508 2771 510 2773 >
897 2750 988 2784 nenti,
1006 2746 1058 2785 ipso
1077 2746 1199 2786 Episcopo
1219 2749 1248 2774 in
1265 2746 1370 2774 remotis

311 2791 435 2822 Ballivis
465 2786 548 2818 Villae
582 2788 696 2823 Magnae
721 2782 824 2822 Jerne-
900 2793 1005 2822 agente,

349 2828 435 2860 muth.
863 2821 969 2851 Thomae
990 2821 1130 2858 Spigurnel
1162 2825 1262 2850 Locum
1280 2827 1373 2849 teuen-

314 2867 438 2899 Ballivis
451 2865 481 2894 de
496 2863 525 2893 Ia
538 2865 602 2902 Rye.

314 2905 438 2941 Ballivis
452 2904 484 2934 de'
497 2902 599 2932 Hethe.

314 2945 438 2976 Ballivis
452 2942 482 2971 de
497 2938 655 2980 Hastynges.

315 2983 439 3015 Ballivt‘s
451 2982 483 3010 de
496 2979 656 3017 Blakeneye.

316 3021 441 3053 Ballivis
455 3020 487 3049 de
503 3019 662 3056 Gippewico.

316 3060 441 3093 Ballivis
455 3054 652 3095 Civitatisfitae
665 3054 797 3083 Norwici.

902 2863 925 2889 ti
938 2882 948 2898 ,
974 2859 1064 2888 dileffi
1084 2858 1121 2892 &
1134 2844 1246 2888 'Fidelis
1266 2857 1348 2897 nostri
1363 2879 1373 2894 ,

902 2896 1097 2926 Bartholomaei
1130 2897 1161 2925 de
1197 2893 1349 2933 Burghevjlh
1361 2916 1371 2932 ‚

902 2934 1100 2976 constabula-rii
1114 2933 1202 2974 castri
1218 2934 1300 2975 nostri
1315 2936 1374 2963 Do-

903 2978 1022 3012 varriae,
1045 2973 1084 3008 ᾤ’
1105 2974 1221 3012 Custodia*
1246 2971 1375 3013 Qcinque

902 3015 1031 3042 Portuum
1049 3011 1203 3052 nostrorum.

346 3136 472 3168 ‘Eodem
482 3133 573 3165 modo
587 3129 752 3162 mandatum
767 3128 809 3159 e'st
820 3128 934 3167 'singulis
941 3127 1167 3161 Vicecomitibus
1178 3136 1226 3165 per
1233 3125 1376 3165 Angliam,

320 3177 437 3208 mutatis
448 3172 605 3209 mutandis,
622 3170 672 3200 sub
687 3168 789 3199 eadem
803 3166 875 3198 data.

472 3300 520 3331 De
534 3299 697 3330 [mentione
714 3296 802 3341 Regis
820 3292 1025 3327 Parliamento
1043 3288 1224 3334 ostendenda.

375 3384 454 3417 -EX
478 3381 610 3415 universis
631 3381 664 3411 &
684 3378 794 3418 singulis
814 3377 1038 3415 Archiepiscopis
1050 3401 1061 3415 ,
1081 3375 1227 3414 Episcopis
1241 3398 1250 3412 ,
1267 3373 1382 3418 *Abba-

336 3446 341 3450 -
400 3425 474 3455 tibus
489 3446 498 3461 ,
516 3419 660 3452 Prioribus
673 3442 683 3456 ,
700 3417 864 3448 comitibus
880 3440 890 3455 ,
916 3416 1068 3447 Batonibus
1082 3439 1092 3453 ,
1113 3416 1146 3446 &
1167 3414 1223 3444 aliis
1242 3413 1382 3443 Fidelibus

326 3462 395 3501 suis,
413 3463 443 3492 in
456 3461 644 3492 Parliamento
658 3457 723 3494 suo,
743 3454 818 3494 apud
832 3453 1122 3485 Westmonasterium
1141 3453 1194 3483 hac
1215 3451 1326 3482 instanti
1338 3451 1383 3481 die

329 3501 439 3540 Lunae,
455 3499 587 3538 proximo
611 3494 675 3534 post
696 3494 812 3526 Festum
832 3492 995 3525 Nativitatis
1016 3492 1107 3524 Beatae
1129 3491 1234 3522 Mariae
1246 3489 1384 3530 Virginis,

327 3539 504 3575 summonito
512 3561 522 3576 ‚
538 3535 735 3573 conventuris,
752 3533 886 3563 Salutem.

369 3579 467 3610 Sciatis
484 3575 566 3615 quod
577 3574 663 3610 Nos,
851 3609 858 3615 ⁶
1010 3608 1015 3615 ·
1040 3607 1049 3616 R
1121 3609 1126 3614 .
1367 3606 1372 3611 ¹

370 3618 420 3648 De
436 3615 578 3647 Fidelitate
596 3613 629 3644 δε
650 3608 916 3647 Circumspeetione
934 3607 1071 3646 provida,
1086 3606 1270 3638 Dilee'fflrum
1288 3606 1322 3636 &
1341 3605 1388 3635 Fi-

334 3657 440 3688 delium
458 3654 618 3685 nostrorum
631 3674 641 3690 ,
677 3648 875 3680 Bartholomaei
892 3647 928 3677 de
945 3646 1115 3686 Burgi-,ersssi
1129 3669 1139 3684 ,
1161 3645 1294 3683 johannis
1313 3644 1389 3674 Dar-

335 3705 372 3736 cy
391 3693 546 3725 Camerarii
563 3689 676 3727 nostri,
702 3686 908 3726 Magistrorum
923 3708 933 3723 ,
946 3686 1084 3724 Johannis
1102 3684 1137 3714 de
1155 3683 1307 3727 Thoresby
1327 3681 1389 3711 Cu-

336 3733 422 3765 stodis
437 3731 541 3763 Privati
553 3729 640 3768 Sigilli
654 3725 756 3764 nostri,
774 3724 951 3764 &johannis
970 3723 1007 3754 de
1031 3722 1180 3760 Carleron,
1203 3722 1301 3751 intime
1317 3730 1390 3752 con-

424 3781 451 3801 es

335 3773 468 3849 fidigsos:
488 3808 566 3846 super
585 3807 662 3837 Statu
683 3803 883 3841 Negotiorum
903 3801 1086 3839 nostrorum,
1103 3800 1136 3830 &
1154 3798 1315 3829 Intentione
1336 3806 1390 3841 no-

337 3850 413 3888 stra,
430 3848 537 3887 plenius
558 3845 741 3879 informatos,
756 3839 792 3871 ad
812 3840 1031 3877 proponendum
1044 3862 1054 3876 ,
1072 3840 1105 3869 ὃς
1129 3837 1346 3875 exponendum,
1363 3845 1391 3864 1n

338 3889 419 3919 dieto
439 3886 645 3921 Parliamento,
659 3881 790 3920 quaedam
809 3878 965 3909 Honorem
987 3877 1045 3908 Dei
1067 3877 1100 3907 &
1113 3875 1311 3918 Ecclesiaeaac
1330 3874 1392 3903 De-

338 3925 496 3959 sensionem
518 3925 551 3954 &
607 3923 711 3952 uietern
734 3918 829 3956 Regni
855 3916 942 3947 nostri
966 3916 1077 3954 Angliae
1092 3938 1101 3952 ,
1119 3916 1151 3946 &
1173 3913 1393 3951 Expeditionem

341 3963 463 3995 Guerrae
477 3962 579 3994 nostra:
620 3959 739 3995 ranciae,
754 3958 787 3988 ὃ(
801 3956 920 3986 aliorum
936 3954 1122 3994 Agendorum
1136 3952 1396 3994 nostrorum—,con-

341 4004 500 4041 cernentia,
517 4009 633 4031 necnon
646 3998 680 4028 ad
693 3994 899 4027 ostendendum
912 3993 1050 4030 vobis-,Sc
1066 3990 1194 4035 vestrum
1209 3989 1334 4028 finguhs,
1348 3987 1396 4018 In·-

341 4042 497 4071 tentionem
510 4039 635 4071 nostram
649 4038 678 4067 in
691 4035 743 4066 hac
766 4043 860 4072 parte,
879 4033 913 4063 ὃς
933 4032 966 4061 ad
983 4033 1001 4050 ³*
1021 4029 1245 4073 prolequendurn
1264 4038 1312 4065 ea,
1331 4035 1397 4066 quae

343 4088 392 4117 per
409 4078 479 4109 Nos
492 4081 530 4109 eis
545 4079 622 4116 super
635 4077 685 4106 hiis
698 4074 760 4105 sunt
774 4071 913 4110 injunfta,
930 4071 1059 4100 duximus
1074 4066 1316 4111 transmittendos,

385 4116 423 4148 Et
441 4117 509 4147 ideo
531 4127 584 4147 vos
601 4115 704 4146 attente
724 4120 855 4151 rogamus
876 4110 1020 4148 quatinus,
1039 4108 1092 4144 eis,
1110 4106 1233 4142 Tribus,
1251 4104 1296 4135 vel
1310 4103 1397 4134 Duo-

350 4156 404 4188 bus
418 4164 536 4193 eorum,
552 4156 631 4193 super
646 4153 684 4185 sic
697 4150 822 4183 dicendis
835 4150 868 4182 ὃς
882 4146 1071 4187 exponendis,
1087 4144 1174 4175 fidem
1193 4142 1333 4175 credulam
1351 4141 1400 4171 ad-

1370 249 1855 294 PUBLICA.
2343 270 2422 307 205

1370 335 1597 381 hibenresJuper
1605 338 1684 368 dietis
1699 339 1811 376 agendis
1825 340 1926 370 nostris
1942 341 2058 370 trat‘iare
2070 340 2360 379 diiigenter-,Scffiper
2368 351 2416 371 eo—
2434 339 2506 370 Ami
2521 337 2562 370 D⁴

1370 384 1433 404 rum
1446 375 1600 419 dimetione
1615 377 1646 406 ὃς
1663 377 1850 414 Expeditione
1865 379 1949 408 celeri
1961 379 2089 417 ordinare
2105 380 2208 417 veiitis,
2226 388 2308 417 prout
2322 381 2353 409 ad
2364 380 2417 409 lic·
2453 382 2538 417 1346.

1370 422 1470 442 norem
1486 413 1544 457 Dei
1558 415 1590 444 ὃς
1600 414 1976 457 Eccleliazmostrorumque
1990 416 2242 447 Conservationem
2257 418 2371 447 honoris
2385 420 2417 448 δε
2439 422 2505 444 fia'-.
2521 429 2546 452 ,·.

1371 451 1534 495 commodi,
1555 453 1653 482 melius
1665 454 1788 484 videritis
1802 454 1943 492 expedire3
1963 456 1998 485 ita
2012 455 2088 492 quod
2105 455 2173 485 dieti
2194 456 2307 486 Nuncii
2327 455 2416 485 nostri

1372 489 1405 519 ad
1423 489 1563 532 Nos-ciro
1579 491 1667 521 redire
1680 492 1804 529 valeant,
1823 493 1964 530 superbiis
1977 493 2081 530 placida
2096 494 2212 524 relaturi.

1411 526 1478 558 Dat.
1489 537 1566 566 Juirta
1576 528 1716 559 Calesium
1725 553 1734 567 ,
1752 530 1857 561 οὲὶενο
1871 530 1916 561 die
1928 530 2109 569 Septembris.

1376 652 1539 698 Magnam
1563 665 1630 686 cum
1664 656 1738 700 Rege
1758 664 1844 699 prope
1877 655 2018 698 Calefiam
2040 659 2163 687 mittunt
2194 655 2237 688 ad
2261 656 2422 702 Μτιζνιζνιιω

1429 705 1459 732 in
1484 702 1686 733 Parliizmento
1714 714 1904 734 conventuros
1932 705 2024 735 A‘oeznz
2048 704 2082 735 de
2109 704 2222 736 Occiae
2239 699 2382 736 le‘il'iiari
2403 716 2423 735 a

1431 752 1567 829 Zrincr‘pe
1591 749 1699 783 lslsszlliae
1714 750 1845 796 strftepto
1863 776 1873 793 ,
1900 753 1935 788 ὠ·
1961 750 1996 782 de
2024 753 2152 784 Auxilio
2178 751 2245 784 inde
2269 751 2424 784 conca-len-

1454 810 1480 830 o.

1439 881 1458 912 S
1477 882 1644 912 honurables
1661 882 1754 914 Pieres
1769 893 1805 914 en
1824 883 1900 914 Dieu
1917 908 1925 921 ,
1944 882 2146 922 Erceves'ques,
2166 883 2276 922 Abbes,
2294 883 2425 921 Priours,
2447 877 2562 910 Arm-D

1458 922 1491 952 δε
1505 932 1548 959 as,
1566 918 1680 951 Nobles
1695 922 1840 952 Homrnes
1861 922 1986 960 Contes,
2002 921 2123 959 Eamus,
2142 922 2174 952 ἃς
2195 931 2258 951 tous
2277 930 2378 960 autreS,
2398 924 2426 960 qi
2475 918 2557 957 1346·

1379 958 1519 989 vendront
1537 969 1572 989 au
1595 959 1753 990 Parlement
1774 960 1870 990 nostre
1892 960 2008 997 Seignur
2030 960 2056 989 le
2076 960 2136 989 Roi
2150 970 2164 989 a
2176 960 2219 989 W
2221 960 2404 990 estmonaster
2417 985 2426 997 ,
2444 961 2494 985 Aa.
2512 967 2557 984 20-

1368 1004 1396 1034 ,y
1418 1007 1452 1027 ce
1472 998 1608 1035 prochein
1631 998 1733 1038 Lundy
1752 1008 1828 1037 apres
1850 999 1876 1028 la
1898 998 1979 1028 Feste
1996 998 2032 1027 de
2051 997 2075 1027 la
2096 997 2226 1027 Nativite
2248 998 2342 1028 nostre
2365 998 2427 1029 Da·-
2448 1001 2475 1022 Ε·
2498 1005 2522 1031 3-

1380 1044 1428 1065 me
1441 1060 1450 1072 ,
1469 1036 1614 1070 l'Evesoue
1634 1036 1670 1066 de
1689 1036 1828 1067 Duresme
1841 1059 1850 1074 ,
1868 1036 1905 1066 les
1928 1035 2038 1067 Contes
2058 1035 2094 1065 de
2115 1035 2321 1072 Norhampton
2335 1059 2346 1074 ,
2372 1037 2428 1066 Ar·
2446 1039 2483 1061 Ex
2501 1036 2558 1060 ΑΜ·

1379 1074 1486 1104 rundell
1500 1097 1510 1113 ,
1536 1074 1716 1113 VVarrewik,
1743 1075 1892 1105 Oxenford
1904 1099 1914 1112 ,
1939 1076 1972 1106 &c
1993 1073 2103 1104 suffolc
2117 1096 2126 1111 ,
2152 1075 2185 1103 &
2208 1074 2297 1113 Hugh
2315 1077 2341 1106 le
2356 1074 2430 1104 Des·
2446 1080 2509 1107 ‘03'-

1382 1112 1480 1149 penser
1524 1111 1642 1151 seignur
1661 1113 1697 1142 de
1722 1112 1897 1150 Glamorgan
1918 1113 1951 1143 δι’.
1974 1111 2175 1150 Μοῑὲαηηοκ,
2194 1122 2245 1149 pur
2266 1123 2318 1143 eux
2340 1115 2373 1144 &
2393 1115 2430 1144 les
2450 1114 2506 1136 ΡΜ·
2525 1111 2562 1137 c„

1382 1159 1470 1180 autres
1483 1135 1595 1181 Cranrz
1610 1150 1816 1190 d'Engletcrre,

1834 1151 1958 1182 esteantz
1973 1161 2000 1181 cs
2012 1151 2109 1188 parties
2124 1150 2158 1180 de
2171 1150 2270 1189 dcem,
2286 1151 2381 1182 Salutz
2398 1153 2430 1183 ὃ(

1382 1189 1529 1219 trescheres
1543 1189 1661 1219 amistes.
1960 1205 1965 1209 -

2450 1156 2512 1175 mer.

2450 1183 2562 1212 Buml.6.

1422 1227 1509 1257 Nous
1524 1237 1592 1257 vous
1607 1228 1697 1258 fesons
1710 1228 1816 1266 savoir,
1834 1228 1867 1258 ὅ(
1878 1238 1949 1258 vous
1964 1227 2176 1265 Tesmoignons
2188 1227 2224 1257 de
2238 1229 2361 1266 certem,
2379 1239 2434 1266 que
2453 1234 2478 1250 ⁷¹·
2501 1232 2543 1257 ¹5·

1385 1265 1481 1295 nostre
1496 1266 1630 1308 Seigneur
1643 1266 1669 1296 le
1683 1266 1760 1302 Roi,
1776 1277 1792 1296 a
1805 1266 1856 1296 son
1873 1265 2000 1295 Arrivaill
2014 1275 2029 1294 a
2043 1266 2066 1294 la
2080 1266 2168 1303 Hoge
2181 1276 2216 1295 en
2233 1266 2432 1306 Normandye,

1385 1303 1430 1333 fist
1445 1305 1494 1334 son
1507 1303 1589 1334 Eilne
1604 1303 1681 1342 Filz,
1698 1305 1725 1334 le
1738 1304 1839 1334 Prince
1853 1303 1889 1334 de
1901 1303 2003 1339 Gales,
2020 1303 2167 1342 Chivaler,

1424 1341 1461 1372 Et
1476 1352 1523 1380 par
1537 1342 1608 1372 celle
1623 1342 1701 1373 cause
1713 1343 1732 1372 il
1745 1343 1807 1373 doit
1820 1344 1898 1373 avoir
1910 1342 2000 1372 l’Eide
2013 1342 2048 1371 de
2059 1342 2107 1371 son
2116 1341 2261 1377 Roialrne,
2271 1354 2325 1380 que
2337 1353 2434 1381 appar-

1384 1380 1455 1411 tient
1468 1390 1503 1410 en
1518 1381 1573 1411 tieu
1586 1390 1630 1410 cas
1645 1379 1851 1419 (C‘estastiiver)
1867 1390 1928 1419 405.
1942 1379 1978 1410 de
1991 1379 2113 1409 chescun
2128 1380 2182 1410 Fee
2196 1381 2231 1411 de
2247 1382 2396 1420 Chivaler,

1425 1419 1450 1448 A
1465 1429 1539 1457 queu
1554 1419 1636 1449 chose
1652 1429 1723 1450 nous
1735 1419 1874 1450 assentons
1887 1427 1961 1456 tant,
1978 1428 2064 1448 come
2077 1428 2111 1447 en
2129 1428 2199 1449 nous
2214 1418 2271 1457 est,

1425 1456 1463 1487 Et
1478 1457 1497 1487 fi
1511 1467 1581 1487 nous
1595 1458 1710 1495 plerroit
1724 1458 1742 1488 il
1757 1458 1828 1488 molt
1841 1467 1897 1496 que
1909 1467 1980 1487 vous
1994 1456 2135 1493 voudrez‚
2153 1466 2187 1485 en
2201 1457 2258 1486 cest
2267 1457 2437 1496 Parlement,

1388 1503 1469 1525 treter
1484 1495 1694 1526 effeffitelment
1705 1496 1739 1527 &
1751 1498 1870 1527 ordener
1883 1496 1925 1526 sur
1940 1495 1977 1525 les
1993 1494 2140 1533 Busoignes
2154 1495 2180 1524 le
2188 1494 2299 1532 Roi,&
2316 1506 2364 1532 pur
2373 1497 2437 1525 Γετι-

1389 1533 1460 1570 ploit
1474 1535 1509 1563 de
1524 1534 1548 1564 sa
1561 1534 1689 1573 Guerre,
1705 1535 1741 1567 de
1756 1534 1838 1573 quele
1849 1534 1867 1564 il
1881 1544 1980 1570 avera,
1998 1543 2053 1563 oue
2065 1532 2156 1563 l'Eide
2169 1533 2204 1563 de
2219 1533 2295 1563 Dieu
2309 1534 2383 1564 &de
2397 1535 2436 1565 les

1389 1572 1478 1603 bones
1492 1571 1607 1610 Gentz,
1625 1583 1641 1602 a
1655 1583 1688 1603 ce
1700 1583 1754 1612 que
1765 1583 1836 1603 nous
1849 1573 1991 1610 esperons‚
2010 1571 2033 1601 F
2035 1572 2065 1600 in
2081 1572 2237 1601 covcnable
2249 1573 2282 1602 ὅτ
2305 1582 2435 1610 graceus,

1427 1610 1464 1640 Et
1483 1620 1531 1647 par
1552 1619 1610 1641 tant
1631 1620 1701 1642 touz
1721 1612 1758 1642 ses
1780 1611 1863 1650 Liges
1884 1611 1917 1641 &
1939 1609 2064 1640 Amantz
2081 1609 2108 1639 se
2121 1608 2234 1640 deivent
2246 1611 2364 1648 prendre
2378 1611 2437 1650 plus

1391 1658 1452 1685 pres
1466 1648 1501 1679 de
1515 1649 1553 1678 lui
1566 1649 1632 1679 bien
1647 1649 1721 1679 eider
1733 1650 1766 1680 &
1780 1648 1943 1680 counseiller
1955 1658 1970 1678 a
1984 1647 2059 1678 ceste
2072 1648 2147 1686 foiz,

1429 1686 1481 1724 Et,
1499 1696 1584 1724 quant
1597 1697 1653 1725 que
1667 1687 1735 1717 serra
1750 1687 1823 1718 iffuit
1835 1687 1959 1724 ordene,
1977 1697 2013 1716 en
2027 1685 2087 1715 elde
2100 1686 2136 1716 de
2151 1686 2188 1716 lui
2201 1687 2234 1716 ἃ
2250 1686 2285 1716 de
2297 1686 2321 1717 sa
2344 1685 2440 1716 Guer-

1392 1736 1439 1763 re,
1457 1726 1490 1756 ὃς
1506 1736 1558 1763 pur
1570 1725 1695 1763 l’exploit
1708 1725 1744 1755 de
1757 1726 1795 1755 ses
1809 1724 1975 1761 Busoignes,
1993 1734 2064 1754 nous
2075 1725 2209 1755 l’averons
2222 1724 2293 1754 ferm
2316 1726 2350 1756 &
2370 1724 2440 1755 esta-

1394 1763 1455 1799 ble,
1474 1764 1507 1794 &
1524 1764 1550 1794 le
1563 1764 1664 1794 volons
1676 1764 1747 1794 tenir
1761 1765 1795 1795 &
1807 1763 1914 1794 fournir
1929 1770 1986 1792 tant
2001 1772 2087 1792 corne
2101 1772 2116 1792 a
2130 1773 2200 1792 nous
2213 1763 2317 1794 arrient.

1431 1802 1462 1831 T
1470 1811 1492 1832 R
1502 1811 1518 1831 E
1527 1811 1539 1832 s
1549 1812 1564 1831 c
1573 1811 1595 1832 H
1604 1812 1620 1832 Ε
1631 1811 1653 1832 R
1664 1811 1676 1831 s
1695 1812 1712 1831 A
1722 1810 1747 1831 Μ
1756 1811 1767 1831 1
1778 1811 1807 1840 s,
1827 1801 1905 1831 Dieu
1919 1811 1989 1830 vous
2005 1801 2089 1829 voille
2103 1800 2209 1836 garder.

1431 1839 1539 1878 Escript
1550 1840 1653 1872 devant
1667 1839 1784 1878 Caleys,
1801 1841 1828 1870 lc
1834 1841 1899 1878 jour
1914 1838 1950 1868 de
1963 1839 1987 1868 la
2005 1838 2137 1869 Nativite
2150 1838 2244 1869 nostre
2259 1838 2361 1869 Darne.

1395 1961 1444 1993 De
1462 1959 1649 2007 Adversc'zrio
1678 1963 1806 1994 Franci'ae
1827 1971 1923 1993 totam
1950 1961 2156 1993 Armatorum
2181 1963 2349 1993 Potentiam
2375 1972 2443 1992 con-

1436 2020 1598 2055 gregante,
1621 2013 1657 2048 (ῤ’
1676 2008 1712 2043 de
1727 2007 1909 2043 Hominibus
1922 2008 1966 2041 ad
1982 2011 2086 2041 Arma
2097 2035 2107 2051 ,
2133 2007 2176 2041 ad
2189 2011 2317 2055 Regem,
2340 2011 2371 2041 in
2379 2006 2444 2043 Ob-

1433 2056 1545 2102 sidione
1562 2058 1679 2101 Calcfii‚
1707 2056 1869 2092 mittendis.

1400 2142 1535 2198 REX,
1554 2142 1678 2173 Dilestae
1692 2143 1915 2182 Consanguineae
1928 2143 1999 2181 suae,
2015 2142 2181 2182 Margaretae
2193 2141 2353 2173 Comitiffae
2369 2141 2449 2173 Kan-
2469 2134 2562 2166 Arm-1

1479 2182 1540 2219 tiae,
1559 2181 1692 2212 Salutem.
2492 2177 2562 2213 ¹34⁶

1416 2258 1421 2263 .
1438 2220 1515 2257 Quia
1529 2230 1582 2258 pro
1595 2228 1676 2251 certo
1689 2220 1839 2251 didicimus
1852 2219 1933 2258 quod
1944 2219 2089 2258 Philippus
2104 2219 2140 2250 de
2160 2219 2288 2257 Valefio,
2308 2218 2447 2250 Adversa·
2462 2217 2514 2241 Aa.
2531 2223 2562 2240 20

1399 2267 1454 2288 rius
1469 2259 1565 2289 noster
1578 2259 1718 2297 Franciae,
1735 2267 1825 2289 totam
1838 2259 2021 2289 Armatorum
2036 2259 2214 2296 Potentiam,
2233 2266 2318 2296 quam
2332 2258 2367 2288 de
2377 2267 2448 2288 cun·
2466 2256 2495 2279 Ε·
2519 2261 2543 2287 3·

1400 2297 1434 2326 tis
1449 2298 1568 2334 partibus
1579 2297 1711 2336 colligere
1726 2296 1836 2334 potest,
1852 2297 1925 2335 apud
1946 2296 2100 2335 Compyne
2124 2306 2295 2334 congregare
2315 2297 2396 2334 facit,
2413 2297 2448 2327 &
2464 2294 2562 2317 Franc.2

1400 2334 1428 2365 se
1442 2345 1516 2373 parat
1529 2336 1564 2366 ad
1579 2335 1750 2366 veniendum
1762 2335 1920 2366 festinanter
1932 2335 2022 2367 versus
2036 2334 2120 2373 Nos,
2141 2334 2250 2365 Bellum
2263 2335 2347 2365 nobis
2360 2334 2449 2365 hosti·
2467 2332 2494 2354 Ε·
2506 2334 2559 2363 34³-

1400 2373 1462 2404 liter
1476 2374 1692 2413 commiffurus,
2465 2375 2501 2394 ⁷⁷⁷·
2520 2374 2562 2401 ¹4-

1439 2412 1559 2451 Propter
1579 2413 1674 2451 quod,
1690 2412 1724 2443 ad
1743 2411 1923 2443 resistendum
1941 2411 2021 2449 ipfius
2042 2410 2196 2442 Adversarii
2215 2411 2310 2442 hostili
2330 2411 2452 2451 Aggres-

1402 2450 1490 2491 fioni,
1509 2451 1645 2489 maJ'orem
1666 2461 1817 2482 numerum
1838 2450 2001 2481 Hominum
2022 2449 2056 2480 ad
2078 2450 2182 2488 Arma,
2199 2450 2400 2489 Armatorum,
2419 2451 2452 2480 &

1401 2489 1630 2529 Sagittariorum,
1649 2491 1734 2528 quam
1755 2491 1784 2519 in
1804 2489 1931 2527 praesenti
1953 2489 2088 2519 habemus
2102 2512 2111 2526 ‚
2129 2489 2256 2519 celeriter
2275 2489 2378 2520 habere
2400 2497 2452 2519 nos

1402 2537 1516 2566 oportet

1440 2566 1476 2597 Et
1488 2552 1672 2598 ut'Homines
1687 2566 1721 2597 ad
1736 2566 1839 2603 Arma,
1860 2565 1989 2603 Armati,
2007 2565 2041 2596 &
2057 2564 2286 2603 Sagittarii,qu0s
2298 2564 2330 2594 cri
2344 2564 2379 2594 de
2387 2574 2453 2595 cau-

1398 2604 1435 2641 ,εἲῑ
1449 2606 1476 2635 in
1492 2605 1600 2642 Regno
1614 2605 1712 2635 nostro
1727 2605 1837 2648 Angliae
1848 2605 1906 2642 jam
1922 2604 2034 2641 colligi,
2049 2604 2171 2641 artai-ari,
2189 2604 2221 2634 δε
2237 2604 2324 2641 parari
2338 2603 2455 2633 manda-

1405 2645 1518 2682 vimus,
1536 2645 1586 2674 sub
1599 2644 1680 2674 bono
1696 2643 1852 2680 Regimine
1865 2642 1899 2672 ad
1914 2642 1982 2672 Nos
1998 2641 2151 2678 ducantur,

1443 2681 1584 2712 Volumus
1597 2681 1678 2720 quod
1687 2681 1847 2720 johannes,
1864 2681 1948 2710 Filius
1971 2679 2075 2717 vester,
2095 2678 2203 2709 Comes
2226 2678 2354 2716 Kantiae,
2373 2677 2455 2709 Con-

1408 2720 1570 2757 sanguineus
1592 2720 1688 2750 noster
1706 2718 1858 2750 cariffimus
1872 2742 1881 2756 ,
1899 2718 1931 2749 sit
1950 2717 2064 2747 1)υᾶοτ
2079 2719 2111 2748 δε
2134 2717 2302 2754 Capiraneus
2321 2718 2455 2748 omnium

1409 2758 1576 2789 Hominum
1590 2757 1807 2796 praedietorum,
1825 2757 1863 2786 fic
1876 2756 1909 2787 ad
1922 2756 1989 2786 Nos
2002 2764 2199 2793 venturorum,

1449 2796 1487 2827 Et
1500 2797 1566 2827 ideo
1579 2797 1659 2826 vobis
1673 2796 1835 2826 mandamus
1870 2794 1991 2825 corditer
2003 2803 2054 2823 vos
2069 2793 2195 2833 rogando
2205 2815 2214 2831 ,
2227 2801 2458 2831 quatenuS‚con-

1412 2834 1524 2865 siderata
1535 2836 1591 2873 jam
1608 2834 1733 2872 praesenti
1747 2818 1905 2864 necestitate
1918 2834 1977 2863 t'am
1991 2833 2120 2869 urgenti,
2140 2832 2227 2869 quarn
2245 2832 2264 2850 *²
2283 2832 2384 2862 Literis
2404 2842 2458 2862 no-

1412 2873 1473 2903 stris
1487 2873 1661 2910 specialibus,
1680 2882 1745 2910 quas
1757 2872 1839 2901 vobis
1855 2871 1904 2901 sub
1916 2870 2029 2901 Privato
2042 2871 2068 2899 Si
2092 2871 2138 2900 illo
2153 2869 2250 2900 nostro
2263 2871 2291 2900 in
2311 2871 2362 2900 hac
2383 2880 2459 2908 parte

1413 2908 1548 2942 mittimus
1563 2934 1573 2948 ‚
1590 2911 1699 2941 dietum
1721 2909 1870 2940 Comitem
1884 2932 1894 2947 ,
1913 2909 2014 2939 Filium
2032 2913 2079 2938 ver
2095 2918 2155 2938 rum
2170 2932 2180 2945 ,
2200 2918 2268 2938 cum
2289 2917 2331 2938 tot
2352 2908 2460 2938 Homi-

1414 2950 1495 2980 nibus
1509 2950 1543 2979 ad
1558 2949 1661 2986 Arma,
1681 2949 1818 2986 Armatis,
1836 2949 1869 2978 &
1885 2947 2126 2985 sagittariis-‚quot
2141 2946 2243 2977 habere
2255 2947 2460 2983 poteritis‚Ar-

1415 2989 1469 3018 mis
1482 2988 1706 3025 competentibus
1720 2987 1806 3025 parari
1822 2987 1854 3017 &
1869 2986 1971 3015 muniri
1984 2984 2104 3023 faciatis,
2121 2986 2157 3013 ita
2174 2984 2251 3022 quod
2267 2984 2339 3022 ipse,
2357 2985 2463 3015 &Ho-

1416 3028 1506 3057 mines
1519 3027 1558 3057 sui
1576 3026 1719 3063 praedicf’ti,
1738 3026 1811 3055 bene
1827 3025 1942 3061 muniti,
1961 3023 2028 3061 sint,
2045 3023 2118 3061 apud
2131 3022 2312 3052 Sandwicum
2332 3022 2377 3052 die
2396 3023 2461 3053 Do-

1417 3065 1521 3095 minica
1535 3088 1544 3103 ,
1564 3063 1792 3103 Quintodecirno
1813 3062 1859 3092 die
1879 3061 2016 3092 Ostobris
2030 3084 2039 3099 ,
2057 3061 2192 3099 proximo
2217 3060 2327 3098 futuro,
2342 3060 2376 3090 ad
2399 3061 2462 3092 ulti-

1417 3113 1498 3134 mum
1507 3126 1516 3141 ,
1536 3103 1665 3140 Prompti
1677 3103 1709 3133 ὃ(
1723 3101 1813 3132 Parati
1825 3101 1859 3131 ad
1873 3099 2104 3131 transfretandum
2116 3098 2149 3128 ad
2159 3098 2225 3128 Nos
2234 3099 2278 3136 ,in
2291 3098 2377 3129 nostri
2391 3099 2462 3130 Suc-

1417 3142 1528 3173 cursum
1538 3165 1547 3180 ,
1565 3140 1709 3178 nostrique
1722 3141 1755 3171 &
1770 3139 1863 3178 Regni
1876 3138 1962 3168 nostri
1978 3138 2257 3175 Defenflonem,un{1
2269 3147 2336 3168 cum
2348 3137 2404 3168 aliis
2419 3138 2465 3168 Fi-

1416 3181 1523 3211 delibus
1536 3180 1652 3217 nostris,
1670 3178 1777 3208 ibidem
1790 3187 1858 3208 tunc
1872 3177 1905 3207 ad
1919 3176 1986 3207 Nos
2000 3176 2123 3207 venturis
2137 3183 2172 3205 ex
2187 3175 2267 3205 causa
2277 3175 2448 3214 supradicta,

1456 3218 1493 3249 Et
1507 3218 1543 3248 de
1554 3227 1697 3255 tempore,
1716 3227 1774 3255 quo
1787 3216 1895 3246 dietum
1910 3215 2010 3245 Filium
2022 3213 2146 3244 vestrum
2166 3214 2195 3243 in
2216 3213 2309 3244 forma
2330 3213 2462 3252 praedic'ia

1417 3257 1504 3297 parari
1516 3257 1669 3295 sperabitis,
1687 3256 1720 3286 &
1732 3255 1767 3285 de
1782 3254 1954 3284 Hominibus
1970 3262 2040 3291 quos
2051 3251 2146 3282 secum
2159 3251 2332 3289 ducet‚Nos
2345 3253 2373 3282 in
2388 3251 2465 3282 Can-

1420 3295 1529 3327 cellaria
1549 3294 1661 3331 nostra,
1678 3295 1746 3324 citra
1766 3292 1855 3323 Diem
1877 3291 2064 3334 Dominicam
2080 3313 2090 3329 ,
2103 3290 2239 3328 proximo
2261 3289 2401 3328 futuram,
2418 3300 2467 3328 per

1421 3333 1598 3373 praesentium
1612 3333 1803 3369 Portitorem,
1822 3331 1986 3361 certificetis.

1459 3372 1494 3403 Et
1513 3373 1576 3409 quia
1593 3381 1693 3402 omnes
1714 3370 1875 3408 Homines,
1892 3369 1926 3398 ad
1949 3368 2016 3399 Nos
2038 3367 2075 3398 sic
2096 3367 2236 3397 venientes
2250 3388 2261 3404 ‚
2277 3366 2310 3396 ad
2329 3367 2470 3406 Terram,'

1421 3421 1510 3450 prope
1524 3410 1627 3440 Villam
1641 3408 1676 3440 de
1688 3409 1788 3447 Caleys
1806 3409 1864 3445 (ubi
1879 3407 1983 3437 Villam
1995 3406 2069 3436 illam
2082 3405 2172 3435 sumus
2186 3403 2364 3441 Obfidentes)
2384 3406 2467 3436 volu-

1422 3460 1485 3481 mus
1505 3449 1657 3489 applicare,
1674 3447 1779 3478 ibidem
1798 3445 1833 3476 ad
1854 3445 1961 3476 Pedem
1984 3446 2051 3482 (una
2070 3443 2231 3473 Nobiscum
2246 3466 2255 3480 ,
2274 3444 2307 3474 δε
2327 3443 2470 3474 Fidelibus

1424 3488 1524 3519 nostris
1537 3512 1547 3526 ,
1568 3487 1632 3518 illuc
1654 3484 1848 3519 affistentibus)
1875 3493 1972 3515 contra
1994 3483 2102 3513 dictum
2123 3480 2318 3511 Adversariurn
2339 3481 2470 3513 nostrum

1423 3527 1605 3564 Praeliaturis,
1623 3535 1682 3556 non
1695 3523 1736 3555 est
1749 3522 1859 3554 necesse
1875 3521 1951 3560 quod
1962 3521 2051 3551 dicius
2068 3519 2151 3549 Filius
2165 3518 2255 3549 vester
2264 3520 2314 3558 ,δε
2328 3519 2471 3550 Homines

1424 3566 1479 3603 sui,
1497 3566 1533 3595 sic
1555 3564 1650 3595 secum
1673 3562 1846 3601 profetfifflri,
1882 3561 1969 3590 roffos
1990 3559 2101 3596 Eoum,
2117 3565 2164 3587 aut
2186 3558 2251 3587 alios
2272 3567 2370 3594 praeter
2390 3558 2472 3596 illos,

1426 3605 1474 3643 qui
1491 3614 1544 3642 pro
1559 3603 1583 3632 E
1606 3601 1721 3632 uitatura
1741 3600 1786 3630 sua
1808 3600 1841 3630 δε
1862 3569 1997 3628 {ustione
2018 3598 2226 3626 Armarurarum
2241 3597 2273 3626 δε
2289 3595 2398 3626 Rerum
2413 3596 2473 3627 sua-

1427 3652 1490 3673 rum
1504 3651 1573 3671 nece
1599 3641 1644 3670 arii
1659 3639 1778 3676 fuerint,
1796 3637 1881 3675 usque
1895 3637 1998 3666 dietam
2013 3633 2117 3665 Villam
2131 3633 2166 3663 de
2185 3633 2336 3666 Sandwico
2350 3634 2472 3672 ducant,

1429 3682 1473 3713 seu
1486 3680 1550 3710 duci
1564 3679 1678 3710 faciant:

2477 2816 2558 2852 κνύ-

1464 3719 1573 3749 Taliter
1588 3718 1617 3747 in
1635 3717 1691 3746 hoc
1705 3713 1868 3745 necessitatis
1881 3712 1998 3743 articulo
2012 3721 2064 3742 vos
2076 3709 2314 3752 habentes,quod
2330 3709 2474 3741 Dilecstio-

1429 3768 1512 3794 nem,
1529 3765 1615 3793 quam
1634 3763 1698 3793 erga
1719 3752 1800 3789 Nos,
1821 3753 1853 3783 8(
1875 3751 2082 3786 Salvarionem,
2099 3750 2131 3779 δε
2152 3748 2356 3779 Deienfionem
2377 3748 2474 3785 Regni

1429 3795 1514 3826 nostri
1530 3793 1653 3831 praediffl
1669 3793 1761 3831 geritis
1774 3791 1933 3826 ecbatanis,
1952 3790 1980 3818 in
1994 3787 2098 3818 effenu
2112 3788 2203 3824 operis
2216 3786 2314 3816 sentire
2326 3787 2476 3822 valeamus,

1430 3836 1462 3867 &
1477 3832 1556 3871 quod
1570 3832 1652 3862 vobis
1666 3839 1700 3860 ex
1714 3830 1766 3860 hac
1781 3828 1861 3859 causa
1875 3827 2025 3865 specialiter
2037 3826 2174 3862 regratiari
2184 3825 2330 3854 valeamus.
2375 3848 2379 3853 .

1469 3871 1558 3904 Teste
1571 3869 1698 3900 Custode
1711 3868 1823 3906 Angliae
1837 3865 1910 3906 apud
1924 3864 2101 3903 Wyndesore
2110 3887 2120 3901 ‚
2137 3863 2218 3893 tertio
2235 3862 2280 3893 die
2293 3862 2438 3892 Ocstobris.

2118 3940 2171 3969 Per
2182 3938 2262 3978 ipficm
2272 3942 2373 3976 Regem.

1859 4170 1910 4201 Ce
1933 4178 1947 4210 3
2413 4160 2487 4191 Gra<
