2562 4279
11 184 92 215 fflnn.
106 180 148 213 D.

42 230 128 260 1341.

14 262 82 289 Ἐάν.
101 270 127 297 3.

13 385 67 410 An.
86 392 129 418 ¹5·

13 425 45 448 Ε.
67 430 92 457 3.

14 461 84 496 tusc.
106 465 146 495 ις.

13 501 44 525 E.
58 507 126 534 3.m.

16 545 64 571 34·

14 574 144 608 3V.229.

22 3022 99 3054 Ann.
108 3019 150 3052 D.

42 3069 128 3101 1341.

21 3104 73 3129 An.
93 3109 136 3135 ¹5·

23 3161 89 3213 Vasc‘.
114 3185 156 3211 ις.

26 3219 56 3242 Ε.
79 3225 102 3251 3.
120 3224 157 3242 m.

30 3438 159 3477 *V.230.

165 111 217 151 92

328 274 386 310 Ad
406 277 523 309 Ducem
542 275 700 306 Britanniae
712 284 768 319 pro
792 274 926 305 Civitate
940 273 1064 305 Baionae.

170 361 301 417 REX,
316 359 423 391 Nobili
441 360 522 397 viro,
541 359 575 389 &
595 357 701 388 dilecto
721 358 754 388 &
776 356 850 389 fideli
871 357 938 396 suo,
957 356 1091 387 Domino
1107 354 1234 394 Johanni

242 399 322 430 Duci
342 398 491 429 Britanniae
510 399 543 428 δε
559 396 671 428 Comiti
685 395 931 435 Richemundiae,
946 395 1168 435 Consanguineo
1183 404 1238 424 no-

170 436 228 468 stro
244 437 403 476 carissimo,
421 436 553 467 Salutem.

203 476 291 507 Grata
305 477 339 507 &
352 475 443 506 Utilia
457 474 618 512 Obsequia,
637 483 720 512 quae,
739 473 758 492 ¹*
772 473 868 503 dilecti
884 473 918 504 ὅ(
936 471 1031 503 fideles
1044 471 1151 510 nostri,
1167 470 1234 501 Ma-

162 514 226 552 jor,
241 514 346 553 Jurati,
363 513 491 545 Centum
506 513 605 551 Pares,
623 514 656 544 δε
670 513 716 543 alii
732 511 820 542 Cives
842 513 875 543 δε
898 511 1085 548 Comunitas,
1103 510 1235 542 Civitatis

165 553 271 584 nostrae
285 552 400 583 Baionae
412 553 495 583 nobis
516 551 707 589 multipliciter
727 550 941 589 impenderunt,
961 550 994 581 ἃ
1013 549 1102 581 indies
1122 550 1236 587 impen-

165 593 232 622 dere
244 601 304 622 non
319 590 472 630 desistunt,
491 601 543 621 nos
559 592 680 621 excitant
694 590 727 620 δε
743 589 883 620 inducunt
899 598 929 620 ut
944 588 1003 627 Ea,
1022 598 1087 626 quae
1108 588 1234 627 ipsorum

164 629 329 661 Utilitatem
349 630 384 661 &
406 629 612 660 Commodum
632 638 806 659 concernere
829 636 964 666 poterunt
980 652 990 667 ,
1015 627 1116 658 libenti
1136 627 1235 658 animo

163 677 361 707 procuremus.
1174 704 1179 709 .

205 707 354 746 Qiocirca
373 707 528 737 amicitiam
545 705 667 737 vestram
688 706 857 745 requirimus
875 706 909 736 &
931 714 1085 743 rogamus,
1104 712 1235 743 quatinus

164 745 253 776 Cives
274 747 308 777 δε
330 745 508 776 Mercatores
527 744 658 776 Civitatis
679 745 823 782 prandiditae
844 744 927 782 (cum
949 744 1038 782 ipsos,
1062 743 1110 774 vel
1133 752 1235 773 eorum

163 785 305 823 aliquem,
322 785 355 815 ad
372 793 460 821 partes
476 783 727 822 Dominiivestri,
744 782 838 814 Causa
854 781 1098 820 Mercandisandi,
1117 781 1163 812 vel
1183 780 1237 811 Vi-

164 823 264 853 eruatis
287 823 448 862 quaerendi,
466 823 607 854 declinare
626 822 794 859 contigerit)
818 831 867 851 eos
891 820 981 852 nostri
994 821 1097 851 intuitu
1111 819 1236 859 benigne

163 862 290 901 admitti,
308 864 341 893 δε
356 863 386 891 in
401 863 545 892 veniendo
557 862 592 893 ad
606 870 696 899 partes
709 861 783 898 illas,
802 860 907 889 ibidem
921 858 1081 896 morando,
1101 859 1134 889 &
1155 859 1236 888 exin-

165 899 202 930 de
219 900 382 938 redeundo,
401 902 510 940 protegi
529 902 562 932 &
578 901 648 930 tueri
665 899 783 936 faciatis,
805 899 843 928 eis
859 898 939 936 super
960 897 1019 928 hoc
1045 897 1164 928 Litteras
1186 907 1238 929 ve-

166 938 231 969 stras
245 939 280 968 de
294 939 452 970 Condue'tu
468 941 496 969 in
513 939 608 969 forma
623 937 717 968 debita
731 938 888 968 liberantes.
997 975 1002 980 ⁶
1027 975 1032 980 ι

203 977 345 1008 Volumus
358 980 434 1008 enim
453 977 663 1008 Mercatoribus
685 976 798 1013 vestris,
816 975 887 1005 infra
910 974 1086 1005 Dominium
1101 973 1235 1005 nostrum

165 1017 360 1054 venientibus,
380 1017 540 1047 consimiles
554 1016 670 1046 Litteras
683 1015 741 1045 fieri
756 1016 785 1044 in
798 1022 944 1045 eventum.

201 1055 239 1085 Et
253 1055 289 1085 de
305 1066 355 1093 e0,
374 1055 451 1093 quod
467 1056 499 1086 ad
515 1064 649 1091 rogatum
665 1053 797 1084 nostrum
810 1053 903 1084 facere
915 1051 1076 1090 volueritis,
1091 1051 1174 1084 nobis
1189 1061 1235 1083 re-

162 1093 283 1124 scribere
298 1096 399 1124 ciretis
416 1094 595 1133 prcesentiuiii
610 1103 658 1132 per
673 1092 820 1124 Latorem.

200 1131 268 1163 Dat.
286 1133 358 1172 apud
373 1133 494 1163 Turrim
509 1132 646 1164 London.
666 1131 823 1162 undecimo
837 1130 883 1161 die
897 1130 1051 1161 Februarii.

654 1210 707 1239 Per
720 1206 802 1247 ipfitm
814 1210 911 1246 Regem
922 1205 961 1242 ὠ·
975 1204 1128 1237 Concilium.

248 1349 307 1379 Pro
328 1348 463 1379 Civitate
483 1346 595 1376 Baionae
608 1370 617 1386 ‚
645 1342 690 1375 ad
705 1340 953 1390 Burgimagtstros
966 1340 1003 1374 de
1023 1343 1150 1390 Bruges.

140 1466 144 1470 ,
165 1430 286 1494 REX
300 1429 538 1468 Burgimagistris‚
561 1428 704 1466 ScabiniS,
721 1429 756 1460 &
770 1427 961 1467 Consulibus,
978 1427 1064 1460 Villae
1084 1427 1120 1459 de
1143 1426 1238 1466 Brug-

247 1480 311 1509 geS,
331 1469 463 1499 Salutem.

206 1509 389 1539 Attendentes
402 1531 412 1546 ,
437 1516 484 1544 per
506 1514 633 1536 mutuam
654 1505 853 1537 Dilet‘tionem
867 1529 878 1544 ,
904 1506 939 1538 &
961 1504 1044 1536 Pacis
1062 1505 1236 1543 Unionem‚

168 1547 353 1578 Subditorum
369 1546 402 1577 &
418 1544 697 1576 Confoederatorum
712 1543 895 1583 nostrorum,
912 1546 1026 1584 negotia
1038 1543 1136 1576 nostra
1150 1543 1235 1575 ardua

138 1618 144 1625 ⁸
166 1585 248 1626 posse
260 1585 361 1616 melius
373 1585 544 1622 prosperari,

202 1625 247 1655 Ac
261 1623 387 1663 proinde
397 1622 560 1655 affectantes
574 1623 647 1653 inter
661 1633 730 1660 vos,
749 1623 801 1661 &,
820 1621 929 1652 Fideles
950 1621 1085 1653 Subditos
1107 1620 1236 1660 nostros,

166 1663 309 1702 Majorern
319 1685 328 1700 ,
343 1661 472 1700 Juratos,
490 1661 619 1691 Centum
632 1660 731 1699 Pares,
749 1662 783 1692 &
799 1661 868 1691 alios
880 1659 969 1691 Cives
984 1662 1018 1692 &
1032 1659 1237 1691 Communita-

163 1710 240 1741 tem,
259 1701 390 1733 Civitatis
403 1700 527 1739 nostrae,
545 1699 678 1739 Baionae,
696 1699 777 1730 Pacis
788 1700 822 1731 ὃς
838 1699 987 1731 Amicitiae
1001 1699 1109 1730 Foedus
1124 1700 1187 1730 iniri
1200 1700 1234 1731 &

162 1741 269 1772 firmari

201 1779 237 1810 N
239 1781 256 1810 e
264 1764 442 1818 :occasione
457 1777 660 1816 praeteritarum
676 1775 939 1815 Transgressionum
948 1799 958 1815 ,
972 1775 1125 1814 Expeditio
1139 1775 1237 1806 dicto-

164 1828 231 1849 rum
243 1819 424 1857 negotiorum
437 1816 618 1853 nostrorum,
637 1816 666 1845 in
681 1814 786 1853 nostri,
806 1815 840 1846 &
853 1814 955 1852 vestri,
974 1816 1007 1847 &
1022 1815 1143 1845 aliorum
1159 1814 1236 1845 Sub-

165 1856 294 1888 dirorum
312 1857 345 1887 ἃ*
362 1854 636 1886 Confoederatorum
652 1853 816 1884 nostrorum
830 1854 1054 1892 praedictorum,
1064 1853 1235 1892 Dampnum

166 1896 201 1926 &
211 1895 355 1932 jacturam
368 1894 520 1932 aliqualiter
533 1892 702 1931 retardetur,

204 1933 311 1971 Vobis,
329 1931 520 1970 injungendo,
540 1931 724 1969 mandamus,
742 1931 873 1969 quatinus
887 1941 958 1963 curn
973 1929 1096 1963 Civibus
1111 1930 1237 1963 &Mer-

165 1973 306 2006 catoribus
320 1971 406 2001 di&ae
424 1970 555 2001 Civitatis
571 1969 675 2000 nostrae
690 1969 805 2000 Baionae

204 2010 285 2041 Cum
299 2010 370 2047 ipsos
386 2009 420 2040 ad
435 2017 524 2048 partes
539 2008 659 2046 vestraS,
676 2008 769 2039 Causa
783 1994 1012 2039 Mercandisandi
1023 2032 1033 2047 ,
1049 2008 1095 2039 vel
1122 2009 1186 2039 alias
1207 2009 1236 2039 in

165 2048 337 2087 obsequium
355 2048 486 2079 nostrum
507 2046 720 2086 proficiscendi,
739 2047 783 2078 seu
808 2048 872 2077 alias
888 2047 1134 2086 qualitercumque
1149 2047 1239 2079 decli-

164 2098 231 2118 nate
247 2089 416 2127 contigerit,
436 2095 571 2125 tanquam
585 2087 668 2117 nobis
683 2085 780 2117 Utiles
794 2086 827 2117 &
843 2086 951 2117 Fideles
961 2110 972 2126 ,

200 2126 277 2157 Tam
300 2126 500 2164 amicabiliter,
519 2124 609 2155 nostri
624 2125 886 2164 contemplatione,
905 2126 975 2156 inire
990 2125 1137 2163 studeatis,
1156 2125 1237 2164 quod

166 2164 255 2195 iidem
276 2165 364 2196 Cives
387 2166 419 2195 &
442 2164 622 2194 Mercatorcs
638 2165 710 2194 inter
723 2173 776 2195 vos
790 2163 926 2202 pacifice,
943 2164 978 2195 &
994 2164 1098 2203 absque
1112 2164 1238 2205 Impedi-

166 2213 267 2234 mento
281 2227 290 2242 ,
324 2204 368 2234 vel
391 2203 555 2234 Occasione
577 2203 694 2241 alicujus
721 2201 758 2232 de
787 2204 933 2240 praeteritis
957 2203 1238 2244 Transgreffionibus

167 2243 383 2281 conquerentis,
409 2243 442 2273 &
466 2241 651 2279 Corporum,
675 2251 708 2271 ac
730 2241 861 2280 Rerum,
879 2243 912 2273 &
932 2241 1082 2272 Bonorum
1104 2243 1239 2281 suorum,

165 2280 294 2318 dampnis
313 2280 345 2311 &
366 2281 496 2319 periculis
518 2281 640 2318 morari,
658 2281 692 2311 &
707 2279 743 2310 de
753 2279 954 2311 Mercimoniis
967 2281 1018 2311 suis
1033 2282 1188 2321 negotiari,
1205 2291 1238 2312 ac

166 2320 268 2350 exinde
301 2320 371 2350 cum
387 2319 548 2357 voluerint,
566 2319 688 2356 pacifice
702 2318 835 2349 recedere
856 2320 982 2357 valeant,
1001 2320 1071 2350 cum
1093 2320 1143 2350 sibi
1164 2329 1239 2350 tem-

188 2368 217 2388 us
236 2345 357 2388 viderint
379 2366 569 2395 oportunum;
589 2358 678 2388 taliter
697 2359 725 2386 in
749 2358 802 2387 hac
815 2366 892 2395 parte
907 2369 958 2388 vos
972 2359 1124 2397 habentes,
1143 2360 1180 2389 ne
1194 2358 1238 2389 di-

164 2367 279 2427 gorum
294 2396 494 2435 Negotiorum
505 2395 671 2426 nostrorum
689 2396 856 2434 Expeditio,
869 2405 904 2427 ex
917 2398 1004 2428 causis
1019 2397 1237 2428 Dissensionum

166 2435 212 2466 seu
231 2434 496 2474 Transgreffionum
518 2436 721 2472 praeteritarum
737 2458 746 2473 ,
771 2434 970 2473 Dampnolam
990 2437 1081 2474 capiat
1110 2436 1239 2468 Dilatio-

167 2483 244 2503 nem.

205 2511 274 2543 Dat.
293 2511 368 2549 apud
382 2511 504 2542 Turrim
519 2510 655 2542 London.
674 2510 833 2542 undecimo
847 2511 893 2542 die
909 2511 1061 2544 Februarii.

655 2591 709 2618 Per
722 2587 804 2628 ipfizm
815 2592 912 2627 Regem
924 2587 963 2625 ῤ’
979 2589 1132 2621 Concilium.

170 2662 381 2725 CQnsimiles
392 2665 491 2710 litterae
506 2664 662 2704 diriguntur
678 2664 919 2704 Burgimagistris,
933 2667 1080 2705 Scabinis,
1097 2668 1131 2699 δι
1153 2667 1240 2700 Con-

244 2704 366 2744 lulibus,
384 2704 522 2736 Villarum
534 2704 571 2735 de
585 2703 745 2742 Gandano,
763 2704 842 2742 Ipra,
860 2704 895 2735 &
908 2704 945 2735 de
957 2705 1108 2736 Lescluses.

653 2784 706 2811 Per
719 2780 802 2821 ipfiem
816 2783 914 2819 Regem
926 2778 965 2816 ό·
978 2780 1132 2813 Concilium.

303 2921 362 2953 Pro
381 2918 463 2953 dicia
483 2922 635 2963 Civitatc‚
661 2918 705 2953 aa'
721 2922 888 2954 Dominum
905 2918 942 2953 de
960 2918 1096 2955 Lebreto.

171 3004 303 3061 REX,
330 3004 438 3036 Nobili
459 3005 540 3043 viro,
559 3005 593 3036 &
615 3004 722 3035 dileeto
743 3005 777 3036 &
800 3004 876 3040 fideli
896 3005 965 3045 suo,
991 3005 1135 3038 Bernardo
1154 3005 1239 3046 Ezii,

242 3043 377 3075 Domino
389 3043 426 3074 de
439 3043 581 3081 Lebreto,
599 3043 732 3074 Salutem.

211 3082 386 3121 Querelam,
405 3082 578 3113 dilectorum
600 3083 633 3113 ὅ(
657 3081 782 3113 fidelium
805 3082 968 3114 nostrorum
1006 3083 1142 3122 Majoris,
1156 3083 1239 3122 Jura-

173 3127 286 3158 torum,
306 3120 435 3152 Centum
451 3120 582 3158 Parium,
600 3121 633 3151 &
646 3120 768 3151 aliorum
781 3119 902 3152 Civium
917 3132 950 3153 ac
1015 3124 1172 3162 munitatis,
1185 3122 1240 3154 Ci-

177 3160 268 3190 vitatis
282 3159 385 3190 nostrae
401 3160 514 3190 Baionae
528 3160 704 3197 recepimus,

214 3197 424 3228 Continentem
441 3197 520 3235 quod
537 3198 635 3228 Petrus
651 3197 687 3228 de
700 3197 724 3228 la
746 3196 811 3228 Bret
845 3198 940 3229 Frater
959 3198 1052 3231 vester
1072 3198 1238 3238 Bastardus,

179 3237 287 3267 ratione
300 3236 359 3267 loci
374 3236 410 3267 de
426 3236 561 3275 Gynsen,
581 3246 669 3274 prope
681 3236 788 3267 dictam
802 3220 960 3267 Civitatem
983 3237 1113 3276 Baionae,
1133 3239 1167 3270 &
1187 3249 1239 3270 cu-

177 3275 285 3314 jusdam
307 3275 441 3305 Fortalitii
461 3275 568 3306 ibidem
582 3285 631 3312 per
650 3276 741 3321 ipsum
753 3274 927 3313 constructi,
946 3276 1087 3314 quandam
1100 3276 1241 3316 Naffiim,

178 3314 234 3345 sive
249 3313 414 3351 Piscariam,
433 3315 462 3343 in
481 3313 565 3351 Aqua
580 3312 678 3344 nostra
693 3323 793 3344 vocata
807 3314 832 3344 la
848 3313 949 3352 Dore,

213 3351 277 3383 Ubi
300 3352 401 3383 Naves
425 3352 457 3383 &
482 3351 611 3390 Batellae,
629 3352 796 3383 victualibus
817 3353 850 3383 &
865 3352 923 3382 aliis
938 3352 1120 3384 Mercandifis
1135 3353 1242 3386 Carca-

177 3399 229 3429 tae,
247 3391 340 3422 versus
353 3392 462 3422 didiam
477 3390 648 3429 Civitatem,
666 3401 719 3431 pro
734 3390 902 3422 Munitione
916 3391 1055 3429 ejusdem,
1074 3392 1107 3422 ὃς
1123 3392 1240 3424 Susten-

178 3432 284 3461 tatione
299 3431 484 3460 habitantium
499 3431 527 3459 in
540 3428 591 3467 ea,
609 3430 628 3448 *⁴
643 3429 772 3468 transire,
789 3430 823 3462 ὃ(
837 3429 875 3460 de
885 3430 985 3461 eadem
1004 3428 1131 3462 Civitate
1150 3432 1242 3463 redire

178 3468 299 3500 debeant
308 3492 318 3507 ‚
336 3469 369 3499 &
383 3468 518 3499 haetenus
530 3468 654 3499 solebant
662 3492 672 3506 ,

216 3506 320 3544 Injuste
333 3516 476 3545 occupat,
492 3506 609 3545 Naves,
627 3507 661 3537 &
674 3505 787 3537 Batellas
802 3506 980 3545 hujusmodi,
998 3517 1031 3539 ac
1044 3507 1192 3540 Homines
1213 3510 1244 3540 in

180 3546 218 3576 eis
231 3545 394 3584 existentes,
412 3554 527 3576 necnon
540 3545 678 3576 Vi&ualia
692 3546 726 3576 &
741 3545 803 3576 alias
816 3544 1008 3577 Mercandisas
1030 3547 1165 3584 praedi&a
1184 3558 1245 3578 are-

182 3583 281 3615 stando
301 3584 333 3614 δε
353 3584 491 3622 capiendo
504 3606 514 3622 ,
533 3594 566 3614 ac
590 3584 736 3614 Homines
754 3583 941 3622 hujusmodi,
989 3585 1115 3623 uousque
1134 3585 1246 3618 Grave·

182 3620 409 3665 Redemptiones
431 3633 484 3660 pro
506 3622 687 3659 Corporibus
705 3622 758 3652 suis
779 3621 927 3652 liberandis
949 3595 1099 3662 sdlverint,
1117 3623 1247 3656 detinen-

183 3658 240 3696 d0,
255 3661 287 3690 &
302 3659 437 3691 victualia
450 3661 483 3691 ὅ(
499 3660 689 3691 Mercandisas
703 3660 836 3698 praedieta
851 3661 903 3691 suis
927 3661 1038 3692 Usibus
1058 3663 1246 3703 applicando,

187 3706 220 3765 ἕο
235 3698 283 3764 alig
296 3696 431 3737 Dampna
445 3700 478 3731 δε
494 3698 670 3730 Gravamiua
682 3699 863 3730 intolerabilia
884 3699 987 3731 eisdem
1007 3699 1184 3733 Hominibus
1204 3703 1249 3732 in-

200 3743 263 3764 eren
284 3746 319 3772 o,

225 3773 373 3810 Qiodque
385 3775 498 3814 Ballivi,
516 3776 549 3806 ὃε
562 3777 657 3806 caeteri
670 3775 813 3807 Custodes
825 3775 910 3808 vestri
922 3777 980 3809 loci
995 3777 1032 3809 de
1051 3778 1169 3818 Duyre,
1182 3778 1250 3811 Na—

186 3819 238 3841 ves
251 3811 283 3840 ὃς
297 3810 425 3854 Batellas,
445 3825 494 3852 per
509 3814 620 3851 Aquam
641 3815 825 3853 praedicfftam,
843 3815 935 3846 versus
950 3816 1057 3847 dietam
1072 3815 1250 3856 Civitatem,

188 3858 259 3879 cum
284 3848 510 3895 Υιᾶᾳαῌωεβε
536 3852 736 3894 Mercimoniis
760 3853 917 3892 hujusmodi
940 3855 1111 3887 transeuntes
1125 3880 1135 3894 ,
1168 3856 1251 3887 fimul

190 3896 259 3931 cum
274 3885 448 3928 Hominibus
465 3901 493 3919 in
509 3891 610 3921 eildem
626 3891 733 3921 Batellis
753 3893 890 3930 inventis,
909 3903 942 3923 ca
964 3894 1043 3932 iunt,
1060 3894 1197 3933 arestant,
1215 3895 1251 3926 &

188 3925 316 3969 detinent
328 3925 377 3953 iub
391 3926 508 3969 Aresto,
527 3930 672 3967 quousque
686 3930 772 3961 iidem
790 3929 932 3960 Homines
983 3932 1180 3971 edempriones
1197 3933 1251 3964 hu-

184 3963 312 4002 jusmodi
327 3962 443 3993 fecerint
453 3989 461 4000 ,
479 3965 511 3995 &
525 3966 676 3998 Custuinas
691 3969 723 3999 &
740 3968 864 4004 Pedagia
883 3969 990 4000 insolita
1009 3970 1157 4010 solverint,
1173 3971 1251 4002 aliter

187 4002 277 4042 quam
292 4001 426 4032 baitenus
440 4001 501 4032 fieri
515 4005 677 4043 consuevit,
695 4008 724 4037 in
740 4006 829 4038 nostri
842 4005 1056 4048 Contemptum
1067 4011 1104 4044 &
1115 4009 1253 4049 Ptaejudt-

628 85 1438 138 CONVENTioNEs‚

1495 86 1890 135 LITERAE,

1266 173 1362 209 cium,
1379 181 1413 202 ac
1427 171 1572 204 dic‘torurn
1587 173 1756 204 Hominum
1772 173 1945 212 Dampnum
1961 182 2022 205 non
2038 173 2188 206 modicum
2210 175 2244 208 δε
2265 175 2343 208 Gra·
2354 171 2430 203 Anss·
2447 173 2490 205 D-

1269 220 1399 288 vagiuegie}
1422 259 1482 288 quo
1502 249 1602 281 Nobis
1621 249 1663 280 est
1686 249 1884 290 Supplicatum
1903 259 1935 282 ut
1955 251 1986 281 in
2008 250 2063 281 hac
2083 259 2163 290 parte
2177 261 2342 290 congruum
2359 220 2474 289 fild-''13-

1271 287 1450 357 ReirInedium
1464 290 1570 328 apponi
1583 289 1730 320 faciamus.

1310 338 1498 397 Aivse’rtentes
1521 367 1657 405 Dampna
1678 366 1710 397 ὃς
1731 365 1876 405 Pericula,
1896 375 1961 404 quae
1981 366 2066 397 nobis
2100 367 2134 399 δε
2155 367 2274 399 Civitati
2289 379 2345 401 no-

1271 402 1337 447 strae
1356 405 1515 444 praedidiae,
1535 417 1568 437 ac
1590 405 1806 448 Habitatoribus
1829 404 1969 442 ejusdem,
1988 415 2038 442 per
2059 390 2255 446 Captionem,
2274 408 2346 440 Are-

1272 441 1442 482 stationem,
1460 444 1494 474 &
1518 444 1726 475 Detentionem
1747 444 1785 473 hu
1798 442 1926 482 asmodi,
1946 442 2167 485 Mercatorum,
2191 445 2346 485 Navium,

1272 479 1464 550 gigilleaxfgrii‘rss
1476 484 1510 514 δε
1524 483 1700 514 Vi&ualium
1714 492 1772 521 prae
1795 482 1920 512 'elotum
1932 481 2045 520 poffent
2060 483 2153 522 (quod
2174 483 2257 522 abiit)
2277 485 2347 518 faci-

1311 542 1522 597 Volentesqi’ie,
1544 560 1754 598 praemifforum
1777 558 2019 598 consideratione,
2045 559 2133 591 Malis
2154 561 2189 593 δί
2211 560 2347 594 Periculis

1273 596 1436 634 hujusmodi
1451 608 1630 637 praecavere,

1297 635 1404 681 ,Vobis
1419 638 1449 680 iri
1464 636 1531 667 Fide
1546 637 1580 668 &
1594 636 1758 676 Ligeantia,
1777 637 1879 676 quibus
1894 637 1979 681 nobis
1991 638 2148 681 tenemini,
2161 638 2195 670 &
2210 638 2260 670 sub
2272 639 2347 671 Poe-

1273 683 1418 743 ‘'Daimqssff
1431 676 1610 745 §.mimis
1626 675 1968 746 fflssffi’cilffgtff
1988 685 2166 746 1ῗέἒέιῖωὸ
2179 701 2191 715 ’
2215 679 2347 749 qmssssii‘

1273 723 1498 783 ‹stumpFratrem
1515 724 1643 783 ilestrum
1653 776 1661 790 ‚
1680 753 1714 783 &
1731 752 1842 783 Gentes
1855 725 2014 793 vestras,psi
2029 753 2118 785 taliter
2133 725 2220 786 illati?
2256 727 2347 796 {rint}

1275 789 1332 820 sine
1351 789 1486 822 dilatione
1507 792 1614 828 corrigi
1637 792 1671 822 &r
1688 791 1849 830 emendari,
1866 793 1900 823 ὃς
1915 793 2017 824 Ablata
2028 793 2061 824 &
2076 792 2228 832 Occupata
2241 794 2347 828 eisdem

1274 828 1453 860 Hominibus
1467 829 1594 868 restitui,
1612 840 1644 860 ac
1659 829 1866 868 Impedimenta
1883 841 1932 868 per
1945 831 2034 870 ipsos,
2045 842 2105 870 quo
2122 833 2218 863 minus
2226 833 2348 864 Victua-

1273 867 1308 897 lia
1330 869 1363 898 &
1385 868 1449 898 alias
1472 867 1666 899 Mercandisas
1679 870 1714 899 ad
1729 868 1834 898 dietam
1851 867 2005 900 Civitatem
2018 870 2107 901 libere
2121 871 2236 902 duci&
2250 873 2349 904 cariari

1274 905 1368 937 facere
1383 915 1538 945 poterunt,
1557 908 1650 938 minus
1664 908 1716 937 rite
1729 906 1950 946 appofita‚cum
1964 910 2047 939 omni
2061 909 2204 941 celeritate
2215 911 2349 943 amoveri

1273 944 1398 984 faciatis,
1416 947 1454 976 ne
1471 946 1597 985 Querela
1610 945 1644 975 ad
1660 956 1712 976 nos
1725 945 1794 976 inde
1809 947 1955 984 perveniat
1971 947 2074 978 iterata.
2346 978 2348 981 ,

1312 983 1438 1015 Scientes
1452 995 1504 1023 pro
1521 994 1603 1015 cerro
1619 983 1717 1023 quod,
1737 984 1787 1014 nili
1802 983 1944 1022 praemiffa
1958 985 2040 1016 citius
2053 985 2113 1017 fieri
2135 987 2256 1019 feceritis
2276 998 2348 1020 cum

1273 1021 1397 1062 effectu,
1417 1023 1558 1062 praedictis
1573 1023 1697 1056 Civibus
1711 1024 1745 1055 &
1761 1022 1974 1054 Mercatoribus
1987 1023 2024 1054 de
2041 1023 2097 1055 alio
2118 1025 2266 1058 Remedio
2285 1037 2349 1060 non

1272 1062 1442 1093 tardabimus
1456 1062 1616 1101 providere.

1309 1099 1400 1132 Teste
1412 1100 1498 1140 Rege
1509 1101 1584 1141 apud
1597 1101 1718 1133 Turrim
1732 1100 1870 1132 London.
1890 1099 2047 1132 undecimo
2059 1100 2106 1133 die
2118 1101 2269 1136 Februarii.

1755 1179 1809 1208 Per
1823 1176 1906 1218 ipficm
1918 1180 2016 1216 Regem
2030 1175 2069 1213 ό
2084 1177 2241 1211 Concilium.

1327 1319 1388 1354 Ad
1409 1322 1523 1354 Locum
1540 1330 1686 1354 tenentem
1705 1323 1792 1368 Regis
1810 1323 1842 1353 in
1864 1322 2060 1368 Aquitania,
2080 1330 2137 1367 pro
2154 1322 2291 1354 Civitate

1717 1380 1899 1404 memorata.

1272 1453 1414 1517 REX,
1433 1454 1541 1499 Nobili
1563 1456 1645 1494 viro,
1663 1456 1697 1488 δε
1710 1455 1819 1487 dilecto
1830 1456 1864 1488 &
1877 1454 1954 1487 fideli
1968 1455 2038 1495 suo,
2056 1455 2182 1494 Hugoni
2195 1455 2232 1487 de
2244 1454 2346 1487 Gene-
2360 1458 2438 1492 Ann.
2448 1461 2492 1493 D.

1272 1533 1351 1563 nenti
1356 1493 1651 1564 ss’ffi‘zlffidstsX
1653 1494 1832 1573 ἲὲζῖιῇῑὲῗ
1838 1494 2086 1565 Ῑὲῑὲῧῖἱὶέιὲοὲἒ
2088 1494 2349 1574 Ῥῃὲιῖῗῶῗωεῇἓ
2356 1508 2474 1577 12⁴3.

1272 1569 1362 1640 {5:213
1370 1571 1471 1603 nostro
1486 1573 1515 1603 in
1529 1572 1610 1604 dieto
1626 1571 1744 1605 Ducatu
1759 1572 1877 1612 nostro,
1895 1573 1943 1605 vel
1957 1573 2015 1612 ejus
2031 1571 2150 1604 Locum
2165 1574 2271 1605 tenenti
2280 1572 2387 1644 ,Sa-15.
2410 1587 2436 1615 3.

1310 1634 1370 1678 Ex·
1409 1649 1517 1688 uerela,
1533 1650 1708 1695 dilectorum
1721 1651 1756 1682 &
1768 1650 1895 1695 fidelium
1905 1640 2097 1689 nostrorum,
2112 1649 2251 1690 Maioris,
2266 1649 2350 1690 Jura-
2361 1618 2433 1695 Eas}
2448 1626 2494 1686 :ri-‚⁵

1272 1694 1390 1732 torum,
1436 1697 1535 1719 entum
1556 1688 1689 1734 Parium,
1715 1690 1749 1722 &
1772 1690 1894 1734 aliorum
1917 1688 2057 1734 Civium,
2079 1699 2114 1720 ac
2135 1688 2350 1729 Comunitatis,
2364 1696 2410 1734 36.

1274 1723 1405 1757 Civitatis
1419 1728 1524 1758 nostrae
1538 1726 1670 1771 Baionae,
1688 1738 1851 1766 accepimus
1865 1728 1946 1767 quod
1959 1728 2062 1759 diversi
2082 1727 2212 1760 Nobiles
2229 1729 2260 1760 in
2281 1727 2352 1761 Du-

1273 1772 1337 1794 catu
1354 1765 1508 1804 praedicto,
1526 1766 1660 1798 videlicet

1773 1766 1922 1798 Dominus
1936 1767 1974 1798 de
1988 1767 2134 1807 Lebreto,
2153 1766 2302 1800 Dominus
2314 1767 2353 1800 de

1276 1802 1412 1842 Laspare,
1436 1806 1471 1837 &
1488 1804 1635 1843 Johannes
1654 1805 1691 1836 de
1710 1804 1801 1846 Gerly
1824 1805 1999 1845 Capitaneus
2019 1805 2056 1836 de
2075 1805 2173 1845 Buch,
2189 1816 2224 1838 ac
2249 1806 2352 1840 diverfi

1275 1841 1350 1885 Alii,
1367 1842 1445 1873 Bona
1459 1843 1493 1874 &
1507 1842 1702 1874 Mercimonia
1715 1843 1883 1875 Hominum
1896 1845 1930 1876 ἃ.
1944 1844 2147 1876 Mercatorum
2161 1845 2222 1876 tam
2239 1843 2353 1877 Civita-

1274 1888 1309 1910 tis
1323 1881 1470 1919 praedidtae
1479 1906 1488 1920 ,
1506 1882 1594 1920 quam
1607 1882 1722 1913 aliunde
1734 1882 1770 1913 ad
1782 1883 1886 1914 Terras
1899 1884 1934 1914 &
1950 1882 2094 1914 Dominia
2104 1883 2149 1914 sua
2180 1884 2210 1914 in
2225 1884 2352 1921 partibus

1275 1918 1348 1959 illis,
1367 1930 1418 1959 per
1434 1920 1526 1951 Maris
1538 1920 1762 1960 Intemperiem,
1778 1922 1944 1953 multotiens
1960 1920 2091 1960 Projecta
2126 1906 2166 1953 ad'
2183 1922 2272 1962 ipsos,
2289 1930 2354 1953 tan-

1274 1968 1361 1996 quam
1377 1959 1539 1991 Wreccum
1554 1959 1644 1991 Maris
1661 1960 1695 1991 &
1709 1959 1790 1990 Bona
1802 1969 1852 2000 per
1869 1960 2065 1990 Infortunium
2087 1945 2250 1999 deperdita,
2266 1962 2354 1999 perti-

1274 2006 1343 2028 nere
1363 1997 1468 2029 debere
1491 1998 1656 2037 asserentes,
1682 1998 1779 2037 Bona,
1806 1999 1840 2030 ὃς
1863 1997 2080 2037 Mercimonia,
2097 2008 2131 2030 ac
2151 1997 2254 2030 Naves
2275 2009 2351 2038 quo·

1275 2037 1407 2067 rumdam
1424 2036 1545 2069 Civium
1563 2038 1597 2069 &
1612 2038 1820 2069 Habitatorum
1843 2036 1974 2068 Civitatis
1990 2036 2152 2076 praedid‘tae,
2169 2047 2203 2068 ac
2225 2037 2351 2069 aliorum

1276 2075 1310 2105 ad
1328 2075 1440 2107 Lirtora
1456 2075 1546 2107 Maris
1561 2088 1589 2107 in
1602 2077 1700 2107 Terris
1716 2077 1859 2115 praediffis
1872 2076 2071 2116 Applicantia,
2083 2086 2258 2116 quamquam
2268 2075 2355 2108 Mer-

1276 2124 1386 2146 cator&
1399 2117 1433 2147 &
1448 2114 1612 2153 Marinarii,
1632 2117 1661 2146 in
1678 2116 1812 2146 Navibus
1836 2115 1995 2154 hujusmodi
2016 2114 2181 2154 existentes,
2198 2115 2266 2147 Vivi
2289 2125 2356 2147 eva-

1277 2153 1362 2193 dant,
1381 2155 1518 2194 capiunt,
1537 2155 1569 2185 as
1605 2164 1694 2193 rrant,
1712 2155 1746 2186 ὃ(
1760 2165 1776 2185 a
1791 2164 1851 2193 quo
1866 2154 2009 2185 voluerint
2022 2153 2170 2186 abducunt
2197 2155 2293 2186 minus
2309 2154 2357 2193 ju-

1276 2191 1336 2231 ste,
1355 2194 1385 2223 in
1408 2193 1533 2232 ipsorum
1556 2165 1678 2225 Civium
1701 2194 1734 2225 &
1756 2193 1961 2224 Habitatorum
1980 2193 2152 2232 Dampnum
2166 2192 2200 2224 &
2214 2191 2357 2232 Praejudi-

1277 2233 1356 2262 cium
1365 2255 1375 2271 ,
1393 2234 1425 2265 ὃ(
1442 2232 1621 2264 Libertatum
1631 2256 1641 2271 ,
1658 2234 1696 2264 eis
1708 2242 1758 2271 per
1771 2232 1974 2270 Progenitores
1989 2231 2103 2263 nostros
2115 2232 2193 2270 prius
2207 2230 2357 2264 concessa-

1275 2281 1341 2302 rum
1350 2294 1359 2310 ‚
1381 2271 1545 2302 Laesionem
1559 2271 1755 2309 manifestam,

1313 2309 1406 2378 1{uper
1422 2320 1482 2349 quo
1496 2311 1581 2342 nobis
1594 2310 1785 2350 supplicarunt
1801 2309 1853 2342 sibi
1869 2309 2047 2341 Remedium
2058 2309 2203 2349 adhiberi;

1351 2359 1383 2378 OS
1874 2356 1886 2360 '⁷

1314 2372 1454 2419 Voleiites
1476 2386 1646 2427 Privilegia,
1671 2388 1792 2426 praefatis
1814 2386 1938 2418 Civibus
1959 2387 1994 2419 &
2014 2386 2233 2419 Habitatoribus
2253 2387 2284 2418 in
2303 2386 2359 2418 hac

1276 2434 1354 2463 parte
1370 2425 1533 2465 Concessa,
1553 2428 1750 2465 manuteneri,
1769 2427 1803 2458 &
1816 2425 2052 2466 Transgreffores
2071 2426 2263 2465 eorumdem,
2276 2426 2356 2465 juxta

1276 2474 1379 2495 eorum
1393 2465 1546 2502 demerita,
1564 2467 1658 2504 puniri
1673 2475 1756 2503 prout
1773 2466 1874 2503 decet,
2000 2474 2002 2477 ·

1317 2503 1426 2544 Vobis,
1442 2506 1476 2536 ὃς
1490 2504 1608 2536 cuilibet
1621 2504 1750 2535 vestrum
1764 2505 1935 2544 injungimus
1948 2505 1982 2536 &
2004 2504 2171 2534 mandamus
2190 2500 2291 2541 quod,
2308 2503 2355 2533 vi-

1277 2541 1310 2572 fis
1330 2541 1486 2583 Privilegiis
1510 2543 1670 2581 praedietis,
1697 2543 1867 2582 praedictos,
1894 2541 2058 2581 Majorern,
2081 2541 2207 2580 juratos,
2222 2540 2354 2572 Centum

1275 2579 1376 2619 Pares,
1395 2583 1428 2613 &
1443 2582 1512 2613 alios
1528 2581 1635 2620 Cives,
1655 2583 1673 2602 ³*
1691 2592 1724 2612 ac
1738 2581 1974 2618 Comuustaoem,
2001 2579 2133 2610 Civitatis
2147 2579 2306 2619 praedictae,
2323 2580 2355 2611 in
2376 2586 2506 2625 ''V-²3&

1275 2619 1381 2650 eisdem
1394 2620 1571 2658 Privilegiis,
1589 2629 1675 2659 prout
1691 2620 1793 2657 absque
1807 2619 1949 2655 Dampno
1962 2617 2062 2649 nostro
2076 2616 2135 2649 fieri
2149 2619 2271 2656 poterit,
2291 2628 2355 2649 ma·-

1276 2659 1386 2726 ffiiteri,
1405 2660 1537 2728 prete-gile
1550 2658 1731 2703 {Sc-defendi,
1749 2657 1783 2688 &
1797 2657 1921 2695 partibus
1937 2655 2023 2688 Laefis
2045 2657 2177 2688 emendas
2198 2656 2306 2689 debitas
2326 2657 2356 2689 in

1313 2706 1330 2726 C
1380 2705 1421 2727 rte
1455 2707 1496 2727 erl
1538 2705 1623 2727 elatis.

1311 2706 1404 2766 Tgs’te
1417 2734 1502 2776 Rege
1514 2734 1589 2775 apud
1604 2734 1728 2766 Turrim
1743 2733 1882 2765 London.
1901 2732 2061 2764 undecimo
2075 2732 2123 2764 die
2136 2732 2289 2765 Februarii.

1767 2813 1822 2842 Per
1835 2809 1918 2850 ipst'tm
1930 2813 2027 2849 Regem
2039 2807 2078 2846 ό·
2093 2809 2248 2841 Concilium.

1277 2948 1327 2980 De
1345 2945 1466 2981 Foedere
1485 2950 1522 2987 ὠ·
1542 2948 1695 2981 Amicitia
1713 2949 1792 2980 inter
1815 2948 1965 2994 Quinque
1984 2948 2092 2980 Portus
2115 2946 2154 2984 (θ’
2182 2945 2351 2978 Civitatem

1754 2998 1879 3029 Baionae.

1340 3078 1418 3120 Ex,
1443 3079 1564 3112 Dileais
1583 3081 1618 3113 &
1639 3081 1782 3113 Fideiibus
1803 3080 1872 3118 suis,
1898 3078 2025 3111 Custodi
2045 3078 2185 3123 Qirique
2205 3077 2349 3110 Pormum
2371 3071 2499 3105 Ann-D·

1358 3119 1492 3158 suorum,
1511 3129 1626 3152 necnon
1647 3120 1824 3159 Majoribus,
1842 3119 1968 3157 Ballivis,
1987 3127 2020 3148 ac
2034 3116 2137 3148 Probis
2152 3116 2345 3157 Hominibus,
2393 3121 2481 3152 1341.

1276 3165 1309 3188 ac
1326 3157 1485 3198 Magistris‚
1503 3158 1537 3190 δε
1552 3159 1712 3190 Marinariis
1727 3158 1862 3189 Navium
1876 3156 2020 3188 Portuum
2031 3155 2222 3196 eorumdem,
2238 3166 2273 3187 ac
2292 3156 2348 3187 sin-
2363 3154 2419 3179 An.
2438 3161 2482 3188 ¹5·

1275 3196 1411 3235 gulorum
1431 3196 1575 3228 Portuum
1594 3208 1644 3235 per
1661 3197 1814 3228 Costeram
1834 3195 1943 3233 Maris,
1966 3195 2039 3226 infra
2058 3194 2197 3235 Regnum
2216 3194 2347 3226 nostrum
2365 3194 2395 3217 E.
2416 3199 2444 3227 3·

1277 3235 1409 3275 Angliae,
1427 3236 1477 3274 qui
1489 3246 1567 3267 nunc
1583 3236 1662 3273 sunt,
1682 3236 1728 3268 vel
1742 3237 1789 3273 qui
1803 3244 1857 3272 pro
1868 3243 2001 3273 tempore
2015 3241 2114 3273 erunt,
2131 3233 2191 3265 tam
2207 3233 2280 3265 infra
2295 3233 2348 3265 Li-
2366 3232 2424 3257 Par.
2448 3237 2491 3264 ¹5·

1276 3273 1413 3313 bertates,
1429 3274 1517 3312 quam
1529 3284 1624 3312 exrra,
1642 3273 1676 3303 ad
1693 3284 1779 3312 quOS,
1799 3273 1861 3306 &c.
1879 3272 2015 3304 Salutem.
2362 3271 2461 3305 Εἲς-Ρ·
2474 3276 2499 3295 ¹·

1314 3312 1503 3343 Advertentes
1517 3312 1655 3343 Scandala
1667 3313 1700 3344 δε
1715 3311 1864 3350 Pericula,
1883 3311 2018 3343 Incendia
2029 3311 2062 3342 &
2076 3311 2232 3351 Facinora,
2248 3321 2282 3343 ae
2296 3311 2348 3343 alia
2363 3315 2400 3335 ⁷⁷1·
2415 3314 2463 3342 44-

1276 3351 1413 3389 Dampna
1422 3351 1456 3381 δε
1471 3351 1646 3382 Gravamina
1658 3350 1861 3382 inaestimabilia
1869 3373 1879 3388 ,
1895 3361 1960 3389 quae
1976 3350 2094 3389 Nobis,
2108 3350 2141 3382 &
2154 3350 2282 3382 Subditis
2293 3360 2350 3381 no-

1279 3391 1354 3429 stris,
1373 3399 1406 3421 ac
1419 3390 1518 3420 Terris
1533 3388 1650 3420 Ditioni
1665 3389 1772 3420 nostrae
1784 3389 1933 3428 subjectis,
1951 3399 2001 3427 per
2014 3388 2174 3433 frequentes
2191 3388 2348 3427 Access'us,

1278 3430 1312 3461 &
1333 3428 1464 3460 Hostiles
1483 3428 1656 3467 Aggreffus,
1679 3427 1857 3467 Piratarum,
1879 3428 1912 3459 δε
1935 3428 2057 3458 aliorum
2078 3426 2272 3459 Inimicorum
2293 3437 2350 3458 no-

1278 3468 1421 3538 ἱὶὲῗῐυῐῑη,
1438 3467 1467 3512 su
1490 3478 1518 3497 ra
1528 3477 1624 3507 mare,
1636 3467 1774 3498 ha&enus
1787 3475 1960 3506 evenerunt,
1973 3467 2008 3498 ὃ(
2021 3465 2114 3498 adhuc
2127 3467 2242 3499 evenire
2256 3463 2349 3505 (quod

1279 3517 1294 3537 a
1328 3515 1348 3536 lt
1388 3517 1423 3537 ΟΥ
1425 3516 1466 3537 ml
1487 3515 1548 3537 atur

1319 3508 1522 3584 pgnsamesque
1543 3530 1626 3584 <Iuba
1645 3554 1682 3577 ex
1698 3544 1799 3576 mutua
1820 3543 2002 3583 memorie,
2020 3542 2190 3582 Alligantia,
2206 3543 2242 3575 ει
2264 3541 2350 3586 eqn-

1281 3583 1484 3622 foederatione,
1502 3585 1574 3615 inter
1595 3594 1666 3622 vos,
1684 3585 1737 3622 &,
1756 3583 1889 3615 Dilectos
1910 3584 1945 3615 &
1965 3581 2075 3614 Fideles
2096 3581 2228 3620 nostros,
2252 3579 2350 3612 Mao-

1282 3633 1361 3662 rem,
1374 3622 1506 3662 Juratos,
1522 3622 1652 3654 Centum
1671 3621 1772 3661 Pares,
1790 3632 1824 3654 ac
1843 3621 2002 3660 Magistros
2035 3622 2069 3653 &
2089 3620 2260 3652 Marinarios
2320 3627 2350 3648 a-

1283 3663 1366 3693 vium
1381 3661 1511 3693 Civitatis
1526 3660 1633 3692 nostrae
1647 3659 1779 3699 Baionae,
1796 3661 1926 3692 ineundis
1949 3661 1983 3692 &
2001 3644 2165 3704 lirrnandis,
2183 3657 2276 3697 poffet
2294 3655 2350 3687 hu-

1280 3701 1404 3739 jusmodi
1417 3701 1520 3739 Malis,
1533 3699 1686 3738 Periculis,
1705 3702 1738 3731 &
1751 3700 1973 3731 Gravaminibus
1981 3722 1990 3737 ,
2007 3697 2118 3730 facilius
2130 3697 2167 3729 de
2180 3703 2285 3727 caetero
2296 3695 2352 3725 ob-

1285 3740 1372 3807 ὶιίεξτίἓ
1390 3740 1423 3771 &
1438 3738 1623 3808 Obstitilimm
1637 3738 1777 3808 Malitfiam
1788 3738 1936 3784 dictorum
1949 3737 2110 3805 Piratarffi
2125 3736 2352 3803 &5353ssst

1287 3788 1477 3855 &⁸332
1488 3786 1667 3860 :3333ss
1683 3777 2245 3860 322²}”35‘t220isss‘i-233uii‘1'20b1s’subdia
2263 3808 2354 3842 uan-

1287 3863 1374 3887 tatem
1386 3856 1421 3887 &
1436 3856 1592 3895 Quietem,
1607 3855 1703 3893 potitis
1718 3855 1896 3893 conservari,
2273 3888 2279 3895 ·
2301 3887 2307 3894 ,
2322 3887 2328 3893 ,

1326 3894 1372 3925 Ac
1394 3894 1522 3926 volent&
1535 3916 1546 3932 ‚
1572 3894 1785 3932 praemifforum
1807 3891 2034 3924 consideratione
2047 3913 2058 3927 ,
2081 3886 2189 3918 Foedus
2211 3887 2357 3933 Amicitiae

1287 3933 1362 3963 inter
1374 3942 1428 3963 vos
1443 3934 1476 3965 &
1491 3933 1585 3965 diebos
1600 3932 1736 3964 Subditos
1751 3931 1864 3963 nostros
1875 3931 1913 3962 de
1924 3928 2028 3960 Baiona
2041 3927 2122 3971 super
2141 3925 2198 3970 hoc
2220 3936 2301 3965 iniri,
2320 3927 2356 3958 ὃς

1290 3970 1452 4014 Alligantias
1477 3972 1512 4005 ὅς
1532 3971 1653 4004 Foedera
1679 3970 1842 4011 hujusmodi
1862 3968 1968 4010 fiuuari
1987 3967 2022 3998 δί
2038 3963 2236 3997 inviolabiliter
2260 3964 2358 3996 obser-

1290 4019 1368 4048 vari,
1525 4041 1528 4044 ,
2324 4037 2365 4072 Et
