2562 4279
127 122 183 170 96

0 206 66 237 kim.
78 203 119 234 D.
135 211 223 243 partes
235 200 360 232 Franciae
372 200 406 231 &
421 198 484 229 alias
502 203 620 227 remotas
639 194 814 233 personaliter
829 191 948 225 visitare:
970 203 1030 232 quo
1042 200 1169 231 tempore
1179 215 1190 231 ‚

12 254 23 274 ι
32 253 96 281 ³24·
136 242 218 272 nobis
231 240 401 276 absentibus,
418 238 493 267 idem
507 235 666 271 Robertus‚
683 233 808 264 seditiose
820 233 853 265 &
866 232 982 264 subdole
1003 231 1099 263 invasit
1113 231 1189 262 Ter-

0 282 58 312 His.
89 291 116 309 2.
135 289 197 311 ram
211 279 301 315 illam,
322 285 405 316 quam
419 275 510 304 adhuc
524 273 560 303 sic
575 272 682 302 detinet
692 280 870 310 occupatam.

172 317 252 348 Idem
266 317 347 346 etiam
370 313 512 343 Robertus
526 334 536 349 ,
554 311 587 341 &
606 310 645 341 sui
659 309 825 350 Complices
837 334 847 348 ,
864 310 898 341 &
913 309 1058 348 Fautores,
1075 313 1190 347 propter

135 356 258 393 ipsorum
278 352 481 382 Inobedientias
502 351 535 381 &
555 348 736 380 Rebelliones
749 371 759 387 ,
781 358 879 380 contra
900 347 1064 378 Romanam
1087 346 1191 377 Eccle-

136 395 202 424 fiam
215 390 401 429 multipliciter
415 390 445 419 in
459 389 512 418 hac
527 396 602 428 parte
621 388 778 418 contractas
791 412 801 426 ,
818 387 983 418 auctoritate
1005 383 1191 426 Apostolica‚

136 429 450 463 Excommunicationis
469 425 612 458 Sententia
631 426 650 445 ³*
669 425 730 456 sunt
749 426 869 456 involuti
886 435 893 454 ε
915 424 972 465 qufi⁴
994 424 1111 455 durante
1132 432 1191 453 non

136 470 247 500 deceret
261 467 341 507 ipfius
361 465 501 496 honorem
516 488 526 503 ,
545 467 574 495 in
595 465 768 502 vituperium
787 463 937 501 Ecclefiae,
952 463 1042 494 taliter
1056 471 1191 501 augmen-

136 508 201 540 tari:
221 505 344 536 maxime
358 504 478 543 Treugis
493 505 564 534 inter
579 513 632 533 nos
644 503 677 534 &
692 502 782 541 ipsum
797 501 974 541 durantibus,
992 511 1052 540 quo
1065 506 1193 539 tempore

137 544 207 577 nihil
229 543 313 574 debet
332 543 480 573 innovari:
501 543 535 573 &
555 541 646 580 posset
667 540 847 571 verisimiliter
865 564 875 579 ,
893 548 929 570 ex
940 540 1016 579 hoc,
1033 541 1064 569 in
1079 537 1193 577 Populo

140 583 267 653 {iispicari
287 581 397 612 Statum
419 581 498 612 suum
511 604 522 620 ,
539 590 572 610 ex
586 579 811 617 Nuncupatione
828 578 1000 618 hujusmodi,
1020 579 1050 609 in
1062 577 1194 617 dignitate

0 439 119 473 *IV-47·

207 620 233 652 ia
248 619 417 651 confirmari.

201 661 286 690 laceat
301 658 405 695 igitur,
421 656 596 696 quaesumus,
610 655 712 688 vestrae
728 655 939 694 Providentiae,
956 653 1099 694 praemiffis
1111 652 1196 692 aequii.

137 699 217 729 lance
232 696 364 736 pensatis,
381 697 409 726 in
423 696 506 726 literis
521 695 618 725 vestris
630 695 657 724 A
698 694 818 735 stolicis,
836 695 871 724 de
884 694 942 732 ipso
963 694 1139 736 mentionem
1153 691 1195 722 fa·

137 737 278 767 cientibus
293 759 302 772 ,
319 734 450 765 Titultim
467 734 625 772 hujusmodi
659 734 799 770 ubticere,
819 733 897 764 sicuti
912 741 975 763 ante
987 741 1046 762 tem
1066 741 1096 761 us
1111 739 1194 760 invo-

135 776 251 805 lutionis
272 773 477 804 Sententiarum
491 796 500 811 ,
524 774 558 803 &
579 772 750 802 inductionis
778 771 960 807 Treugarum
982 780 1038 807 pra:
1061 769 1195 806 ictarum,

137 812 251 851 vestris,
270 813 303 843 ὃς
317 811 556 842 Praedecefforum
569 810 729 841 vestrorum
743 811 935 850 temporibus,
952 808 1011 838 fieri
1025 807 1179 839 consuevit.

176 851 221 881 Ad
244 852 308 881 haec
323 873 333 888 ,
352 849 433 880 Pater
455 849 558 880 Sani&
572 872 582 887 ,
600 850 636 878 ne
656 849 875 886 obloquentium
897 847 1039 877 temeraria
1054 844 1195 888 Praesum-

138 891 217 928 ptio,
235 888 287 920 suis
301 889 446 927 relatibus,
464 897 540 918 aures
555 895 737 917 commoveat
753 886 849 916 vestrae
864 886 969 923 pietatis
982 892 1080 915 contra
1094 892 1194 913 verita-

137 937 200 959 tem
213 929 251 958 rei
284 927 367 965 estae,
384 926 544 957 Paternitati
561 925 659 955 vestrae
678 924 807 955 duximus
822 922 1027 967 intimandum,
1044 921 1125 966 quod
1143 932 1196 965 ntu-

138 977 208 1005 per,
224 937 287 1005 ροῇ
300 965 417 996 sedatam
429 964 639 996 Turbationem
663 964 692 993 in
713 963 817 1002 Regno
833 962 931 992 nostro
947 961 1082 994 (vufftorii
1096 960 1195 1003 nobis,

138 1004 176 1035 de
191 1004 292 1034 nostris
309 1004 434 1034 Iiiimicis
456 1004 490 1034 ὅ(
511 1002 678 1032 Rebellibus
692 1025 702 1039 ,
721 1000 813 1031 divina
836 999 1028 1039 providentii,
1043 998 1194 1035 attributa)

140 1043 286 1073 transitum
306 1042 423 1072 fecimus
442 1050 490 1080 per
511 1040 627 1071 diversas
647 1049 734 1080 partes
755 1039 823 1070 dieti
840 1039 955 1076 Regni,
973 1048 1026 1076 pro
1041 1036 1195 1081 Reforma-

140 1083 221 1112 tione
230 1081 420 1118 tranquilitatis
431 1081 464 1111 &
477 1080 575 1119 quietis
595 1079 698 1117 Populi
711 1078 814 1117 nostri,
833 1078 866 1109 ὅ(
881 1077 1104 1108 Malefactorum
1120 1075 1195 1106 inso-

138 1119 232 1150 lentiis
245 1119 417 1150 cohibendis.

179 1157 218 1188 Et
238 1157 307 1188 cum
330 1158 413 1187 nobis
434 1156 524 1187 fuisset
538 1180 548 1195 ,
571 1155 626 1186 fide
645 1154 730 1195 digna
752 1155 900 1186 Relatione
913 1178 924 1193 ,
948 1154 1070 1185 delatum
1084 1176 1094 1191 ,
1114 1151 1194 1196 quod

140 1196 236 1227 Adam
246 1219 254 1233 ‚
273 1195 486 1226 Herefordensis
499 1195 653 1233 Episcopus
667 1217 676 1232 ,
694 1193 834 1224 adhaerens
849 1193 936 1223 fuerat
956 1193 1037 1223 dietis
1049 1191 1172 1222 Inimicis
1186 1213 1196 1228 ‚

139 1235 177 1265 &
193 1235 232 1264 eis
244 1234 433 1272 consentiens,
453 1235 487 1265 &
502 1233 648 1269 auxilians,
665 1231 799 1279 quodque
810 1231 880 1269 ipsos
894 1233 923 1261 in
936 1230 1072 1261 Maneriis
1085 1229 1136 1273 suis
1154 1238 1197 1259 re-

140 1280 297 1311 ceptaverat
311 1295 321 1311 ,
343 1273 376 1303 &
398 1273 436 1302 eis
450 1294 460 1310 ,
485 1274 513 1301 in
534 1271 703 1301 Rebellione
726 1270 771 1300 sua
792 1277 890 1300 contra
903 1278 954 1299 nos
969 1268 1196 1306 perdurantibus,

137 1311 292 1342 subsidium
312 1311 416 1341 fecerat
434 1311 469 1340 de
485 1309 660 1340 Hominibus
676 1307 711 1338 ad
731 1318 809 1338 arma
824 1331 834 1346 ,
859 1306 946 1346 Equis
957 1330 967 1345 ,
986 1308 1019 1338 &
1040 1307 1197 1337 Armaturis

142 1349 325 1388 (participans
345 1348 449 1379 eisdem
461 1350 490 1378 in
510 1348 627 1378 crimine
639 1346 727 1376 Laefae
748 1345 918 1383 Majestatis)
936 1354 1107 1384 quamquam
1123 1345 1198 1382 rigo-

141 1388 228 1418 rofiiis
248 1395 346 1417 contra
366 1387 453 1424 ipsum
474 1384 654 1425 potuissemus
673 1384 832 1422 proceffisse
847 1407 857 1423 ,
876 1384 967 1422 ipsum
979 1383 1013 1414 ad
1027 1383 1197 1414 Parliamen-

141 1434 206 1456 tum
220 1425 349 1456 nostrum
364 1424 461 1463 (quod
474 1426 529 1460 jam
544 1423 615 1463 apud
635 1422 923 1453 &Vestmonasterium
941 1422 1097 1459 tenuimus)
1118 1431 1198 1452 man-

141 1463 270 1494 davimus
288 1463 429 1501 accersiri,
448 1463 500 1500 &,
519 1463 547 1492 in
571 1461 715 1501 praesentia
734 1461 940 1492 venerabilium
962 1460 1079 1491 Patrum
1092 1482 1102 1498 ,
1120 1459 1198 1490 Can-

141 1502 295 1539 tuariensis‚
312 1501 460 1538 Eborum,
478 1502 511 1531 ὃς
534 1499 739 1537 Dubliniensis,
757 1499 1061 1538 Archiepiscoporum,
1079 1499 1113 1529 &
1128 1499 1198 1528 alio-

142 1550 208 1611 Eum
226 1539 435 1578 Episcoporum
447 1562 457 1578 ,
475 1539 509 1570 δε
522 1538 713 1577 Magnamm,
730 1538 833 1577 alloqui
853 1539 972 1569 fecimus
985 1537 1063 1577 super
1075 1535 1197 1576 praemis-

165 1589 192 1610 s:

180 1617 235 1655 Et,
249 1617 314 1657 quia
327 1617 411 1647 nobis
424 1615 490 1646 inde
503 1615 549 1645 res
581 1614 666 1645 ndere
677 1624 737 1645 non
751 1616 879 1653 curavit,
904 1615 938 1646 ad
951 1615 1148 1654 inquirendum
1165 1614 1201 1645 de

141 1656 255 1688 veritate
274 1656 426 1686 criminum
443 1653 530 1691 praedi
561 1663 645 1684 orum
660 1676 670 1692 ,
685 1653 839 1684 secundum
861 1655 968 1694 Legem
990 1655 1023 1684 &
1038 1652 1199 1684 Consuetu-

141 1692 239 1725 dinem
258 1691 355 1731 Regni
373 1692 486 1731 nostri,
503 1692 632 1723 duximus
645 1692 881 1729 procedendum,
907 1691 1131 1731 compertoque,
1149 1702 1198 1730 per

141 1733 299 1772 legitimam
319 1731 530 1770 inquisitionem
543 1753 553 1769 ,
577 1730 656 1769 quod
675 1730 803 1768 praefatus
825 1730 928 1768 Episco
947 1742 979 1761 us
1000 1741 1060 1761 reus
1082 1740 1139 1760 erat
1162 1730 1198 1761 de

140 1771 277 1801 omnibus
298 1769 458 1809 supradietis
470 1792 480 1808 ,
498 1768 680 1807 Temporalia
701 1768 884 1808 Episcopatus
904 1770 975 1799 ilius
988 1769 1067 1800 seisiri
1081 1769 1199 1799 fecimus

141 1810 172 1840 in
185 1817 300 1839 manum
308 1807 435 1838 nostram
448 1831 457 1847 ,
475 1808 508 1838 &
522 1806 613 1844 ipsum
628 1805 801 1845 Episcopum
810 1830 820 1845 ,
835 1816 967 1846 tanquam
981 1807 1151 1838 convictum
1164 1808 1200 1838 de

142 1847 247 1877 eisdem
261 1870 271 1885 ,
287 1847 421 1884 quatenus
442 1846 476 1876 ad
496 1844 613 1875 Curiam
634 1844 757 1874 nostram
782 1846 901 1883 pertinet
955 1846 995 1876 ob
1015 1847 1200 1878 reverentiam

143 1885 313 1924 Episcopalis
328 1884 458 1921 Ordinis,
477 1883 630 1926 dimisimus
642 1883 670 1912 in
684 1883 749 1913 foro
764 1882 897 1914 Ecclesiae
907 1868 1111 1924 judicandum.

181 1922 328 1954 Caeteriim
348 1922 385 1953 de
406 1921 624 1951 Posseffionibus
666 1921 790 1952 uondam
818 1921 848 1951 T
858 1931 876 1951 E
886 1931 913 1952 Μ
922 1931 966 1952 PL
976 1933 994 1953 A
1005 1933 1027 1953 R
1038 1933 1049 1953 1
1059 1933 1079 1952 o
1088 1933 1111 1953 R
1121 1932 1144 1953 u
1154 1931 1180 1953 M
1190 1946 1200 1962 ,

141 1961 247 1991 Ordini
260 1960 376 1991 fratrum
390 1959 541 1998 Hospitalis
554 1959 638 1989 sandii
645 1931 785 1998 (johannis
794 1959 945 1998 Jerusalem
953 1961 1138 2000 applicandis(
1150 1963 1198 1993 cui

140 1999 288 2037 Comites,
304 1998 440 2035 Barones,
457 1998 491 2028 &
512 1996 726 2040 aliihMagnates
740 2021 749 2036 ,
768 1998 804 2028 de
825 1998 904 2028 dicto
921 1999 949 2029 R
987 2010 1042 2038 no,
1066 1999 1200 2031 haetenus

139 2038 293 2069 nullatenus
313 2036 544 2072 consentierunt)
564 2046 593 2065 in
613 2034 692 2066 didio
712 2035 901 2067 Parliamento
921 2047 961 2067 no
1000 2047 1019 2067 o
1036 2061 1046 2076 ,
1062 2039 1103 2068 ob
1119 2048 1200 2068 reve-

140 2077 257 2107 rentiam
273 2074 352 2106 Sedis
366 2074 539 2114 Apostolicae
573 2072 612 2103 est
628 2075 665 2104 ita
679 2074 845 2112 trinitatum,
882 2075 941 2105 uod
963 2075 1041 2107 Bona
1055 2075 1199 2107 dierorum

140 2114 173 2144 T
181 2123 198 2145 a
207 2121 289 2182 ³21pr
298 2124 318 2145 Α
327 2122 351 2144 R
361 2122 372 2143 1
382 2123 402 2143 o
412 2121 436 2143 R
445 2121 468 2144 u
478 2121 506 2147 M
519 2097 711 2150 Hospitelariis
718 2112 859 2151 praedietis
900 2122 918 2143 P
928 2123 946 2145 iz
955 2123 978 2146 R
988 2123 1008 2144 Α
1016 2123 1044 2146 Μ
1053 2123 1076 2145 υ
1085 2124 1098 2146 s
1111 2124 1202 2146 rema.

140 2163 208 2184 nere
240 2163 255 2182 e
279 2162 331 2182 ere.

177 2191 216 2222 Su
236 2201 266 2221 er
279 2190 425 2229 praemissis
441 2198 536 2222 autem
577 2192 611 2222 &
627 2190 784 2230 aliquibus,
806 2191 919 2222 diversis
940 2192 974 2223 δε
987 2192 1093 2232 arduis,
1112 2203 1200 2233 nego-

140 2230 201 2268 tiis,
217 2200 327 2261 gtatum
348 2229 478 2260 Ducatsis
497 2239 536 2259 no
564 2230 584 2258 ti
601 2228 757 2268 Aquitaniae
778 2231 1010 2269 contingentibus
1025 2233 1107 2271 (quae
1123 2233 1200 2263 mul-

139 2277 203 2299 tum
227 2267 343 2298 insident
365 2268 449 2298 nobis
469 2267 575 2304 cordi)
601 2267 636 2297 de
657 2268 756 2306 quibus
772 2291 781 2306 ,
806 2269 922 2300 dilectus
945 2268 1074 2300 Clericus
1087 2269 1200 2309 noster,

139 2306 279 2337 Arnaldus
301 2306 336 2336 de
357 2305 462 2336 Gardia
475 2328 485 2344 ,
508 2304 672 2336 Canonicus
691 2306 837 2336 Abbiensis
850 2330 860 2345 ,
885 2307 926 2337 est
946 2308 1112 2339 informatus
1126 2332 1136 2347 ,
1152 2319 1200 2346 per

136 2344 264 2374 eundem
284 2343 367 2373 vobis
386 2343 575 2383 exponendis,
594 2344 684 2380 ipsum
707 2344 780 2381 apud
799 2345 920 2375 vestram
943 2346 1126 2376 Sanctitatem
1149 2348 1199 2378 be-

141 2383 245 2421 nigne,
262 2381 419 2420 quaesumus
432 2404 442 2419 ‚
456 2382 566 2424 admitti
579 2403 589 2418 ,
605 2382 637 2411 &
651 2383 677 2411 ei
691 2404 701 2420 ,
720 2383 748 2412 in
762 2383 887 2414 dicendis
901 2405 911 2421 ,
930 2383 1016 2414 fidem
1029 2384 1174 2416 indubiam
1188 2408 1199 2425 ,

144 2421 179 2450 ad
194 2420 320 2449 vestram
334 2419 542 2457 Clementiam,
557 2418 690 2449 adhiberi.

181 2457 357 2495 conservet,
376 2458 436 2488 &c.

218 2495 286 2527 Dat.
306 2495 377 2533 apud
394 2494 700 2535 Westmonasterium‚
718 2498 812 2534 primo
827 2498 872 2528 die
887 2497 997 2537 Aprilis.

191 2620 241 2654 De
258 2621 468 2666 Prorogatione
485 2621 602 2666 Trmgae
617 2617 849 2700 itlzrezlSubditos
869 2622 955 2667 Regis
979 2623 1014 2658 ό
1035 2623 1158 2655 Comitis

604 2670 632 2700 F
643 2680 681 2700 an
704 2671 761 2701 riae.

0 2771 73 2803 Anu·
88 2767 129 2800 D.
147 2752 271 2814 REX
296 2756 430 2786 omnibus
450 2754 558 2787 Ballivis
578 2754 611 2785 &
632 2753 772 2785 Fidelibus
793 2753 844 2784 suis
857 2776 867 2792 ,
887 2753 921 2784 ad
940 2763 1026 2793 quos,
1043 2755 1103 2787 &c.
1123 2755 1202 2787 Salu-

218 2802 286 2823 tem.

0 2818 102 2883 ‘323²ss
184 2830 282 2862 Sciatis
293 2832 391 2871 quod,
406 2833 475 2862 cum
491 2840 593 2871 nuper,
610 2831 644 2861 ad
660 2830 883 2869 requisitionem,
902 2830 1020 2862 Nobilis
1044 2831 1122 2868 Viri,
1141 2830 1203 2862 Lo—

0 2891 20 2915 Ε
42 2870 59 2913 '2
108 2869 114 2875 '
147 2869 251 2910 dovyci
263 2869 385 2900 Comitis
398 2869 532 2900 Flandriae
546 2871 578 2900 ὃ(
593 2869 627 2898 N
630 2870 759 2907 iverniae,
777 2869 938 2908 Treugam,
955 2870 1035 2908 super
1049 2869 1205 2900 Dissensio-

23 2909 28 2914 '
65 2907 70 2913 '
148 2908 231 2938 nibus
245 2931 255 2947 ,
277 2909 348 2938 inter
366 2907 478 2938 nostros
491 2931 500 2946 ,
519 2908 551 2937 ὃς
573 2907 634 2937 suos
656 2907 786 2938 Subditos
799 2908 916 2944 exortis,
933 2909 1048 2947 initam,
1066 2908 1151 2946 usque
1169 2909 1203 2939 ad

149 2946 265 2977 Festum
287 2946 382 2977 Sancti
404 2945 553 2976 Michaelis
571 2946 704 2982 proximo
725 2947 896 2982 praeteritum
925 2946 1085 2978 duraturam
1100 2970 1109 2985 ,
1135 2946 1204 2977 ultra

148 2984 225 3015 idem
247 2984 363 3015 Festum
376 3007 387 3022 ,
403 2984 488 3023 usque
508 2984 542 3014 ad
562 2983 678 3013 Festum
699 2983 810 3014 Paschae
831 2984 964 3021 proximo
980 2986 1037 3024 jam
1057 2985 1202 3024 futurum,

148 3023 316 3054 duxissemus
331 3022 539 3061 prorogandam
554 3033 564 3059 ·,
581 3021 651 3051 dum
672 3030 767 3051 tamen
788 3022 880 3052 dietus
901 3022 1009 3053 Comes
1024 3023 1205 3063 Prorogatio-

149 3071 217 3130 rigisn
231 3061 408 3105 hujusmodi,
425 3062 454 3091 in
468 3059 560 3091 Terra
576 3059 622 3090 sua
638 3060 772 3098 praediista
781 3083 790 3098 ,
803 3061 939 3100 publicari
952 3062 1053 3094 faceret
1067 3063 1101 3094 &
1117 3063 1203 3093 etiam

148 3109 168 3129 o
199 3109 300 3130 ervan:

187 3138 232 3169 Ac
246 3148 298 3168 nos
313 3139 387 3175 iam,
406 3136 440 3167 ad
453 3135 630 3167 consimilem
645 3136 868 3174 requisitionem,
885 3147 919 3167 cx
932 3147 1008 3175 parte
1021 3139 1127 3176 praefati
1140 3139 1203 3170 Co-

150 3177 226 3206 mitis
242 3199 251 3214 ,
270 3177 353 3206 nobis
373 3176 478 3206 factam
520 3175 667 3213 Treugam
681 3197 691 3213 ,
712 3176 790 3213 super
812 3175 1033 3207 Dissensionibus
1047 3178 1205 3217 praedietis,

149 3214 219 3245 ultra
234 3214 344 3244 dic'tum
357 3213 471 3244 Festum
511 3212 618 3249 aschae,
632 3213 651 3231 ³*
663 3222 712 3252 per
724 3222 811 3243 unum
824 3223 929 3243 annum
945 3217 1077 3251 proximo
1091 3216 1206 3254 sequen-

149 3261 210 3282 tem
225 3252 345 3290 plenarie
359 3251 549 3290 completum,
567 3251 616 3282 sub
629 3251 838 3283 conditionibus
853 3251 1026 3290 infrascriptis
1038 3255 1206 3284 continuan-

148 3291 215 3321 dam
235 3290 396 3321 duxerimus
421 3291 454 3320 &
475 3291 559 3319 etiam
579 3289 788 3329 prorogandam
802 3301 812 3327 ε,
827 3289 899 3319 dum
921 3298 1016 3320 tamen
1032 3290 1123 3321 dictus
1143 3292 1206 3322 Co-

150 3338 213 3359 mes
225 3328 462 3368 Prorogationem
476 3328 508 3358 &
524 3326 781 3358 Continuationem
795 3327 953 3365 hujusmodi
970 3351 979 3367 ,
996 3330 1025 3359 in
1048 3329 1139 3360 Terra
1159 3330 1206 3361 sua

149 3366 303 3407 praedidta,
323 3367 456 3404 publicari
470 3367 551 3396 faciat
564 3366 597 3395 &
613 3367 700 3396 etiam
714 3366 866 3396 observari:

190 3405 259 3436 Nos
268 3428 277 3443 ,
292 3405 419 3434 volentes
431 3404 578 3442 Treugam
594 3403 685 3442 illam,
704 3404 741 3434 lic
754 3405 947 3435 continuatam
961 3405 994 3436 &
1007 3414 1188 3445 prorogatam
1198 3430 1208 3445 ,

150 3445 182 3474 in
201 3444 335 3473 omnibus
357 3443 520 3480 observari,
537 3440 704 3479 suscepimus
722 3443 749 3472 in
769 3441 875 3472 salvum
896 3444 929 3473 ὃς
942 3442 1070 3474 securum
1086 3443 1207 3475 Condu-

150 3483 232 3528 ctum
245 3480 393 3520 nostrum,
411 3479 471 3517 &aa
483 3486 563 3519 prout
577 3478 662 3518 stapra
678 3480 709 3510 de
723 3481 782 3510 dat.
801 3490 840 3510 22
853 3480 918 3519 Jul‚
937 3482 1014 3521 usque
1029 3482 1084 3512 haec
1102 3482 1205 3520 verba,-

151 3531 213 3550 wz.
618 3527 623 3531 '

189 3556 274 3588 Dum
286 3564 380 3587 tamen
396 3556 604 3588 Mercatoribus
612 3556 727 3594 nostriS,
747 3557 777 3586 in
789 3556 867 3588 dicta
882 3557 975 3588 Terra
989 3558 1141 3596 Flandriae,
1161 3568 1207 3590 ea-

152 3596 221 3627 dem
242 3595 403 3625 immunitas
423 3595 584 3626 observetur
598 3606 608 3633 z,
624 3595 657 3626 &
679 3594 868 3633 Mercatores‚
887 3596 919 3626 &
933 3596 995 3634 alii,
1016 3596 1052 3626 de
1066 3596 1208 3628 Potestate

153 3634 221 3664 dieti
237 3631 377 3672 Comitis,
392 3642 491 3664 contra
506 3642 634 3667 tenorem
649 3632 791 3672 praedietae
805 3633 899 3664 Cartae
914 3634 1017 3664 nostrae
1030 3635 1066 3664 de
1080 3635 1208 3674 Stapula,

151 3673 304 3738 {iciicquartrli
317 3681 375 3701 non
391 3679 571 3712 attemptent,
589 3671 628 3702 set
642 3671 734 3702 eidem
749 3671 869 3711 Stapulae
888 3673 916 3702 in
930 3673 1062 3704 omnibus
1075 3673 1209 3705 obediant

205 3717 279 3738 interi
299 3718 359 3741 ant:

184 3744 231 3788 „Et
250 3745 315 3788 ideo
333 3747 413 3777 vobis
428 3747 690 3787 mandamus-quod
707 3747 885 3780 Hominibus
904 3772 913 3787 ,
931 3749 1154 3788 Mercatoribus,
1174 3750 1207 3781 &

154 3781 214 3813 this
230 3781 267 3812 de
286 3782 362 3813 diist&
384 3785 475 3816 Terra
494 3785 632 3816 Flandriae
646 3809 656 3824 ,
674 3788 703 3816 in
718 3786 858 3817 veniendo
871 3789 899 3818 in
912 3787 1048 3826 Regnum
1062 3787 1209 3828 nostrum,

154 3818 216 3854 &c.
225 3826 305 3865 prout
319 3821 350 3849 de
364 3824 445 3851 Data
458 3824 611 3864 antediaela,
636 3831 700 3853 tunc
720 3834 760 3861 tc,
778 3828 840 3855 viz.

191 3856 278 3900 Dum
291 3865 385 3901 tamen
398 3859 604 3893 Mercatoribus
620 3862 736 3901 nostris,
755 3863 785 3892 in
798 3863 874 3894 dicta
888 3864 980 3895 Terra
995 3865 1132 3895 Flandriae
1141 3887 1150 3903 ,
1164 3874 1209 3896 ea-

154 3895 222 3926 dem
242 3903 402 3927 immunitas
422 3898 583 3930 observetur
596 3923 606 3939 ,
621 3900 655 3931 &
674 3899 848 3932 Mercatores
861 3925 871 3940 ,
889 3903 923 3933 ὅ(
938 3903 1000 3942 alii,
1019 3903 1055 3934 de
1067 3903 1209 3934 Potestate

154 3933 226 3966 dicti
248 3931 370 3964 Comitis
383 3956 392 3972 ‚
416 3944 515 3968 contra
535 3945 663 3970 tenorem
681 3938 767 3979 dicha
788 3939 883 3972 Cartae
901 3940 1005 3974 nostrae
1024 3941 1061 3974 de
1073 3940 1187 3987 Stapulfi
1199 3963 1210 3980 ‚

0 2929 55 2954 Par.
73 2933 113 2959 ¹7·

0 2968 26 2991 E.
49 2973 74 2990 2.

0 3008 23 3039 p.
43 3011 69 3028 2.

0 3049 34 3067 m.
56 3048 100 3075 ²3·

0 3074 129 3112 ²¹¹IV,48.

1 3220 131 3258 *Iv,48.

616 98 1854 151 CONVENTIONE85L1TERAE‚

1249 191 1378 230 uicquam
1400 199 1459 220 non
1480 194 1647 232 attemptent
1662 210 1673 227 ,
1688 187 1728 218 set
1747 186 1840 217 eidem
1859 184 1979 224 Stapulae
1999 187 2030 216 in
2042 189 2193 230 omnibus,
2209 188 2279 222 obe·
2295 180 2372 213 Ann-
2386 180 2429 212 D·

1250 230 1254 235 '
1292 238 1321 267 t,
1339 228 1408 259 sicut
1420 227 1590 268 praedietum
1604 226 1653 256 est.
1983 263 1988 268 .
2315 229 2400 260 1324·

1264 267 1298 297 In
1313 267 1392 305 cujus
1406 289 1416 304 ‚
1429 267 1488 298 &c
1506 265 1589 305 usque
1602 264 1636 295 ad
1651 263 1767 294 Festum
1785 262 1898 294 Paschae
1911 264 2043 302 proximo
2063 262 2210 304 futurum,
2226 268 2279 306 &‚
2296 262 2362 288 Edu.
2384 269 2410 286 2-

1227 306 1264 336 ab
1278 305 1382 336 eodem
1395 304 1496 341 Festo,
1513 313 1562 344 per
1575 312 1666 334 unum
1678 311 1802 340 annum,
1820 302 1954 340 proximo
1967 301 2144 342 sequentem,
2160 305 2279 342 plenarie

1229 343 1861 422 cosspffguffekguazaggnxisvestmonasterium,
1878 378 1973 419 primo
1986 377 2032 409 die
2046 377 2157 416 Aprilis.

1920 456 1974 485 Per
1985 455 2065 494 ipsicm
2078 458 2182 494 Regem.

1339 586 1432 629 Super
1446 582 1525 623 fasta
1538 612 1548 629 ,
1574 583 1711 629 Castrum
1728 580 1763 614 de
1780 583 1890 615 Monte
1907 577 2016 626 Peffito
2034 590 2180 630 tangente.

1303 667 1369 698 EX
1384 691 1394 706 ‚
1412 667 1520 700 dilectis
1539 669 1573 700 δε
1592 668 1717 700 fidelibus
1734 668 1786 698 luis
1799 689 1808 706 ‚
1826 667 1951 697 Tenenti
1966 666 2064 698 locum
2082 666 2232 698 Senescalli
2248 666 2286 698 sui
2304 671 2431 706 Annjj,

1311 705 1477 745 Vaseoniae,
1493 707 1537 737 vel
1553 707 1615 738 alias
1628 707 1779 738 Ducatum
1807 705 1954 736 raediecum
1969 705 2107 745 Regenti,
2125 706 2158 737 &
2171 705 2286 736 Rober-
2322 720 2406 751 ¹324·

1232 751 1264 811 ἑο
1280 743 1330 812 des
1338 744 1465 812 ¹Shirland
1480 768 1490 784 ,
1508 744 1613 784 Maiori
1632 745 1760 777 Civitatis
1788 754 1832 775 uae
1845 743 2028 783 Burdegaliae,
2046 753 2079 775 ac
2094 753 2194 775 eorum
2205 745 2286 776 cuili-
2300 754 2353 779 An.
2372 761 2417 787 17·

1254 790 1281 812 et
1324 792 1337 812 a
1348 791 1438 813 utem.
2302 794 2334 818 E.
2349 799 2376 818 2.

1268 805 1356 851 Fiima
1375 821 1448 861 apud
1470 831 1522 852 nos
1537 822 1672 853 referente
1683 845 1693 860 ,
1713 822 1747 852 &
1760 821 1823 852 alias
1836 820 2028 861 multipliciter
2041 820 2082 852 est
2095 820 2196 852 nostris
2214 822 2286 853 auri·
2302 828 2369 864 Vasc.
2391 837 2440 863 17.v

1230 858 1282 888 bus
1295 859 1458 890 intimatum
1470 882 1480 898 ,
1498 861 1577 899 quod
1617 859 1792 897 Magnificus
1815 858 1965 899 Princeps,
1984 859 2130 890 Dominus
2148 859 2286 900 Karolus,
2301 871 2332 893 E.
2350 875 2376 893 2.

1230 896 1354 927 Franciae
1374 898 1407 928 δε
1422 897 1562 928 Navarrae
1582 884 1647 929 Rex
1668 897 1780 929 Illustris
1793 920 1803 936 ,
1820 897 1913 928 Frater
1932 898 2027 930 noster
2046 898 2225 936 Cariffimus,
2243 900 2287 929 in·
2302 913 2340 933 m,
2359 915 2389 940 4.

1231 942 1344 973 gentem
1373 936 1583 966 multitudinem
1611 936 1796 967 Armatorum
1820 935 1850 965 in
1873 935 1994 967 Terram
2016 937 2140 967 nostram
2160 937 2289 968 Ducatfis

1450 976 1595 1043 asse
1617 972 1989 1048 faedM
2134 976 2230 1045 <³003
2247 975 2289 1007 est

1230 1049 1369 1081 destinare
1384 1053 1534 1096 proponit,
1552 1022 1648 1095 qugd,
1665 1050 1685 1080 si
1701 1049 1865 1095 procederet
1880 1035 2051 1095 (quod-{biit
2058 1023 2289 1088 §xigugrfflopentk

1231 1089 1486 1131 &4Turbationem
1509 1089 1612 1129 Populi
1634 1088 1722 1119 nostri
1744 1087 1876 1118 Ducatus
1890 1087 2017 1126 praedieti
2034 1089 2084 1126 (ad
2104 1092 2182 1128 cujus
2194 1091 2288 1122 Tran-

1231 1127 1385 1165 quilitatem
1399 1129 1432 1160 &
1450 1129 1588 1167 Quietem
1598 1126 1799 1166 procurandaS,
1817 1126 1850 1157 &
1871 1124 1984 1164 Injurias
1999 1127 2032 1158 &
2044 1127 2196 1160 Violentias
2207 1130 2289 1161 inde-

1232 1166 1330 1234 bitas-f(
1338 1166 1430 1235 {dem
1447 1167 1558 1207 Populo
1578 1168 1780 1206 irrogarentur)
1799 1164 1993 1204 propulsandas
2013 1168 2158 1203 tenemur)
2175 1168 2286 1200 cederet

1235 1213 1311 1234 mani
1325 1215 1340 1235 e
1366 1215 1394 1235 e:

1271 1243 1339 1273 Nos
1356 1245 1437 1283 igitur
1452 1268 1462 1283 ,
1479 1245 1603 1276 volentes
1620 1245 1698 1282 super
1717 1243 1812 1281 facito,
1829 1240 1940 1273 dietum
1961 1241 2095 1273 Castrum
2109 1244 2291 1285 contingente

1230 1280 1270 1316 (fi
1286 1282 1362 1318 quod
1379 1283 1427 1319 sit)
1448 1283 1554 1320 plenius
1567 1283 1726 1320 informari,
1744 1282 1778 1313 &
1793 1281 1893 1324 de-e0‚
1911 1280 1990 1319 quod
2007 1281 2072 1312 inde
2087 1290 2136 1321 per
2151 1292 2202 1313 nos
2219 1293 2290 1315 con-

1232 1318 1327 1350 sultius
1339 1320 1423 1351 fuerit
1437 1321 1597 1352 faciendum
1607 1345 1616 1360 ,
1634 1331 1683 1361 per
1697 1330 1749 1351 vos
1761 1319 1836 1350 effici
1850 1320 1998 1357 certiores;

1271 1358 1361 1389 Vobis
1377 1381 1386 1397 ,
1405 1360 1439 1390 &
1462 1360 1590 1391 vestrum
1610 1360 1727 1391 cuilibet
1741 1381 1751 1397 ,
1771 1358 1954 1396 mandamus,
1972 1357 2087 1389 firmiter
2101 1358 2291 1399 injungenteS,

1232 1397 1329 1464 quod,
1349 1399 1455 1428 vocatis
1474 1400 1587 1441 primo,
1605 1399 1638 1429 &
1660 1407 1710 1437 per
1722 1396 1768 1435 se,
1783 1397 1834 1426 illis
1853 1395 1890 1426 de
1901 1395 2038 1427 Concilio
2050 1396 2150 1427 nostro
2169 1399 2290 1436 pai-tium

1233 1436 1342 1466 ilatum
1358 1459 1368 1475 ,
1385 1446 1456 1476 quos
1475 1438 1597 1468 videritis
1616 1435 1778 1467 evocandos
1790 1458 1800 1473 ,
1822 1434 1901 1474 super
1921 1434 1999 1465 faCto
2014 1458 2023 1472 ,
2040 1437 2223 1475 contingente
2235 1436 2293 1467 Ca-

1234 1472 1322 1504 strum
1358 1475 1505 1506 raedicmm
1523 1475 1561 1514 (fi
1572 1475 1650 1516 quod
1666 1475 1767 1510 fuerit)
1782 1481 1889 1511 quanto
1903 1473 2032 1504 secretius
2043 1474 2076 1504 &
2090 1475 2198 1505 cautius
2210 1484 2293 1512 pote-

1234 1512 1292 1542 ritis
1301 1536 1309 1548 ,
1357 1513 1484 1544 onsilium
1498 1516 1531 1546 &
1546 1513 1788 1544 Deliberationem
1802 1511 1923 1542 habeatis
1936 1512 1982 1541 dili
2001 1520 2112 1550 entem,
2131 1514 2164 1544 &
2177 1514 2291 1544 ulterius

1233 1550 1446 1582 Avisamentum
1461 1553 1494 1583 &
1516 1551 1674 1583 Consilium
1693 1551 1833 1582 Baronum
1853 1550 1886 1580 ὃς
1901 1547 1983 1580 Nobi
1997 1552 2072 1589 'um‚
2092 1550 2224 1584 Ducatiis
2240 1562 2292 1583 no-

1233 1588 1282 1619 stri
1301 1590 1429 1629 praedic'ti
1445 1613 1455 1628 ,
1473 1601 1505 1621 ac
1522 1590 1793 1627 Communitatum,
1812 1586 1987 1626 Civitatum,
2007 1589 2040 1620 &
2054 1589 2194 1621 bonarum
2206 1590 2290 1621 Villa-

1234 1636 1298 1657 rum
1312 1627 1470 1659 nostrarum
1493 1630 1522 1659 in
1544 1629 1647 1660 eodem
1668 1629 1784 1660 Ducatu
1799 1650 1808 1665 ,
1826 1626 1918 1666 quod,
1942 1627 2092 1666 videlicet,
2108 1628 2195 1660 iidem
2209 1629 2294 1660 Baro-

1234 1676 1299 1703 neS,
1322 1666 1448 1697 Nobiles
1463 1690 1473 1705 ‚
1497 1668 1531 1698 δε
1550 1667 1777 1698 Communitates
1796 1665 1910 1696 sentiant
1929 1665 1958 1695 in
1974 1665 2027 1697 hac
2049 1674 2142 1706 parte,
2177 1677 2209 1699 ro
2223 1667 2294 1706 Jure

1233 1704 1350 1744 nostro,
1369 1706 1402 1737 &
1415 1705 1463 1736 suo
1477 1705 1670 1737 conservando
1684 1730 1693 1745 ,
1711 1706 1796 1736 tutius
1814 1703 1975 1734 faciendum
1990 1727 2000 1742 ‚
2026 1713 2132 1742 quanto
2158 1707 2291 1744 ceretius,

1233 1743 1340 1773 cautius
1354 1766 1364 1782 ,
1379 1744 1414 1774 &
1434 1744 1585 1775 consultius
1606 1745 1730 1782 poteritis
1742 1766 1752 1778 ,
1769 1743 1908 1780 inquirere
1928 1743 1962 1785 ὃς
1977 1741 2112 1781 vestigare
2132 1744 2239 1777 solicite
2256 1745 2291 1777 &

1234 1790 1301 1811 curn
1322 1783 1404 1812 omni
1422 1782 1562 1821 diligentia
1581 1783 1708 1820 curetis,
1729 1781 1762 1812 &
1779 1790 1880 1812 eorum
1902 1780 2114 1812 Aviiamentum
2136 1783 2169 1814 δε
2185 1782 2290 1815 Consi-

1234 1819 1322 1858 lium,
1339 1829 1454 1851 necnon
1476 1822 1509 1852 &
1525 1820 1651 1851 vestrum
1662 1844 1670 1858 ,
1689 1830 1722 1851 ac
1743 1820 1860 1850 aliorum
1875 1818 1911 1848 de
1925 1817 2064 1850 Concilio
2079 1819 2177 1851 nostro
2197 1822 2298 1859 praedi-

1237 1857 1352 1888 &torum
1394 1858 1473 1903 super
1494 1858 1597 1890 eodem
1611 1859 1686 1890 facito
1701 1882 1712 1898 ,
1729 1857 1861 1889 distincte
1875 1857 1908 1888 &
1920 1860 2032 1897 aperte,
2048 1859 2132 1890 nobis
2144 1860 2296 1892 rescribere

1237 1906 1296 1926 non
1311 1904 1337 1926 ta
1371 1905 1429 1927 etis.

1269 1933 1358 1966 Teste
1369 1934 1452 1976 Rege
1462 1936 1539 1976 apud
1553 1935 1692 1977 Langele,
1710 1935 1827 1967 decimo
1843 1935 1950 1967 οᾶιινο
1964 1934 2011 1966 die
2024 1935 2133 1975 Aprilis.

1894 2015 1948 2045 Per
1961 2011 2043 2053 ipfitm
2057 2015 2163 2050 Regem.

1235 2158 1344 2200 Bulla,
1362 2159 1452 2205 fhper
1473 2156 1734 2192 Archidiaconatu
1756 2158 1978 2201 Cantuarienfi‚
2005 2156 2163 2191 Cardinali
2177 2157 2294 2191 collato.

1231 2244 1406 2316 JOhannes
1426 2243 1597 2283 Episcopus,
1613 2243 1704 2274 servus
1726 2243 1870 2274 servorum
1885 2242 1960 2281 Dei,
1976 2240 2119 2273 carissimo
2132 2242 2159 2273 in
2174 2238 2294 2273 Christo
2311 2244 2387 2276 Ann.
2401 2245 2444 2276 D.

1283 2282 1356 2312 Filio
1370 2282 1529 2321 Edwardo,
1548 2282 1626 2320 Regi
1647 2282 1760 2319 Angliae
1772 2281 1890 2320 Illustri,
1908 2281 2033 2312 Salutem
2047 2281 2080 2312 &
2100 2281 2294 2321 Apostolicam
2334 2294 2418 2324 ¹324·

1237 2318 1479 2351 Benedici-ionem.
2312 2326 2365 2350 An.
2384 2333 2424 2359 ¹7·

1275 2358 1349 2396 Pro,
1366 2359 1473 2389 dilecto
1489 2358 1562 2388 Filio
1578 2357 1694 2397 nostro,
1712 2357 1879 2389 Raimundo
1894 2358 2005 2389 Sanetae
2019 2358 2121 2389 Mariae
2135 2359 2163 2388 iii
2175 2357 2294 2388 Cosme-
2312 2365 2342 2388 Ε.
2363 2371 2389 2389 2.

1236 2395 1286 2426 din
1308 2396 1444 2428 Diacono
1465 2396 1606 2427 Cardinali
1621 2419 1630 2435 ,
1648 2397 1727 2436 super
1747 2395 1917 2428 assecutione
1936 2397 2021 2427 libers⁴
2041 2395 2294 2427 Archidiaconatfis
2309 2404 2347 2426 Ex
2366 2403 2424 2426 Au-

1238 2433 1442 2466 Cantuariensis
1456 2458 1466 2473 ,
1484 2445 1533 2476 per
1549 2436 1567 2455 ³⁸
1592 2445 1643 2465 nos
1657 2434 1823 2472 Apostolica
1846 2436 1897 2466 fibi
1911 2436 2076 2466 audiorimte
2089 2433 2212 2472 Collati,
2232 2434 2292 2472 plu·
2309 2446 2375 2474 togr.

1237 2474 1290 2503 ries
1304 2474 1372 2512 tibi,
1392 2474 1443 2504 Fili
1458 2473 1592 2504 cariffime
1607 2496 1616 2511 ,
1631 2473 1785 2511 scripsimus
1800 2474 1878 2512 quod
1891 2473 2037 2511 expediens
2050 2481 2226 2512 putaremus,
2241 2474 2294 2502 mi·
2314 2476 2445 2510 *1V.49.

1237 2521 1326 2542 rantes
1345 2513 1401 2547 iam
1417 2535 1427 2549 ,
1444 2521 1478 2542 ex
1499 2511 1632 2543 obaudita
1650 2512 1866 2551 quodammodo
1882 2512 2014 2542 hadienus
2028 2510 2156 2540 Pateruae
2170 2511 2294 2548 scriptio-

1238 2551 1281 2580 nis
1302 2546 1431 2582 instantia
1446 2573 1456 2588 ‚
1477 2550 1608 2581 nondum
1624 2549 1805 2581 Cardinalem
1824 2549 1915 2588 ipsum
1935 2556 2035 2580 votum
2056 2548 2138 2579 suuni
2157 2548 2193 2579 de
2208 2549 2295 2589 gratia

1239 2587 1407 2619 Collationis
1422 2588 1581 2626 hujusmodi
1592 2588 1729 2618 obtinere.

1276 2625 1356 2656 Cum
1372 2627 1453 2664 igitur
1466 2649 1476 2665 ,
1492 2625 1565 2664 apud
1588 2634 1697 2656 tantum
1719 2626 1753 2656 &
1773 2625 1857 2656 talem
1880 2624 1990 2656 Sanetae
2004 2624 2147 2656 Romanae
2161 2625 2300 2657 Ecclefiae

1241 2663 1362 2703 Filium,
1380 2665 1471 2703 speret
1488 2664 1597 2701 semper
1609 2663 1731 2701 ejusdem
1750 2663 1844 2702 Sedis,
1861 2664 1895 2694 ὅ(
1914 2672 2052 2694 mereatur
2068 2665 2232 2703 auctoritas,
2249 2674 2298 2703 ut,

1239 2703 1388 2740 praesertim
1405 2713 1458 2740 pro
1472 2702 1589 2733 notabili
1603 2703 1637 2734 &
1650 2703 1769 2740 merito,
1785 2702 1900 2741 accepti
1917 2702 1998 2732 vobis
2023 2702 2189 2734 conditione
2204 2703 2297 2743 perso-

1238 2750 1284 2771 nae
1294 2740 1448 2772 Cardinalis
1461 2741 1597 2779 ejusdem,
1615 2740 1726 2779 speciali
1738 2740 1920 2780 praerogativa
1933 2741 2085 2778 traetetur3

1277 2779 1459 2810 Serenitatem
1481 2779 1619 2819 Regiam,
1638 2787 1774 2819 quantum
1796 2779 1956 2817 possumus,
1973 2778 2127 2810 affectuose
2150 2789 2296 2819 rogamus,

1240 2817 1273 2849 &
1286 2817 1431 2849 hortamur
1444 2820 1549 2848 attente
1564 2841 1573 2857 ,
1591 2818 1722 2857 quatinus
1735 2841 1745 2855 ,
1762 2818 1908 2848 inculcatis
1924 2817 2080 2855 hujusmodi
2095 2818 2300 2856 Scriptionibus

1240 2855 1357 2895 nostris,
1373 2856 1406 2887 ad
1421 2856 1559 2887 effedfflm
1577 2856 1688 2896 speratae
1703 2856 1884 2887 exauditionis
1903 2855 2026 2887 admissis
2038 2879 2048 2894 ‚
2064 2856 2210 2894 quodlibet
2222 2867 2300 2894 quae-

1243 2895 1337 2926 sumus
1356 2895 1434 2926 tollas
1455 2893 1653 2932 obstaculum,
1671 2895 1704 2925 &
1723 2904 1896 2932 oportunam
1913 2893 2042 2926 adhibeas
2064 2904 2196 2932 operam,
2217 2893 2297 2932 quod

1240 2933 1388 2973 praedictus
1404 2933 1557 2965 Cardinalis
1578 2932 1783 2964 Pofleffionem
1802 2934 1916 2964 liberam
1936 2940 2018 2972 atque
2032 2933 2180 2973 pacificam
2193 2931 2299 2963 Archi-

1240 2971 1403 3002 diaconatus
1425 2971 1506 3010 ipsius
1522 2995 1532 3010 ,
1553 2973 1623 3003 'uxta
1643 2971 1812 3003 Litterarum
1835 2970 1994 3002 nostrarum
2018 2978 2135 3000 tenorem
2147 2993 2159 3008 ‚
2174 2970 2299 3001 celeriter

1241 3010 1409 3049 assequatur,
1427 3012 1465 3041 ita
1496 3012 1535 3041 υὸ
1569 3019 1612 3041 tot
1626 3009 1798 3048 Scripriones
1811 3010 1916 3040 nostrae
1932 3009 2006 3047 apud
2021 3017 2048 3039 te
2061 3018 2122 3038 non
2136 3009 2298 3039 censeantur

1240 3049 1407 3087 aliquatenus
1427 3051 1498 3089 neg*
1520 3050 1529 3079 i
1554 3048 1645 3087 (apud
1685 3058 1766 3087 uem,
1783 3049 1812 3078 in
1831 3049 1882 3078 hiis
1898 3047 1932 3077 δε
1950 3047 2006 3077 aliis
2018 3069 2028 3085 ,
2046 3046 2113 3086 ipsas
2128 3046 2299 3085 Scriptiones

1241 3087 1386 3118 credamus
1401 3097 1461 3117 non
1480 3098 1494 3118 a
1546 3088 1607 3123 itti)
1626 3059 1732 3124 nosque
1753 3086 1906 3124 specialiter
1925 3084 1989 3115 inde
2008 3085 2076 3123 tibi,
2094 3084 2230 3121 placituro
2243 3095 2299 3116 no-

1242 3127 1283 3156 bis
1298 3149 1308 3164 ,
1331 3126 1476 3156 inmodice
1498 3127 1634 3165 regratiari
1652 3124 1803 3163 poffimus,
1821 3122 2018 3154 nichilominus
2038 3123 2070 3154 &
2086 3133 2150 3162 erga
2171 3135 2240 3164 nos,
2254 3123 2296 3153 di-

1243 3164 1376 3233 gtarrique
1393 3163 1516 3202 Sedem,
1531 3164 1623 3203 dignis
1638 3163 1784 3202 propterea
1803 3163 1832 3192 in
1851 3160 1984 3192 Domino
2003 3162 2128 3192 laudibus
2147 3172 2298 3194 commen-

1263 3212 1323 3232 eriS.

1280 3240 1349 3271 Dat.
1363 3240 1499 3272 Avinion.
1520 3238 1582 3270 Kal.
1603 3237 1692 3277 Maii,
1710 3236 1896 3269 Pontificatiis
1907 3237 1995 3269 nostri
2008 3247 2083 3270 anno
2097 3237 2213 3272 cistam.

1920 3313 2010 3352 sigillo
2028 3314 2133 3355 avulsit.

1283 3353 1369 3385 Dors.
1394 3391 1529 3432 Cariffi'mo
1544 3396 1573 3422 in
1588 3391 1690 3432 Christo
1703 3391 1770 3423 Filio
1786 3391 1929 3423 Edwardo
1943 3393 2009 3431 Regi
2020 3391 2133 3430 Angliae
2151 3387 2261 3428 Illustri‘.

1363 3518 1422 3549 Pro
1440 3518 1552 3549 Comite
1570 3514 1772 3549 Richmundiae
1788 3520 1820 3549 in
1837 3519 1937 3550 Scotia
1952 3515 2051 3550 adhuc
2063 3514 2187 3548 detento.

1315 3599 1378 3631 Ex
1395 3601 1530 3632 omnibus
1548 3601 1658 3633 Ballivis
1679 3602 1713 3633 sc
1733 3601 1874 3634 Fideiibus
1892 3602 1959 3640 suis,
1978 3600 2015 3632 ad
2036 3607 2122 3637 quos,
2139 3598 2198 3629 ὅτε·
2219 3596 2299 3628 Salu-
2313 3610 2390 3642 Anu.
2406 3611 2447 3642 D,

1284 3647 1517 3714 Οιὶῐτεηπῖᾚῦεᾶυε
1538 3678 1572 3708 &
1593 3677 1681 3708 fidelis
1700 3677 1812 3717 noster,
1830 3677 1972 3710 Gerardus
1992 3674 2027 3705 de
2038 3674 2154 3719 uotum,
2172 3682 2225 3712 prO
2239 3673 2300 3712 (Ιώ-
2315 3659 2429 3724 A1n321ss.

1246 3715 1363 3744 busdam
1376 3714 1411 3745 N
1446 3716 1524 3754 otiis,
1544 3715 1682 3746 dilectum
1696 3715 1810 3747 Consan
1831 3718 1946 3747 uineum
1965 3713 1999 3744 &
2013 3712 2136 3743 Fidelem
2152 3711 2301 3750 nostrum,
2318 3732 2339 3754 F.
2372 3736 2386 3753 2

1243 3724 1453 3796 Johannemffc
1465 3753 1619 3792 Britannia,
1636 3753 1786 3798 Comitem
1830 3751 2018 3785 ichemundiae
2033 3751 2138 3789 (nuper
2151 3773 2162 3788 ‚
2178 3750 2209 3779 ΞΠ
2223 3749 2303 3780 Obse-
2319 3749 2379 3794 pat,
2392 3748 2434 3799 ᾖ,

1248 3800 1319 3858 guio
1339 3791 1452 3834 nostro,
1475 3801 1523 3829 per
1541 3792 1658 3830 Scotos,
1676 3792 1811 3824 Inimicos
1824 3791 1954 3829 nostros,
1969 3796 2083 3833 captum
2097 3809 2108 3826 ,
2125 3788 2159 3819 &
2178 3798 2226 3826 per
2245 3788 2305 3818 eos-
2322 3808 2351 3831 E.
2372 3812 2398 3830 2·

1269 3838 1317 3857 em
1337 3839 1366 3858 in
1387 3830 1510 3869 partibus
1529 3830 1635 3861 Scotiae
1655 3831 1748 3862 adhuc
1771 3828 1935 3865 detentum)
1955 3826 2184 3865 contingentibus
2200 3849 2210 3866 ,
2223 3836 2306 3864 expe·
2369 3851 2396 3867 2·

1250 3866 1376 3910 diendis',
1395 3867 1429 3898 ad
1444 3867 1552 3898 easdem
1566 3877 1654 3908 partes
1667 3869 1772 3900 Scotiae
1785 3868 1822 3898 de
1837 3865 1949 3898 licentia
1964 3864 2061 3895 nostrii
2078 3864 2112 3908 se'
2122 3864 2255 3896 divertat:
2323 3849 2347 3879 P'

1290 3903 1381 3934 Vobis
1403 3906 1568 3937 mandamus
1587 3907 1665 3947 quod
1681 3907 1775 3937 eidem
1788 3904 1937 3941 Gerard0,
1953 3911 2001 3933 aut
2021 3902 2196 3934 Hominibus
2208 3903 2245 3935 de
2259 3903 2312 3934 Fa-

1253 3941 1331 3974 milia
1346 3942 1409 3983 sufi,
1426 3944 1496 3977 cum
1509 3944 1581 3983 ipsos
1594 3954 1643 3986 per
1656 3954 1709 3977 voe
1724 3944 1865 3976 transitum
1875 3941 1967 3982 facere
1984 3942 2134 3981 contigerit
2148 3941 2238 3973 versus
2251 3952 2314 3983 pai·-

1698 3988 1703 3992 ·
1737 3997 1743 4006 2
2276 3987 2317 4010 tes

2326 3889 2361 3909 m.
2380 3887 2422 3914 ¹7-
