2562 4279
637 106 1440 161 coNVENTioNES,
1495 106 1884 156 LITER'AE,

1319 194 1450 225 Necnon
1463 195 1498 227 δε
1512 195 1678 234 Ρηεάἱᾶὶοε,
1697 193 1857 226 Marfilium
1867 194 1902 225 δε
1912 192 2094 237 Johannem,
2112 193 2239 227 Haeretic

1275 233 1566 302 {tligalr-{Zrefiarchaffi
1582 235 1644 266 fore
1660 232 1824 265 manifestos
1834 233 1869 264 ὃς
1880 240 2011 263 notorios
2019 255 2029 271 ,
2056 232 2262 266 Sententialiter

184 119 261 150 202

2287 197 2342 227 iru-
2361 194 2438 226 Ann.
2446 195 2491 229 D.

2308 245 2339 267 θ’
2357 243 2473 313 Εἰέῗζῖ

36 182 115 222 Ἄπη.
131 187 172 219 D·
226 192 332 224 Rursus
353 194 494 225 advertant
517 194 560 225 isti
580 194 717 234 Nequam
732 194 892 234 Homines,
909 205 968 234 quo
981 196 1073 227 modo
1086 196 1189 228 audent
1203 196 1246 228 di-

63 235 148 267 1327.
185 241 250 262 cere
269 233 347 270 quod
368 234 403 262 ab
416 233 586 270 Imperatore
599 241 708 263 terreno
723 233 913 265 Ecclesiarum
924 234 1035 265 Praelati
1049 235 1220 267 Coaffivam
1229 257 1239 272 ‚

36 267 105 297 lxlv·
127 276 152 303 3-
183 270 229 300 vel
252 271 349 310 aliam,
371 272 540 309 receperint,
559 272 746 310 originaliter,
761 272 951 310 Potestatem3
972 276 1041 304 ciim
1059 275 1181 314 utsupra
1195 274 1239 304 di-

168 1458 226 1490 hoc
240 1470 267 1489 in
285 1463 455 1492 contrarium
471 1461 560 1500 editi,
578 1473 636 1492 non
649 1463 788 1493 obstante.
1263 1464 1453 1501 pervenerint,
1468 1464 1513 1494 vel
1526 1463 1603 1501 quod
1617 1463 1777 1501 ignorarint
1791 1464 1922 1502 eosdem,
1940 1465 2011 1494 cum
2025 1474 2085 1495 non
2099 1465 2131 1495 sit
2152 1465 2171 1482 '¹‘
2190 1466 2327 1498 verisimi-
2342 1467 2358 1484 ⁴
2374 1469 2427 1497 IV.

207 1497 261 1536 Et,
280 1508 310 1528 ut
322 1499 356 1529 ad
371 1500 492 1538 ipsorum
508 1501 541 1532 ὃς
555 1501 689 1541 aliorum,
705 1512 776 1538 quos
797 1501 969 1539 tangebant,
995 1502 1124 1534 notitiam
1144 1513 1227 1534 com·
1263 1501 1289 1531 le
1301 1501 1394 1539 quoad
1406 1503 1477 1541 ipsos
1489 1512 1631 1533 remanere
1645 1503 1826 1542 incognitum
1839 1503 1885 1534 vel
1902 1502 2052 1534 occultum
2065 1525 2077 1543 ,
2100 1503 2179 1544 quod
2199 1512 2256 1535 tam
2277 1516 2326 1544 pa-
2364 1516 2428 1544 3²4·

166 1544 284 1567 munem
296 1537 516 1576 deducerentur,
534 1540 678 1577 praedit-§tas
697 1540 794 1570 Carras
814 1539 870 1569 live
889 1539 1070 1570 Membranas
1082 1564 1091 1579 ,
1112 1541 1229 1572 Proces-
1265 1548 1354 1570 tenter
1370 1541 1506 1572 omnibus
1519 1542 1686 1581 publicatur.

165 1574 226 1604 sum
239 1577 416 1607 continentes
429 1578 572 1616 eundem,
591 1579 620 1608 in
633 1579 741 1613 maioris
757 1578 891 1608 Ecclesiae
914 1578 1086 1609 Avinionen.
1103 1581 1223 1620 appendi
1300 1577 1367 1610 Dat.
1384 1579 1520 1610 Avinion.
1538 1589 1563 1610 x.
1583 1579 1648 1610 Kal.
1663 1579 1862 1620 Novembris,
1878 1578 2067 1612 Pontificatfis
2081 1579 2171 1612 nostri
2184 1580 2328 1614 Annoxii-

164 1613 211 1642 vel
226 1612 300 1652 affigi
316 1614 427 1645 Hostiis
440 1616 575 1655 fecimus,
592 1627 655 1656 quae
671 1617 837 1648 Proceiiuin
853 1616 941 1653 ipsam
957 1617 1005 1646 fiio
1025 1618 1097 1656 quasi
1120 1619 1224 1649 sonoro
1842 1657 1847 1662 ‚
1903 1658 1908 1663 .
1999 1658 2004 1663 ι

163 1654 310 1689 praeconio
325 1654 359 1684 <Sc
374 1654 468 1691 patulo
483 1655 588 1685 indicio
603 1655 791 1694 publicarent,
810 1664 841 1684 ut
854 1655 893 1692 pii
907 1658 940 1685 ἃ
960 1655 1031 1692 aiiii,
1059 1667 1130 1694 quos
1154 1656 1225 1688 Pro·
1300 1654 1436 1686 Volentes
1448 1657 1541 1694 itaque
1554 1656 1746 1687 Processumi
1778 1666 1868 1700 uni-in
1883 1666 1922 1687 eis
1936 1658 2075 1701 partibus,
2094 1667 2126 1690 ut
2147 1660 2257 1690 notitiae
2279 1660 2329 1691 Fi-

164 1689 255 1720 cessus
268 1691 324 1729 ipse
336 1693 482 1731 tangebat,
498 1693 602 1723 nullam
617 1693 724 1731 poffent
739 1693 944 1724 excusationem
955 1695 1137 1733 praetendere,
1145 1696 1225 1733 quod
1262 1692 1370 1724 delium
1388 1696 1540 1726 innotescat
1562 1696 1662 1726 clarius
1678 1717 1688 1733 ,
1713 1695 1744 1726 so
1755 1703 1876 1726 emmter
1896 1696 2051 1739 publicari,
2076 1697 2251 1730 Fraternitati
2270 1706 2329 1731 tuae

164 1727 200 1757 ad
216 1738 264 1758 eos
277 1739 336 1759 non
358 1730 522 1768 perveniffet
535 1756 544 1770 ,
572 1731 616 1760 vel
635 1732 714 1771 qued
735 1731 908 1769 ignorassent
930 1732 1067 1770 eundem,
1084 1734 1152 1763 ctim
1166 1744 1224 1764 non
1261 1741 1311 1769 per
1325 1732 1491 1771 Apostolica
1506 1733 1616 1771 Scripta
1631 1733 1812 1771 mandamus,
1827 1734 1957 1772 quatinus
1973 1743 2022 1773 per
2036 1744 2082 1774 te,
2097 1735 2142 1766 vel
2160 1736 2264 1776 alium,
2280 1736 2328 1769 seu

163 1765 233 1797 esset
255 1768 404 1798 verisimile
424 1770 515 1808 quoad
539 1769 609 1807 ipsos
628 1780 769 1800 remanere
790 1771 970 1808 incognitum
991 1771 1035 1801 vel
1059 1772 1224 1812 occultum,
1259 1770 1341 1809 alim,
1359 1771 1516 1810 Religiosos
1529 1772 1562 1803 &
1582 1772 1724 1802 Seculares
1739 1795 1749 1811 ,
1773 1771 1930 1809 Exemptos
1950 1772 1984 1803 &
2001 1783 2062 1804 non
2082 1773 2240 1812 Exemptos
2263 1775 2274 1813 (
2292 1775 2329 1808 de

163 1805 243 1842 quod
258 1806 447 1844 publicabatur
461 1808 594 1838 omnibus
607 1810 667 1838 tarn
679 1817 810 1846 patenter.
1261 1809 1362 1846 quibus
1374 1810 1425 1840 tibi
1437 1810 1595 1844 videbitur)
1616 1810 1727 1841 di&um
1748 1810 1915 1841 Processum
1933 1833 1943 1849 ,
1961 1812 1995 1842 &
2020 1819 2155 1844 contenta
2173 1814 2203 1843 in
2223 1823 2277 1852 eo,
2293 1815 2326 1846 in

199 1842 348 1874 Voluimus
361 1846 460 1882 etiam,
479 1846 656 1877 Au&01·itate
668 1846 822 1887 apostolic-2
837 1846 1034 1886 decernentes,
1052 1848 1135 1886 quod
1144 1849 1221 1880 idem
1259 1847 1312 1877 tuis
1326 1846 1451 1878 Civitate
1462 1849 1495 1879 &
1512 1848 1648 1887 Diocese,
1667 1849 1826 1879 solemniter
1847 1849 1993 1893 publicans
2004 1873 2014 1888 ,
2029 1850 2124 1893 'etiam
2138 1874 2149 1890 ,
2172 1860 2204 1882 ut
2223 1852 2326 1884 intelli-

159 1878 307 1912 Processus
320 1892 368 1920 per
380 1883 472 1914 distos
489 1883 597 1914 Citatos
611 1884 832 1924 apprehendetur
845 1886 883 1917 δι’
894 1895 1012 1923 artaret,
1031 1888 1095 1924 quia
1109 1888 1144 1917 ad
1157 1898 1206 1918 eos
1259 1894 1360 1924 gantur
1375 1887 1473 1917 melius
1485 1887 1522 1917 ab
1535 1888 1687 1926 omnibus,
1702 1888 1731 1918 in
1743 1887 1858 1926 vulgare
1878 1887 1988 1925 finguhs
2007 1887 2105 1919 diebus
2118 1911 2128 1928 ,
2152 1888 2324 1922 Dominicis

159 1927 272 1950 moram
285 1920 421 1952 trahentes
436 1932 503 1953 cum
518 1923 545 1953 di
553 1923 597 1953 sto
614 1924 783 1962 Ludovico,
801 1931 875 1954 tutus
899 1934 957 1954 non
978 1926 1088 1961 patebat
1111 1911 1217 1956 Acceit'
1260 1925 1294 1955 &
1309 1924 1442 1964 Festivis,
1462 1927 1491 1956 in
1504 1925 1635 1957 Ecclesiis
1647 1934 1760 1957 tuarum
1772 1925 1902 1957 Civitatis
1914 1927 1948 1957 &
1963 1925 2108 1966 Diocefis‚
2123 1927 2158 1959 δε
2173 1927 2238 1959 alibi
2251 1929 2322 1964 (ubi

159 1957 216 1995 sus,
234 1968 267 1988 ac
283 1959 300 1989 fi
316 1960 353 1989 eis
367 1961 514 1991 insinuatus
526 1961 698 2000 personaliter
712 1963 745 1993 δε
765 1962 919 2001 publicatus
940 1962 1101 1993 solemniter
1122 1964 1223 1995 extitis-
1260 1962 1362 1993 videris
1374 1964 1522 2003 expedire)
1542 1964 1693 2004 praedictos
1710 1988 1720 2003 ,
1746 1964 1905 1995 Marsilium
1925 1965 1960 1996 &
1984 1964 2149 2002 Johannetn
2162 1988 2174 2004 ,
2196 1965 2326 1999 Excom-

158 1994 213 2025 set:
233 1995 448 2029 Constitutione
462 1999 659 2038 quacumque,
677 2010 726 2038 per
742 2000 893 2030 Romanos
913 2000 1068 2031 Pontifices
1082 2025 1092 2040 ,
1111 2001 1223 2034 Praede-
1258 2002 1418 2033 municatos
1430 2003 1463 2034 &
1478 2002 1654 2041 Hzereticos,
1671 2003 1851 2043 praesentibus
1866 2002 2008 2034 Fidelibus
2021 2003 2148 2071 pffimns’
2165 2003 2236 2035 dum
2250 2014 2324 2037 con-

159 2033 279 2066 cessores
293 2036 422 2076 nostros,
441 2038 470 2067 in
486 2040 658 2069 contrarium
671 2038 760 2076 edita,
778 2048 837 2068 non
851 2038 988 2070 obstante.
1259 2041 1389 2071 venerint
1400 2041 1434 2072 ad
1449 2040 1558 2072 Divina
1568 2065 1578 2080 ,
1596 2042 1678 2073 facias
1691 2041 1805 2081 publice
1818 2042 1961 2072 nunciati:
1977 2039 2043 2085 Pop
2073 2041 2158 2080 osque
2179 2042 2269 2082 ipsos,
2292 2052 2325 2077 ut

195 2071 276 2104 Cum
291 2084 384 2106 autem
397 2076 502 2115 praefati
511 2100 520 2115 ,
541 2076 676 2108 Marsilius
690 2078 722 2108 &
734 2077 876 2116 johannes
890 2101 899 2115 ,
925 2078 1002 2108 citati
1016 2102 1025 2116 ,
1043 2088 1074 2109 ut
1095 2080 1223 2119 praedici-
1258 2078 1371 2109 eosdem
1385 2081 1476 2110 vitent
1489 2079 1665 2117 Haereticos,
1684 2089 1739 2111 nec
1753 2080 1855 2110 eisdem
1866 2078 2086 2120 quomodolibet
2100 2079 2324 2120 adhaereant,aut

155 2116 221 2150 tur,
240 2113 269 2142 in
283 2115 414 2150 proximo
429 2115 543 2153 praefixo
558 2116 607 2145 sibi
621 2117 745 2147 termino
767 2126 932 2156 comparere
956 2127 1015 2147 non
1037 2121 1195 2150 curaverint
1210 2143 1221 2159 ,
1258 2117 1392 2155 praestent
1403 2119 1554 2157 auxilium,
1574 2119 1739 2158 consilium,
1764 2119 1809 2148 vel
1829 2118 1957 2149 favorem
1970 2140 1982 2157 ,
1998 2117 2110 2149 solerter
2131 2118 2166 2150 ὅ(
2186 2118 2323 2161 fideliter,

157 2159 212 2180 nec
227 2151 323 2190 aliquis
336 2163 388 2190 pro
400 2154 518 2193 eisdem,
537 2164 588 2184 nos
601 2155 689 2194 ipsos,
707 2156 740 2185 &
752 2164 852 2186 corum
869 2156 1033 2193 quemlibet,
1040 2156 1075 2186 de
1091 2158 1219 2189 Fratrum
1257 2157 1341 2187 etiam
1353 2158 1381 2187 in
1396 2157 1581 2187 Sermonibus
1594 2156 1730 2196 publicis,
1745 2157 1926 2201 inducendo-¹

157 2188 362 2226 praedic'torum
377 2192 513 2232 consilio,
528 2195 717 2231 reputavimus
730 2193 762 2224 δε
785 2194 963 2225 decrevimus
986 2196 1089 2225 mei-ito
1105 2194 1221 2228 Contu-
1295 2195 1385 2233 Super
1398 2195 1598 2226 Publicatione
1611 2204 1706 2227 autem
1718 2195 1856 2239 praedic‘lta
1868 2195 1927 2226 fieri
1940 2195 2073 2240 volumus
2085 2196 2198 2240 publica
2217 2197 2323 2228 Instru-

154 2234 262 2258 'maces
1263 2243 1369 2272 menta,
1382 2235 1553 2274 principium
1569 2235 1602 2265 ὃς
1618 2234 1706 2265 finem
1719 2234 1899 2272 praesentium
1911 2236 2184 2273 continentia‚nobis
2195 2235 2328 2274 postmo-⁴

196 2265 234 2296 Et
248 2267 409 2308 licettunc,
424 2278 522 2299 eorum
544 2270 726 2302 contumacia
745 2272 881 2310 exigente,
899 2272 1064 2311 potuissem,
1080 2274 1150 2303 cum
1169 2285 1220 2305 eo·
1258 2273 1330 2303 dum
1346 2273 1562 2304 transmittenda.
1924 2311 1929 2317 Π
2128 2313 2134 2318 ι
2258 2314 2275 2319 ..

156 2313 222 2333 rum
233 2305 320 2336 essent
333 2306 483 2345 Excessus,
501 2317 531 2339 ut
546 2309 688 2348 praefertur
701 2332 711 2348 ,
729 2310 801 2340 adeo
816 2312 919 2341 notorii
934 2333 944 2348 ,
961 2311 1040 2350 quod
1059 2322 1116 2342 non
1139 2322 1220 2350 pote-
1294 2310 1362 2342 Dat.
1381 2312 1517 2343 Avinion.
1535 2313 1575 2345 vii
1586 2311 1639 2344 kal.
1657 2311 1825 2345 Novembr.
1844 2309 2031 2343 Pontificati'is
2045 2311 2136 2344 nostri
2148 2322 2225 2344 anno
2237 2322 2285 2345 xii.

157 2351 219 2372 rant
231 2343 321 2382 aliqua
338 2346 561 2384 tergiversatione
573 2348 673 2385 celari,
691 2348 724 2378 ad
739 2348 910 2378 Sententiam
925 2351 958 2379 δε
979 2349 1028 2378 alia
1048 2351 1219 2381 rationabili-

158 2387 199 2409 ter
214 2391 310 2412 contra
324 2383 395 2423 ipsos
409 2385 570 2422 procedere,
589 2386 621 2415 &
636 2386 788 2425 quemlibet
803 2396 924 2424 eorum,
944 2386 980 2416 de
992 2386 1163 2425 Benignitate
1176 2398 1222 2420 ta-
1939 2388 1993 2419 Sub
2000 2388 2163 2428 filisfi-ricis.

11 2427 30 2445 ο
53 2430 107 2457 tv.
157 2426 226 2447 men
240 2419 410 2459 apostolica,
429 2432 493 2462 quie
507 2422 733 2454 Conversionern
745 2425 764 2443 ²*
785 2423 975 2456 Peccator-um
989 2425 1130 2465 desiderat,
1145 2428 1216 2465 ipsos

11 2475 75 2503 3²³·
157 2455 334 2488 decrevimus
348 2459 431 2496 usque
444 2460 478 2490 ad
493 2460 622 2491 nostrum
636 2462 842 2499 beneplacitum
856 2463 1063 2502 expestandos,
1080 2468 1215 2504 quocirca
1256 2475 1375 2480 ᾖ

50 2488 62 2504 ³
159 2504 257 2525 contra
273 2496 342 2534 ipsos
354 2498 522 2537 procedere,
540 2499 625 2538 usque
637 2500 670 2529 ad
686 2500 762 2531 diem
777 2502 941 2538 praesentem
961 2525 970 2539 ,
994 2502 1029 2533 de
1050 2505 1217 2536 eorumdem
1632 2536 1638 2541 .
1850 2536 1855 2541 .
1931 2534 1936 2540 .
2015 2533 2020 2539 -
2195 2532 2202 2538 ·

159 2532 287 2564 Fratrum
301 2536 432 2574 consilio,
447 2537 575 2567 duximus
588 2538 785 2569 differendum.
1359 2533 1453 2577 Super
1471 2532 1690 2577 COWfi'CYatwm’
1707 2530 1854 2572 Wlstam
1878 2532 1924 2565 W
1924 2530 2087 2578 ¹g⁰rme³4fi⁸
2103 2529 2212 2563 Εἶεὲἶι·

192 2571 283 2610 Sanc,
301 2575 503 2605 confiderantes
514 2578 617 2606 attente
632 2577 708 2615 quod
722 2577 852 2614 praemiffi
868 2601 877 2615 ,
902 2578 1038 2609 Marsilius
1056 2580 1089 2611 ἃ
1105 2579 1214 2618 Johan-
1729 2616 1734 2621 ,
1864 2616 1869 2621 ,
1908 2615 1914 2620 ,
2148 2616 2153 2620 ,

155 2619 220 2652 neS,
237 2611 271 2641 ad
286 2612 459 2643 redeundum
473 2613 506 2643 ad
518 2614 607 2644 sinum
621 2614 755 2645 Ecclefiae
769 2616 793 2645 se
807 2627 866 2646 non
881 2618 1087 2657 praepararunt,
1105 2620 1142 2649 set
1162 2629 1212 2659 po·
1307 2615 1390 2654 EX,
1409 2615 1518 2659 dileffls
1541 2616 1592 2659 fibi
1611 2616 1640 2658 i?
1661 2614 1782 2646 Chr¹st0
1795 2638 1806 2654 2
1823 2614 1915 2646 ΡΠΟΠ
1932 2615 1967 2646 &
1988 2614 2156 2646 Convesstffl
2183 2613 2316 2646 ECClefiae
2335 2612 2411 2645 Ann·
2422 2613 2464 2645 D·

153 2649 209 2678 tiri<
245 2658 275 2680 iit
294 2650 322 2680 in
334 2651 371 2681 sui
385 2652 484 2682 erroris
498 2651 627 2682 Devium
642 2653 708 2683 alios
722 2655 890 2692 pertrahant,
909 2656 1064 2686 elaborant:
1324 2653 1431 2683 Christi
1446 2652 1657 2691 Cantuarienhs,
1675 2654 1808 2697 Salutem.
2139 2692 2144 2697 ,
2354 2662 2440 2693 1327·

193 2672 323 2718 leecnon
337 2690 371 2720 ad
388 2691 554 2721 memoriam
575 2690 736 2723 reducentes
756 2692 837 2731 quod
860 2693 969 2723 dudum
985 2716 994 2731 ,
1016 2695 1085 2724 cum
1106 2694 1206 2726 Hostis
1287 2691 1364 2722 Bene
1377 2692 1457 2722 novit
1471 2691 1559 2722 vesti-a
1572 2692 1734 2730 prudentia,
1751 2692 1785 2723 δε
1799 2691 1841 2722 est
1853 2692 1926 2732 apud
1940 2701 2006 2730 vos,
2024 2701 2054 2722 ut
2068 2691 2230 2729 credimus,
2251 2701 2314 2730 per-
2330 2696 2374 2719 An
2402 2702 2427 2720 ι.

184 309 264 339 &tum
278 308 319 338 est
328 331 337 346 ,
355 309 535 345 Imperatores
550 311 633 347 usque
647 311 681 340 ad
698 310 918 342 Constantinum
931 320 1066 351 magnum
1075 335 1085 351 ,
1102 312 1160 343 fere
1171 323 1239 343 om-

182 356 248 385 nes,
264 346 369 383 Pagani
392 347 499 377 fuerant
518 349 551 378 δε
565 348 738 388 Idololatrre,
757 350 791 380 ὅ(
808 349 1020 388 Persecutores,
1034 352 1126 382 immo
1141 351 1239 382 Exter-

181 385 347 422 minatores,
366 395 502 423 quantum
517 385 567 416 fuit
582 387 610 416 in
625 388 677 425 eis,
695 387 829 419 Ecclesiae
841 389 942 419 sanet-<e
954 389 1021 419 Dei.

219 423 380 460 Quomodo
401 433 469 463 ergo
486 423 525 453 illi
547 425 645 455 talibus
666 425 854 465 Coafflvam,
878 428 922 457 vel
941 429 1026 458 aliam
1046 427 1237 466 Potestatem,

178 461 382 499 concederent,
401 464 497 500 utique
510 463 600 493 nullus
610 463 713 501 sapiens
724 464 781 495 hoc
795 465 906 496 credere
921 466 1014 497 debet.

218 498 256 528 Et
278 501 358 538 quia,
376 501 413 530 ne
438 509 579 531 tantorum
604 503 725 533 Aetores
745 504 777 534 &
799 503 943 534 Dostones
958 504 1094 534 Errorum
1106 503 1196 543 plures
1209 504 1238 534 in

178 536 302 574 ipsorum
318 548 441 568 errorem
457 540 643 576 pertraherent
657 541 788 579 devium,
802 542 923 581 ipsique,
938 552 1050 582 propter
1065 543 1238 580 impunitatis

178 575 339 614 audaciam,
357 587 531 616 nequaquam
551 577 649 609 fierent
668 581 852 619 nequitiores,
869 581 935 611 licet
953 592 1020 618 nos,
1046 591 1115 611 cum
1135 590 1236 610 eorum

179 612 312 644 Excessus
331 614 401 645 adeo
421 615 514 647 forent
534 619 654 656 notorii,
671 619 749 657 quod
771 619 845 649 nulla
867 628 995 656 poterant
1017 620 1238 658 tergiversatione

178 652 279 690 celari,
298 662 364 683 tunc
387 653 529 692 possemus
558 656 708 693 procedere
729 656 763 687 ad
786 657 960 688 Sententiam
985 667 1084 688 contra
1107 668 1177 694 θος,
1199 657 1235 688 de

173 687 349 757 ¹ljenignitate
363 700 457 722 tamen
470 693 640 734 apostolici,
659 705 724 734 quae
738 696 956 727 conversionem
971 696 1105 727 desiderat
1121 696 1238 727 Perver-

185 738 269 759 orum

214 766 250 796 N
252 752 290 798 οε,
300 767 388 808 ipsos,
405 768 563 800 Mai-filium
578 771 783 811 &johannem
793 795 802 810 ,
819 773 853 803 ὅτ,
865 773 1019 813 quemlibet
1034 771 1159 812 ipsorum
1173 795 1182 811 ,
1201 773 1236 803 de

175 803 306 837 Fratrum
322 808 487 838 eorumdem
501 809 619 839 consilio
634 833 643 849 ,
662 810 700 840 V.
718 810 760 841 Id.
774 811 877 848 Aprilis
889 813 1020 851 proximo
1034 812 1236 850 praeteriti,die,

174 843 326 883 videlicet,
344 844 512 878 Dominicae
533 857 627 878 coenae
643 872 652 888 ,
680 859 729 887 per
750 848 886 879 Edictum
909 851 1057 880 citavimus
1073 849 1236 888 publicum,

174 883 311 924 praeserite
321 883 444 915 fidelium
468 886 645 917 multitudine
667 887 786 925 copiosa
799 910 808 925 ,
827 897 882 926 ut,
904 888 974 918 insi-a
996 888 1129 926 Qatuor
1147 887 1237 918 Men—

174 924 263 959 iium,
280 931 349 953 tunc
363 925 498 963 proximo
514 924 751 964 subsequentium,
771 925 904 965 spatium,
921 936 992 965 quos
1005 928 1061 964 eis,
1080 926 1114 956 &
1134 935 1234 956 eorum

174 960 308 998 cuilibet,
329 960 364 991 de
385 972 484 992 eorum
505 963 634 993 Fratrum
656 964 774 994 consilio
788 987 797 1001 ,
822 975 874 1004 pro
895 966 1086 1002 peremptorio
1110 965 1234 995 termino

171 997 360 1037 praefiximus,
380 1001 413 1031 &
427 1000 637 1040 assignavimus,
656 1001 824 1040 Apostolico
841 1003 1006 1040 conspe-etur
1020 1004 1046 1034 se
1059 1003 1234 1041 personaliter

171 1037 382 1076 praesentarent,
401 1039 479 1078 super
493 1040 630 1077 praedietis
645 1040 808 1071 Exceffibus
820 1042 853 1071 δε
868 1041 1004 1079 ΒεΙίξὶίε,
1029 1051 1059 1072 ut
1079 1041 1233 1080 praefertur,

172 1077 308 1114 notoriis,
325 1077 442 1115 iustam,
457 1077 539 1109 dante
556 1078 707 1118 Domino,
726 1079 899 1110 Sententiam
913 1080 1049 1118 audituri,
1065 1089 1097 1110 ac
1119 1080 1232 1119 respon-

172 1114 243 1152 suri,
262 1115 295 1144 ὅ(
311 1115 410 1146 facturi
425 1116 502 1153 quod
516 1116 613 1154 justitia
625 1118 746 1148 suaderet
761 1118 872 1148 eisdem.

210 1152 339 1191 Apertius
355 1154 535 1191 praedicentes
551 1156 646 1193 quod,
665 1157 737 1194 sive,
762 1157 831 1186 infra
851 1155 1018 1194 praediStum
1042 1156 1231 1196 Terminum,

171 1199 270 1220 coram
286 1192 383 1231 nobis,
401 1193 455 1222 sive
474 1204 533 1223 non
549 1218 558 1231 ,
582 1203 798 1232 comparerent,
823 1204 875 1224 nos
900 1194 933 1223 ad
957 1193 1088 1233 praedista
1100 1218 1109 1233 ,
1129 1196 1231 1234 abique

169 1227 337 1260 Monitione
351 1232 384 1261 &
400 1230 559 1271 Citatione,
579 1233 790 1271 procederemus
804 1233 882 1271 alias,
907 1240 991 1269 prout
1012 1234 1161 1264 viderimus
1182 1244 1231 1264 ex-

168 1267 300 1306 pediens,
319 1279 419 1300 eorum
434 1271 553 1301 absentia
566 1281 625 1300 non
639 1271 778 1301 obstante.

206 1305 340 1337 Volentes
353 1317 422 1338 tunc
438 1310 656 1348 nichilominus,
675 1311 707 1340 &
721 1310 804 1339 etiarn
818 1309 960 1345 dicentes,
969 1307 1147 1351 Citatioiiem
1157 1319 1230 1347 prae-

166 1342 293 1383 dietam,
313 1347 416 1376 etiamsi
432 1348 543 1377 termini
563 1348 687 1385 predicti
702 1348 827 1387 praefixio
841 1349 870 1377 iii
891 1356 1021 1385 tempore
1044 1349 1157 1378 forsitan
1179 1359 1226 1379 ca-

167 1382 246 1414 deret
262 1383 376 1423 feriato,
397 1386 510 1423 perinde
525 1387 632 1424 valere,
650 1385 785 1425 suumque
798 1385 935 1416 effectum
949 1387 1036 1416 sortiri
1059 1387 1178 1424 debere,
1193 1397 1227 1418 ac

167 1418 187 1450 fi
202 1430 312 1466 tempus
326 1423 454 1454 feriatum
466 1433 524 1453 non
540 1423 665 1455 existeret
675 1448 684 1462 ,
701 1434 881 1465 quacumque
901 1423 1132 1463 Constitutione,
1150 1425 1229 1464 super

154 2723 271 2756 humani
285 2730 408 2767 generis,
426 2729 459 2759 ad
473 2730 696 2768 impugnandum
715 2731 900 2761 sinceritatem
923 2732 1001 2761 Fidei
1016 2755 1025 2770 ,
1052 2732 1213 2764 Hoeretico-

149 2772 218 2804 'rum
235 2765 366 2796 fallaciam
379 2767 573 2798 subinduceret
586 2768 800 2807 fraudulentam,
819 2769 913 2800 Sanfii
931 2769 1035 2807 Patres,
1055 2770 1212 2802 Praedeces·

152 2801 226 2831 sores
243 2802 346 2843 nostri,
366 2814 463 2836 contra
476 2806 544 2844 ipsos
556 2807 668 2836 viriliter
688 2808 855 2846 insurgentes
870 2831 879 2846 ,
904 2817 1004 2838 eorum
1024 2819 1105 2846 prava
1128 2809 1212 2850 Dog-

153 2849 246 2877 mata,
264 2851 332 2871 cum
347 2843 396 2873 suis
410 2843 596 2882 Auitoribm,
613 2845 876 2883 condempnatum,
896 2846 964 2876 licut
979 2856 1052 2886 patet
1069 2847 1105 2877 de
1127 2849 1210 2880 Arrio

153 2878 187 2907 ὃ(
203 2877 358 2910 Manicheo
372 2904 381 2918 ,
404 2880 541 2912 Nestorio
559 2883 591 2912 &
614 2883 798 2922 Dyaschoro,
823 2885 932 2923 ejusque
953 2886 1160 2925 complicibus,
1176 2889 1210 2919 ὃς

151 2916 277 2954 pluribus
290 2918 362 2957 aliis,
382 2929 468 2958 quos,
485 2930 551 2950 cum
565 2921 614 2950 suis
626 2921 801 2961 HieresibuS,
819 2922 961 2960 justitiimi
975 2924 1118 2955 Sententia
1137 2935 1210 2956 con-

150 2954 357 2994 dempnfimm,
376 2967 409 2988 ac
423 2959 547 2988 volentes
558 2960 726 2989 eorumdem
740 2960 857 2991 Parrum
873 2961 993 3001 vestigiis
1021 2962 1169 2993 iiihaerere:

189 2992 226 3023 Et
242 2994 365 3034 insuper,
383 2996 552 3026 attendente,-
567 2999 744 3035 probabiliter
759 2999 902 3030 formidari
913 3000 992 3038 quod
1007 3023 1016 3037 ,
1040 3002 1068 3031 in
1086 3003 1209 3038 praemis-

151 3030 201 3068 sis,
221 3042 299 3062 mora
315 3035 468 3071 periculum
478 3059 486 3072 ,
502 3035 536 3066 δε
550 3035 704 3075 dampnum
717 3036 896 3068 dissimulatio
911 3061 921 3076 ,
944 3039 1035 3069 forent
1058 3040 1210 3077 proculdu-

149 3069 202 3099 bio
215 3071 340 3110 allatura,
358 3082 418 3102 non
432 3072 605 3103 intendentes
619 3085 666 3104 eos
681 3074 791 3104 ulterius
802 3077 946 3113 expee‘tare
962 3100 971 3115 ,
995 3078 1033 3107 set
1055 3088 1210 3115 reputantes

149 3117 184 3138 ac
198 3107 377 3140 decernentes
393 3112 487 3150 potitis
501 3110 750 3151 Contiimaces‚ad
765 3113 1040 3153 laudem&gloriam
1054 3116 1155 3147 sanct-:e
1173 3119 1207 3149 &

150 3146 302 3177 individuae
315 3148 480 3188 Trinitatis,
497 3150 773 3188 consolationemque
788 3152 942 3190 Fidelium,
959 3155 993 3184 &
1010 3154 1087 3184 Fidei
1099 3154 1206 3186 Catho-

142 3184 212 3214 'licae
226 3185 450 3226 firmamentum,
469 3188 504 3219 de
519 3188 647 3219 Fratrum
661 3189 824 3220 nostrorum
847 3191 983 3230 consilio,
1004 3191 1065 3222 Dei
1089 3195 1207 3224 nomine

147 3224 298 3262 invocato,
318 3226 459 3256 Articulos
474 3227 636 3266 praeditftos,
653 3228 802 3265 videlicet,

185 3261 279 3301 Qod
293 3264 376 3301 illud,
395 3265 472 3300 quod
488 3265 523 3295 de
537 3265 651 3296 Christo
667 3266 764 3305 legitur
779 3267 807 3296 in
822 3265 976 3305 Evangelio
989 3267 1061 3296 beati
1076 3268 1207 3309 Mathaei,

146 3302 224 3339 quod
240 3301 295 3339 ipse
308 3302 390 3333 solvit
404 3303 559 3334 Tributum
574 3304 693 3342 Caesari,
710 3304 823 3343 quando
838 3305 993 3343 staterem,
1011 3305 1154 3343 sumptum
1171 3318 1204 3338 ex

144 3348 194 3368 ore
209 3340 305 3379 piscis,
324 3341 392 3379 illis,
410 3343 458 3379 qui
473 3343 602 3380 petebant
616 3343 792 3380 Didragma,
812 3343 884 3379 iussit
899 3343 974 3381 dari,
994 3343 1052 3374 hoc
1067 3345 1135 3375 fecit
1143 3356 1205 3376 non

145 3378 360 3409 condescensive
375 3382 408 3410 ὃς
423 3381 582 3411 liberalitate
596 3381 652 3411 sute
667 3382 788 3420 pietatis,
806 3382 844 3411 set
858 3381 1017 3412 necessitate
1038 3383 1166 3413 coaetus:

182 3415 273 3453 Item,
292 3418 370 3457 quod
388 3419 483 3448 beatus
497 3418 594 3449 Petrus
607 3419 759 3457 Apostolus
772 3430 832 3450 non
846 3421 898 3450 fuit
914 3420 972 3457 plus
988 3419 1083 3459 Caput
1103 3421 1203 3452 Eccle-

144 3453 207 3492 ᾗτε,
227 3457 312 3493 quam
326 3456 441 3495 quilibet
453 3458 573 3487 aliorum
586 3457 807 3497 Apostolorum,
824 3468 877 3488 nec
897 3458 991 3488 habuit
1010 3459 1070 3496 plus
1091 3459 1203 3489 Aucto-

144 3492 244 3531 ritatis,
260 3496 345 3530 quam
359 3495 515 3526 habuerunt
526 3496 569 3526 alii
586 3496 729 3534 Apostoli,
749 3497 782 3526 &
795 3496 872 3535 quod
882 3495 1010 3526 Christus
1023 3497 1131 3527 nullutn
1139 3497 1199 3529 Ca-

145 3539 195 3568 put
208 3531 309 3563 dimisit
323 3532 472 3572 Ecclei'iae,
488 3544 540 3564 nec
553 3534 675 3572 aliquem
690 3535 757 3565 fecit
772 3534 920 3565 Vicarium
932 3535 1026 3565 suum:

185 3568 305 3608 Rursus,
327 3572 404 3609 quod
417 3572 449 3602 ad
464 3572 666 3610 Imperatorem
680 3573 783 3612 specstat
799 3573 904 3613 Papam
919 3574 1067 3612 corrigere,
1082 3575 1180 3611 punire
1192 3598 1202 3613 ,

148 3605 180 3635 &
193 3607 334 3639 instituere
343 3633 352 3647 ,
371 3611 403 3640 ὃ(
419 3611 580 3642 destituere:

186 3645 305 3685 Adhuc,
321 3648 399 3685 quod
412 3659 511 3679 omnes
523 3649 700 3688 Sacerdotes,
720 3649 774 3680 five
787 3649 818 3680 sit
832 3648 922 3688 Papa,
940 3649 995 3680 five
1010 3649 1201 3689 Archiepisco-

147 3689 211 3725 Pk&³
227 3685 281 3715 sive
298 3685 430 3716 Sacerdos
443 3687 555 3725 simplex
569 3690 758 3727 quicumque,
777 3688 839 3718 sunt
853 3688 963 3725 :equalis
978 3688 1199 3719 Auctoritatis&

141 3718 360 3762 Jurisdifflonis,
379 3734 412 3754 ex
427 3725 603 3757 Institutione
617 3727 742 3763 Christi,
757 3726 810 3764 set,
827 3727 906 3765 quod
918 3727 1004 3756 Unus
1026 3726 1124 3757 habeat
1138 3727 1199 3764 plus

146 3755 230 3796 Aho,
248 3760 303 3790 hoc
318 3761 358 3791 est
369 3785 378 3799 ,
394 3763 547 3794 secundum
562 3766 637 3803 quod
658 3765 813 3802 Imperator
831 3764 968 3796 conceffit
990 3764 1050 3804 plus
1073 3765 1119 3796 vel
1143 3766 1196 3795 rni-

145 3804 214 3829 nus,
234 3797 283 3839 &³
305 3799 371 3828 sicut
384 3802 542 3841 concessit,
561 3813 693 3834 revocare
709 3803 818 3842 potest,

181 3832 301 3877 Ultimo
317 3838 393 3874 quod
407 3837 500 3878 Papa,
522 3841 567 3872 vel
586 3850 645 3872 tota
666 3841 811 3880 Ecclesia,
830 3841 907 3872 simul
930 3842 1041 3881 sumpta
1057 3864 1066 3878 ,
1089 3841 1195 3872 nullum

141 3870 322 3918 Hominem,
340 3884 598 3917 quantumcumque
610 3880 786 3918 sceleratum,
810 3880 903 3918 potest
925 3881 1022 3918 punire
1043 3879 1195 3910 Punitione

142 3909 319 3947 CohaCtiva,
338 3916 385 3941 nili
400 3912 551 3951 Imperator
564 3917 637 3949 daret
651 3919 689 3948 eis
702 3918 922 3955 Auctoritatem,

178 3948 264 3993 Velut
279 3948 359 3978 sscrae
374 3950 522 3988 Scripturae
537 3953 716 3993 Contrarios,
735 3956 770 3986 ὃς
785 3956 864 3987 Fidei
877 3955 1037 3990 Catholicae
1050 3956 1195 3996 Inimicos,

138 3986 315 4025 Haereucos,
333 3987 378 4017 seu
394 3987 573 4022 Haereticales
584 3994 617 4024 ὃς
630 3993 784 4024 Erroneos:

1313 310 1509 348 Articulosque
1523 320 1557 342 ac
1571 311 1691 342 Librum
1703 310 1854 351 praedietos
1868 334 1879 350 ,
1903 319 2018 354 necnon
2035 309 2069 341 &
2087 318 2296 350 quamcumque
2309 323 2342 344 a·

1275 347 1341 378 liam
1357 349 1544 388 Scripturam,
1563 351 1755 381 continentem
1770 349 1882 380 eosdem
1897 361 1908 388 3
1933 348 2084 388 praedietos
2105 358 2219 393 quoque
2239 349 2342 394 Marsi-v

1275 386 1346 416 lium
1361 388 1584 427 &johannem,
1601 396 1631 418 ut
1643 388 1819 426 Haereticos,
1839 387 2003 418 manifestos
2023 387 2057 417 δε
2071 395 2210 430 ,ηοῑοτιοε
2244 397 2339 420 immo

1274 433 1304 455 ut
1317 424 1521 458 Haeresiarchas
1535 428 1643 466 potius,
1659 427 1857 467 Reprobamus
1869 428 1902 458 ὃς
1915 424 2121 456 Sententialiter
2137 410 2340 467 Condempna-

1275 472 1347 493 mus.

1312 501 1343 531 Si
1359 503 1419 540 quis
1438 510 1532 533 autem
1555 503 1727 534 Doctrinam
1747 501 1914 543 praedictam
1937 501 2088 533 defendere
2111 501 2155 534 vel
2184 503 2338 546 approbare

1273 540 1488 588 praesumpserit,
1505 541 1706 581 cujuscumque
1721 542 1753 572 sit
1765 541 1940 584 Dignitatis,
1967 540 2082 571 Ordinis
2095 563 2106 579 ,
2125 540 2308 573 Condiuonis
2325 565 2338 582 ‚

1274 586 1321 608 aut
1333 578 1444 616 Status,
1460 588 1592 618 tanquam
1604 580 1780 618 Haereticus‚
1796 582 1832 610 ab
1843 579 1977 609 omnibus
1989 579 2169 624 confutetur3
2225 619 2231 624 .
2276 619 2281 624 ι

1313 615 1451 648 Praeterea
1464 619 1594 649 universis
1609 619 1642 649 ὃς
1656 619 1674 648 fi
1734 619 1766 648 lis
1779 617 1888 649 Christi
1908 617 2033 648 fidelibus
2052 617 2203 648 distriCuCis
2222 618 2337 650 inhibe-

1276 663 1356 693 muS,
1375 666 1412 686 ne
1425 656 1590 695 praediecos,
1610 656 1767 688 Marsilium
1788 658 1822 689 &
1839 656 2002 695 johannem
2017 679 2027 695 ,
2047 655 2208 687 Haereticos
2222 679 2232 696 ,
2250 657 2283 688 &
2299 657 2337 688 de

1274 692 1402 734 Haerefi,
1421 703 1452 724 ut
1464 695 1655 734 praemittitur,
1679 696 1873 727 sententialiter
1887 694 2123 733 Condempnatos
2134 718 2145 734 ,
2162 698 2216 726 ‘aut
2235 705 2338 728 eorum

1274 731 1407 772 alterum,
1425 741 1582 771 receptare,
1597 733 1763 772 defendere,
1780 734 1877 765 fovere
1891 756 1902 772 ,
1925 742 1974 764 aut
1992 734 2030 763 eis
2050 733 2267 773 quomodolibet
2286 735 2335 766 ad-

1274 769 1392 808 haerere,
1413 771 1458 801 seu
1474 770 1620 810 praestare,
1635 781 1683 810 per
1698 772 1744 810 se,
1760 774 1804 803 vel
1815 782 1865 811 per
1879 773 1980 810 alium,
1997 771 2042 803 seu
2056 772 2141 810 alios,
2156 772 2272 812 publice
2286 773 2333 804 vel

1273 809 1406 847 occulte,
1425 809 1532 840 direffie
1546 810 1592 840 vel
1606 810 1759 848 indirecte,
1783 811 1930 842 Auxilium
1943 833 1953 849 ,
1975 810 2152 848 Consilium,
2166 810 2332 855 ,vertavo-

1272 856 1334 876 rem
1347 847 1532 885 praesumant,
1549 847 1593 878 sed
1608 858 1657 878 eos
1669 849 1776 879 evitent
1791 850 1885 887 potius
1897 872 1908 889 ,
1923 858 1955 880 ut
1973 849 2133 880 Haereticos
2154 849 2334 889 manifestos,

1272 886 1280 914 i
1302 885 1413 923 sosque,
1429 896 1499 924 quos
1510 886 1650 917 Fidelibus
1671 887 1824 925 capiendos
1841 889 2009 925 exponimus
2023 913 2034 927 ,
2057 889 2122 919 zelo
2141 887 2334 927 persequantur

1297 922 1367 962 idei,
1386 925 1419 955 &
1434 925 1545 961 capiant
1557 925 1721 963 ubicunque
1733 925 1804 964 ipsos
1828 927 1946 965 reperire
1965 936 2098 965 poterunt
2110 949 2120 965 ,
2144 937 2177 957 ac
2198 926 2335 958 Ecclesiae

1272 970 1368 1000 captos
1384 962 1540 1002 affignent,
1559 963 1594 994 δε
1610 963 1754 994 restituant
1767 965 2003 995 animadverfione
2016 965 2110 996 debita
2125 965 2293 1002 puniendos.

1308 1000 1376 1031 Nos
1389 1001 1517 1031 adversus
1529 1001 1724 1040 quoscumque
1736 1001 1882 1033 dictorum
1895 1002 2106 1035 Haereticotum
2118 1003 2333 1043 Receptatores,

1269 1037 1455 1077 Defensores,
1473 1039 1621 1077 Fautores,
1640 1039 1812 1077 Credentes,
1830 1041 2032 1080 Adhaerentes,
2047 1050 2094 1073 aut
2106 1043 2146 1074 eis
2171 1042 2334 1080 praestantes

1269 1077 1489 1116 quomodolibet
1501 1078 1664 1116 Auxilium,
1689 1077 1867 1116 Consilium,
1890 1079 1935 1109 vel
1949 1078 2112 1119 Favorem,
2137 1081 2332 1121 processuros,

1269 1124 1353 1155 prout
1368 1117 1479 1147 rationis
1491 1116 1589 1155 fuerit,
1608 1117 1641 1147 &
1655 1116 1783 1153 expedire
1795 1117 1952 1148 videbimus
1961 1139 1971 1155 ,
1987 1119 2105 1155 apertius
2119 1120 2313 1158 praedicentes.

1308 1154 1355 1186 Ut
1368 1164 1461 1185 autem
1473 1154 1615 1186 Sententia
1626 1156 1659 1186 &
1675 1154 1824 1186 Proceffus
1836 1155 1998 1194 hujusmodi
2011 1155 2044 1186 ad
2057 1157 2235 1197 eorumdem,
2249 1158 2331 1190 Mar-

1268 1192 1317 1222 silii
1332 1194 1365 1224 &
1376 1193 1531 1232 johannis,
1550 1195 1583 1225 ὃς
1597 1194 1717 1224 aliorum
1731 1195 1880 1232 omniurn,
1899 1203 2023 1232 quorum
2042 1195 2154 1226 interest
2167 1219 2178 1235 ,
2195 1204 2331 1229 commu-

1267 1241 1334 1261 nem
1345 1233 1475 1263 notitiam
1489 1232 1678 1271 deducantur,
1697 1241 1801 1271 cartas,
1816 1232 1861 1263 seu
1876 1233 2052 1263 membranas
2064 1255 2075 1271 ,
2099 1233 2272 1267 Sententiam
2293 1238 2328 1269 &

1266 1269 1434 1301 Processum
1449 1272 1629 1302 continentes
1648 1271 1761 1302 eosdem
1777 1294 1786 1309 ,
1813 1272 1844 1301 in
1866 1272 1976 1309 majoris
1998 1271 2132 1302 Ecclefiae
2153 1272 2327 1306 Avinionen.

1265 1308 1429 1345 appendi&
1443 1309 1492 1340 affi
1512 1310 1520 1338 i
1534 1309 1660 1348 Hostiis,
1677 1309 1723 1340 seu
1736 1310 1818 1346 super
1834 1310 2013 1348 Liminibus,
2028 1309 2244 1349 faciemus‚quae
2257 1313 2330 1351 ipsos

1266 1345 1432 1377 Proceffiini
1446 1348 1479 1378 &
1515 1350 1685 1386 ententiam,
1703 1348 1754 1379 suo
1769 1349 1843 1386 quasi
1855 1349 1962 1379 sonoro
1973 1349 2120 1388 praeconio
2134 1349 2168 1380 &
2183 1350 2329 1389 patuloin-

1264 1385 1356 1422 dicio,
1375 1386 1574 1425 publicabunt,
1592 1388 1628 1417 ita
1645 1387 1725 1425 quod
1741 1388 1836 1425 ipsii&
1850 1387 1988 1426 alii,quos
2000 1389 2166 1427 contingere
2179 1388 2331 1421 dinoscun-

1264 1431 1325 1462 tur,
1344 1424 1449 1454 nullam
1468 1425 1581 1465 pollent
1601 1425 1807 1456 excusationem
1825 1426 1998 1463 praetendere
2012 1449 2022 1464 ,
2049 1426 2128 1464 quod
2146 1426 2181 1456 ad
2199 1437 2247 1457 cos
2266 1438 2327 1459 uon

1270 2738 1343 2760 etuae
1356 2731 1506 2760 memoriae
1522 2731 1760 2762 commendatum
1772 2754 1782 2769 ,
1807 2731 1924 2769 qualiter
1938 2729 2070 2761 Ecclesiis
2084 2729 2313 2768 Cathedralibus,
2332 2734 2361 2758 E.
2380 2740 2406 2767 3.

1282 2769 1336 2807 egii
1349 2767 1532 2806 Patronatfis,
1550 2769 1603 2799 suis
1618 2768 1779 2800 Pastoribus
1797 2768 1933 2806 viduatis,
1958 2768 2102 2800 Ele&ores
2123 2769 2140 2799 a
2160 2768 2243 2799 nobis
2261 2768 2310 2798 eli-
2329 2768 2446 2807 Claufi.

1249 2807 1333 2843 gendi
1344 2806 1488 2837 licentiam
1503 2815 1596 2847 petere
1628 2808 1679 2846 &,
1698 2808 1731 2839 ea
1743 2807 1876 2847 optenta,
1893 2807 2099 2845 Elestioneque
2113 2808 2142 2837 in
2163 2806 2310 2847 postemm
2327 2811 2358 2834 Ε.
2377 2817 2403 2844 3.

1249 2843 1400 2876 Cmonicc‘e
1414 2845 1567 2884 celebrati,
1585 2831 1702 2877 §lectos
1712 2846 1776 2877 suos
1791 2846 1874 2877 nobis
1888 2846 1992 2876 debent
2003 2845 2165 2884 praesentare
2185 2855 2239 2885 pro
2259 2844 2311 2876 As-
2325 2851 2353 2911 ξπ
2370 2855 2397 2873 2·

1245 2883 1321 2914 sensu
1336 2883 1430 2923 Regio
1442 2885 1613 2924 optinendo;

1284 2922 1423 2962 Nosque,
1441 2923 1600 2960 hujusmodi
2176 2959 2181 2965 ,
2222 2959 2228 2965 ,

1247 2969 1295 2996 per
1312 2961 1427 2991 Litteras
1441 2960 1546 2992 nostras
1561 2960 1708 3001 Patentes,
1725 2963 1772 2992 vel
1793 2961 1929 2993 Domino
1951 2962 2075 2992 Summo
2095 2957 2230 2990 Pontifici
2248 2984 2258 2999 ‚
2276 2969 2308 2990 in

1246 2998 1376 3029 Ecclesiis
1389 3000 1438 3030 sibi
1451 3000 1615 3031 immediate
1630 3000 1758 3039 subjectis
1767 3024 1777 3040 ,
1791 3009 1839 3032 aut
1854 2999 2097 3037 Metropolimnis,
2114 2997 2148 3028 ad
2162 3007 2233 3037 quos
2245 3008 2310 3037 per—

1246 3038 1314 3068 tinet
1331 3037 1491 3069 Electiones
1505 3038 1664 3076 hujusmodi
1681 3039 1853 3070 confirmare
1866 3062 1876 3076 ,
1899 3046 1930 3069 ut
1951 3037 2001 3076 ipfi
2013 3059 2024 3074 ,
2049 3035 2128 3075 quod
2149 3036 2231 3066 suum
2251 3037 2309 3078 est,

1246 3077 1321 3106 circa
1338 3076 1452 3107 Eiectos
1463 3086 1649 3115 exequantur:
2016 3113 2021 3118 ¹

1280 3114 1398 3154 Ipsisque
1419 3115 1617 3146 Elefflonibus
1642 3115 1835 3155 subsequenter
1862 3112 2035 3143 confirmatis
2049 3135 2059 3157 ,
2084 3111 2309 3158 Confirmatores

1243 3154 1406 3184 earumdem
1419 3154 1477 3184 hoc
1492 3155 1576 3184 nobis
1590 3154 1713 3191 debent,
1730 3162 1779 3191 per
1792 3153 1849 3182 suas
1871 3149 2001 3181 Patentes
2022 3151 2148 3195 Litteras.
2160 3160 2307 3194 intimare,

1241 3200 1274 3219 ac
1289 3192 1337 3228 ipfi
1350 3192 1446 3222 Electi
1459 3191 1602 3222 fidelitates
1615 3191 1672 3221 suas
1685 3191 1767 3220 nobis
1788 3189 1882 3220 facere
1896 3212 1905 3227 ,
1924 3189 2165 3233 &Temporaha
2186 3190 2306 3228 Episco-

1242 3238 1376 3268 patuum,
1395 3229 1430 3259 ad
1443 3239 1514 3267 quos
1528 3229 1567 3259 fic
1581 3228 1771 3266 assumuntur,
1786 3238 1802 3259 a
1817 3228 1898 3258 nobis
1917 3237 2042 3268 recipere
2059 3227 2262 3268 astringuntur:

1278 3266 1369 3297 Hunc
1388 3267 1506 3297 Morem
1517 3289 1527 3304 ,
1545 3266 1614 3298 sicut
1627 3266 1732 3305 nostis,
1750 3276 1811 3296 non
1825 3265 1916 3296 solum
1931 3265 2036 3305 Regia,
2057 3266 2095 3297 set
2112 3268 2197 3298 etiam
2216 3267 2300 3308 Apo—

1243 3304 1356 3343 stolica,
1375 3304 1527 3336 introduxit
1539 3304 1704 3343 auctoritas,
1725 3305 1759 3336 &
1776 3305 1916 3344 longaevae
1937 3304 2156 3337 Consuetudinis
2176 3304 2238 3336 usus
2254 3305 2304 3338 U·

1247 3343 1367 3372 rentium
1382 3344 1508 3374 moribus
1520 3343 1696 3380 approbavit.

1278 3380 1348 3411 Hoc
1362 3381 1495 3420 siquidem
1516 3381 1565 3420 Jus
1585 3383 1669 3421 regiae
1690 3380 1820 3412 Coronae
1839 3381 1944 3412 nostrae
1967 3382 2005 3414 fic
2024 3381 2197 3417 anneffitun
2219 3381 2302 3419 quod

1242 3428 1302 3448 non
1316 3419 1461 3456 possumus
1476 3421 1531 3450 sine
1552 3420 1704 3451 violatione
1720 3419 1835 3458 praestiti
1851 3431 1867 3451 a
1881 3422 1978 3459 nobis,
2003 3422 2033 3451 in
2053 3420 2148 3450 nostra
2168 3418 2301 3463 Corona—

1240 3457 1333 3496 tione,
1351 3458 1521 3489 Sacramenti
1531 3482 1540 3496 ,
1558 3459 1614 3495 ejus
1628 3458 1850 3489 diminutionem
1864 3458 1910 3489 seu
1924 3459 2140 3490 subtractionem
2151 3456 2301 3496 aliqualiter

1241 3496 1368 3526 tolerare:
1389 3496 1531 3535 Qiinimo
1545 3498 1578 3527 ad
1594 3498 1652 3536 ejus
1664 3497 1873 3535 defensionem,
1889 3499 1942 3528 una
1953 3497 2128 3534 Nobiscum,
2144 3503 2245 3526 ornnes
2264 3495 2299 3527 &

1240 3534 1353 3574 singuli,
1371 3536 1452 3566 nobis
1466 3536 1592 3575 Subditi,
1606 3545 1640 3566 ex
1656 3535 1810 3575 Ligeant'iae
1823 3536 1879 3566 suae
1891 3536 2006 3574 debito,
2029 3533 2198 3579 obligampr-

1278 3573 1477 3613 Qiamobrem
1491 3575 1582 3605 mirari
1595 3574 1794 3612 compellimur
1808 3575 1841 3605 δε
1857 3575 1968 3605 morteri
1981 3582 2015 3604 ex
2028 3582 2066 3602 eo
2078 3593 2088 3608 ‚
2113 3571 2191 3615 quod
2225 3579 2296 3609 prae-

1238 3612 1323 3642 misfis
1337 3623 1424 3650 nuper
1439 3614 1513 3643 circa
1527 3612 1690 3652 personam,
1708 3612 1880 3643 Venerabilis
1894 3612 1992 3648 Patris,
2007 3608 2152 3652 Wolstam
2207 3617 2296 3647 ygor·

1238 3650 1350 3686 niensis,
1374 3650 1462 3681 Eleffi
1477 3651 1656 3688 confirmati,
1673 3661 1723 3688 per
1735 3651 1866 3681 ordinem
1881 3650 2048 3685 observam,
2070 3647 2156 3691 bonae
2179 3655 2294 3678 memo-

1237 3688 1303 3725 riae,
1321 3689 1472 3726 Walterus,
1494 3699 1582 3727 nuper
1595 3689 1797 3720 Cantuarienfis
1811 3686 2072 3729 ArchiepiscopuS,⁴
2083 3684 2175 3728 eidem
2191 3683 2293 3733 1⁴]er

1238 3727 1333 3763 (cujus
1344 3727 1518 3758 Fidelitatem
1531 3728 1578 3758 diu
1594 3727 1634 3757 est
1649 3729 1805 3764 recepimus
1816 3750 1827 3765 ‚
1852 3727 1885 3770 Sc
1905 3723 2089 3768 Temporalia
2108 3721 2294 3772 Episcopatus

1236 3765 1307 3795 illius
1320 3767 1345 3795 ei
1365 3766 1556 3800 restituimus)
1583 3776 1684 3797 munus
1706 3766 1930 3796 consecrationis
1948 3760 2111 3809 impendere
2131 3761 2290 3807 voluntarie

1234 3803 1386 3842 recusavit,
1405 3814 1576 3842 quamquam
1591 3805 1668 3844 super
1680 3805 1738 3835 hoc
1751 3803 1842 3835 fuisset
1857 3811 1926 3848 qum
1937 3800 2030 3831 debita
2053 3797 2183 3830 instantia
2196 3810 2290 3838 requi-

1234 3842 1312 3877 situ3‚
1331 3842 1363 3871 &
1376 3843 1524 3873 solicitatus
1536 3843 1634 3881 pluries
1647 3853 1680 3873 ex
1693 3851 1768 3881 parte
1782 3839 1886 3884 nostra.
2095 3875 2104 3884 ἱ
2164 3876 2169 3882 .

1269 3880 1451 3912 Advertentes
1467 3883 1568 3919 igitur,
1586 3890 1618 3911 eit
1633 3879 1792 3919 hujusmodi
1803 3878 1953 3914 dilatione,
1967 3885 2027 3919 non
2048 3874 2211 3919 solum'ipsi
2224 3875 2291 3922 Ele-

1231 3918 1280 3947 c'to
1295 3919 1390 3957 (cujus
1403 3919 1522 3950 honores
1534 3922 1566 3950 &
1581 3919 1751 3957 commoda,
1770 3918 1811 3948 ob
1830 3916 1910 3957 ipsius
1930 3914 2292 3958 probitat18·&-1ndustriae

1230 3957 1451 3994 magnitudinem
1465 3981 1474 3996 ,
1492 3958 1599 3988 fincero
1618 3958 1742 3988 velamus
1760 3955 1864 3987 affieCffl
1879 3956 1889 3989 )
1915 3962 2002 3990 grave
2023 3952 2233 3997 Pfaelud¹c¹um3
2251 3953 2290 3985 set

1229 3995 1311 4025 nobis
1323 3996 1407 4027 etiam
1420 3996 1461 4033 (fi
1473 3997 1666 4036 contingeret,
1681 3994 1759 4035 quod
1771 3993 1850 4032 abfit,
1863 3991 1914 4031 Jus
1927 3989 2056 4022 nostrum
2066 4000 2175 4032 regium
2188 3991 2300 4070 auffitgf'

1614 2922 1718 2954 assensu
1733 2922 1835 2961 Regio
1850 2922 2154 2963 adhibito,fignificare
2165 2921 2311 2966 habemus,

2328 2893 2407 2958 do'zl‘ss'
