2562 4279
0 230 71 267 ann.
82 231 125 262 D.

23 277 108 310 1345-

0 311 60 341 Edv.
81 319 107 346 3.

0 458 131 496 !V439·

0 1064 73 1097 Anti.
87 1063 130 1097 D.

0 1114 51 1171 Ala}
55 1112 101 1170 4158
105 1164 113 1171 .

0 1203 56 1248 Pht.
71 1203 123 1247 ‘IS-

0 1263 25 1287 Ε.
47 1268 72 1294 3.
87 1265 111 1294 Ρ.

0 1306 67 1325 2.m.
81 1307 110 1331 4.

0 3217 75 3250 Ann.
88 3218 130 3249 D.

21 3265 103 3296 1345·

0 3299 50 3323 An.
73 3306 115 3330 19.

0 3337 30 3361 E.
53 3343 78 3369 3.

0 3375 41 3399 Ex
58 3375 115 3399 Au-

0 3416 65 3444 togr.

1 3446 134 3484 ⁸?V.440.

140 156 212 198 172

179 227 269 265 Super
281 226 339 256 boc
354 223 434 255 (116ὶο
448 223 582 253 Domino
593 222 715 253 Summo
730 220 863 251 Pontifici
877 230 925 258 per
939 218 1049 263 nostras
1063 217 1115 263 ¹sup
1136 216 1204 260 lica-

143 267 237 298 vimus
257 265 363 295 Literas
380 262 508 300 speciales
528 269 582 298 ut,
606 270 673 290 cum
692 260 768 290 idem
790 259 962 296 Episcopus,
983 268 1041 296 jam
1061 267 1090 287 in
1134 264 1200 300 emo

143 304 329 340 constitutus,
346 309 460 338 propter
472 299 675 336 Impotentiam
690 298 866 328 versimiliter
881 299 909 327 in
921 298 966 327 via
978 294 1202 339 deficerethig-

143 352 225 374 netur
246 341 311 378 sibi,
337 338 429 377 quoad
447 337 695 375 Comparitionem
715 335 895 366 Personalem
917 336 946 365 in
966 334 1072 373 Curia,
1097 333 1203 364 iniseri-

144 380 267 412 corditer
280 377 437 418 ignoscere,
456 377 506 413 &,
525 385 556 406 ut
570 385 618 413 per
632 374 834 405 Procuratores
848 375 910 405 suos
924 373 1109 412 respondere,
1127 373 1203 403 &ie

145 417 294 450 defendere
309 416 414 453 valeat,
432 424 553 445 annuere
568 414 705 452 gratiose,
1041 451 1046 456 ι
1123 450 1128 455 ⁸

184 458 203 476 ἦ*
222 455 259 486 Et
273 454 339 484 ideo
353 453 502 493 specialiter
513 463 565 483 vos
579 461 712 491 rogamus
722 452 850 489 quatinus
865 450 1101 493 Procuratoribus
1122 448 1203 492 ipsius

143 494 291 533 Episcopi,
310 494 338 522 in
353 492 433 528 ipsius
447 490 650 521 prosecutione
666 490 803 529 Negotii‚
822 491 916 529 pronis
929 488 1062 519 Consiliis
1073 490 1107 519 &
1117 488 1205 518 Auxi-

144 534 186 564 liis
200 532 287 564 velitis
300 530 435 566 assistere,
445 530 477 561 &
486 530 518 560 ad
528 527 740 569 impediendum
753 528 860 558 diastam
870 528 1061 559 Vocationem
1071 525 1204 570 Persona-

145 573 204 603 lem
222 579 289 600 cum
311 568 438 600 efficacia
459 568 598 606 laborare,
616 568 649 598 ὅ(
669 567 760 604 ipsum
782 566 972 605 Episcopum,
996 566 1076 603 super
1097 565 1148 595 sibi
1167 565 1204 595 sic

144 608 300 645 Impositis,
318 608 385 644 viis,
403 606 504 644 quibus
518 607 656 644 porei-itis,
674 605 808 636 excusare.
995 643 1010 648 ..

183 647 251 678 Dat.
268 645 341 684 apud
355 643 662 682 Westmonasterium,
680 644 818 675 vicesimo
833 643 879 674 die
888 642 1020 681 Januaru.

442 720 612 753 Consimiles
626 720 742 751 Litterae
754 719 908 758 diriguntur

183 802 265 837 Magi
287 810 315 828 ra
327 797 456 837 Johamn·
468 799 499 828 de
515 797 627 837 Offord,
645 799 755 827 Decano
768 795 935 834 Lincolniae‚
951 792 991 830 ὠ·

184 842 280 868 Fratri
294 838 398 867 Thomae
410 836 454 866 del
465 837 524 879 Iste.
907 868 909 870 ¹

231 966 292 998 Pro
311 961 480 1012 Reymundo
496 961 532 995 de
551 965 661 1009 Farges
679 960 858 1004 Cardimrle,
883 958 919 993 de
939 961 1126 994 Proteslione.

152 1048 284 1106 REX
306 1049 421 1080 omibus
439 1047 550 1079 Ballivis
570 1046 604 1078 &-
623 1046 763 1078 Fidelibus
783 1046 852 1084 suis,
870 1045 904 1077 ad
927 1055 1017 1084 quOS,
1035 1046 1097 1077 &c.
1131 1045 1210 1076 Salu-

229 1097 297 1118 tem.

186 1125 283 1156 Sciatis
306 1125 386 1165 quod
407 1125 571 1163 suscepimus
592 1125 620 1155 in
641 1124 859 1155 Proteaionem
880 1124 913 1154 &
930 1122 1138 1153 Defensionem
1157 1133 1211 1153 no-

149 1163 233 1195 stram
257 1165 473 1201 Procuratores,
493 1163 629 1200 Ballivos,
647 1164 680 1194 ὃς
703 1164 771 1194 alios
790 1162 951 1201 Homines,
968 1161 1139 1192 Venerabilis
1159 1161 1212 1206 Pa-

151 1204 212 1241 tris,
232 1203 395 1242 Reymundi
408 1202 443 1233 de
456 1202 574 1239 FargeS,
592 1201 704 1232 Sanctae
720 1201 821 1232 Mariae
838 1200 940 1231 Novae
960 1200 1086 1230 Diaconi
1109 1200 1212 1230 Cardi-

149 1241 233 1287 nalis,
252 1240 363 1272 Decani
383 1241 518 1272 Ecclesiae
541 1240 630 1271 Beatae
651 1239 752 1270 Mariae
772 1240 888 1275 Sarum,
916 1239 1116 1270 Archidiaconi
1138 1240 1213 1278 Ley—

149 1280 275 1318 cestriae,
294 1281 327 1312 ὃ(
339 1279 472 1310 Personae
485 1279 674 1310 Ecclesiamm
688 1278 723 1308 de
740 1278 818 1315 Leyk
834 1278 867 1308 δε
882 1277 1028 1316 Horncse,
1046 1288 1078 1308 ac
1093 1278 1212 1316 Terras,

151 1318 224 1357 Res,
243 1318 397 1357 Redditus,
415 1319 449 1349 &
462 1328 565 1348 omnes
580 1317 766 1347 Poffeffiones
779 1316 860 1355 ipsius
873 1316 1043 1346 Cardinalis:

189 1357 225 1388 Et
242 1357 309 1389 ideo
329 1358 411 1388 vobis
426 1357 590 1387 mandamus
606 1355 685 1392 quod
700 1354 913 1393 Procuratores,
934 1354 1068 1392 Banivos,
1087 1355 1121 1386 &
1143 1355 1211 1385 alios

150 1396 295 1427 Homines
307 1406 339 1426 ac
353 1396 472 1433 Terras,
491 1395 567 1431 Res,
585 1393 742 1432 Redditus,
756 1395 790 1425 &
803 1403 903 1423 omnes
925 1393 1112 1424 Possessiones
1131 1394 1212 1432 ipsius

151 1434 307 1466 Cardinalis
320 1435 535 1472 manuteneatis,
552 1430 612 1467 &a
625 1439 706 1471 prout
721 1435 750 1462 in
766 1431 939 1472 consimilibus
953 1432 985 1462 de
1001 1434 1138 1463 Conduc't'u
1158 1436 1212 1465 Li-

151 1482 228 1505 terrs.
650 1485 654 1489 ’

228 1511 261 1543 In
277 1513 370 1550 cuius,
387 1513 447 1542 &e
467 1520 516 1548 per
530 1519 618 1539 unum
632 1509 750 1540 Annum
762 1509 911 1541 duraturas.

190 1551 280 1582 Teste
302 1550 382 1590 Rege
402 1549 475 1588 apud
495 1547 803 1588 Westmonasterium,
827 1549 966 1580 vicesimo
989 1550 1085 1587 primo
1105 1549 1151 1580 die
1166 1548 1214 1589 Ja-

150 1600 248 1621 nuani.

660 1628 713 1656 Per
727 1629 820 1656 Breve
835 1627 866 1657 de
881 1628 998 1657 Privato
1010 1625 1109 1664 Sigillo.

193 1752 252 1788 Ad
267 1752 461 1794 Caudinam,
492 1751 528 1784 de
547 1752 627 1784 nullo
636 1752 726 1798 fitper
746 1754 822 1784 Pace
838 1752 987 1785 TraHam
1000 1779 1009 1795 ‚
1037 1753 1094 1796 nist
1105 1764 1177 1787 cum

271 1802 346 1848 affen
360 1814 380 1834 u
397 1804 434 1839 (ῥ’
457 1800 643 1845 avifhmcnto
663 1801 888 1847 Alligatomm,
913 1804 1090 1847 accipienda.

216 1887 447 1918 EvEnENTz
466 1885 637 1924 Prcnes,

253 1925 341 1956 Nous
363 1935 506 1956 receumes
529 1934 588 1955 voz
606 1925 732 1963 Lettres,
759 1925 784 1956 le
805 1927 880 1956 xxvi.
895 1927 961 1964 jour
982 1925 1020 1957 de
1035 1925 1156 1966 Januer,
1173 1936 1215 1957 &-

153 1962 243 1998 criptz
254 1974 268 1993 a
286 1964 382 2003 Lyons
395 1963 420 1994 le
433 1963 561 1994 trezisme
572 1965 638 2002 jour
652 1963 688 1994 de
702 1962 885 2003 Decembre,

189 2001 244 2032 Par
260 2002 407 2046 lestqueles
421 2013 492 2033 vous
508 2012 579 2032 nous
600 2002 723 2042 signifiez
743 2013 879 2042 coment,
899 2003 994 2035 nostre
1012 2004 1091 2036 seint
1113 2004 1212 2044 Piere,

124 2074 130 2080 ⁴
152 2039 177 2070 le
190 2039 265 2081 Pape
280 2051 308 2079 qt
321 2041 354 2071 ad
370 2040 502 2081 tresgrant
516 2040 586 2071 desir
600 2040 636 2071 de
649 2050 751 2072 mettre
763 2043 823 2073 bon
839 2042 908 2073 Pees
921 2053 999 2074 entre
1014 2053 1086 2074 nous
1100 2044 1134 2075 &
1154 2053 1214 2074 noz

121 2114 127 2119 ·
151 2078 325 2117 Adversairs,
344 2081 378 2111 &c
393 2089 512 2110 comem
527 2080 545 2110 il
568 2089 640 2110 vous
661 2081 759 2111 envoit
778 2091 825 2119 par
847 2080 945 2111 devers
961 2092 1033 2113 nous
1052 2093 1104 2120 pur
1118 2085 1212 2114 treiter

84 2130 110 2158 d,
148 2117 184 2148 de
199 2118 223 2148 la
237 2117 439 2150 Reformation
452 2118 487 2149 de
502 2119 526 2149 la
542 2118 626 2157 Pecs,
644 2127 723 2150 entre
737 2129 809 2150 nous
826 2120 859 2151 ὅ(
873 2130 932 2151 noz
945 2120 1137 2160 Adversaircs,

187 2156 216 2187 Si
229 2167 299 2188 nous
310 2157 445 2195 supplietz
461 2168 516 2195 que
531 2167 602 2187 nous
616 2159 766 2188 envoioms
780 2168 795 2188 a
808 2158 904 2198 Vous,
923 2170 970 2198 par
991 2159 1082 2191 vestre
1105 2160 1212 2192 Mesia-

151 2205 187 2235 ge
201 2194 330 2233 Mateot,
348 2196 446 2227 nostre
461 2196 531 2227 Sauf
541 2194 698 2236 Conduyr,
716 2206 834 2228 coment
848 2209 918 2228 vous
935 2200 967 2229 δε
981 2209 1040 2229 voz
1062 2199 1213 2240 Meigniez

152 2234 272 2272 puissetz
283 2235 436 2268 salvement
450 2235 539 2274 paiser
551 2235 649 2267 devers
661 2246 735 2267 nous
747 2247 782 2268 en
798 2236 976 2277 Engleterre,
995 2248 1035 2269 ou
1047 2239 1072 2269 la
1086 2249 1125 2271 ou
1139 2250 1212 2270 nous

147 2275 276 2304 serroms.

185 2311 354 2343 Cumas
377 2312 510 2350 Arurs,

186 2350 273 2381 Nous
295 2362 366 2381 vous
387 2351 537 2390 uguitionis
550 2374 559 2387 ,
585 2361 638 2389 pur
659 2352 803 2391 response,
829 2363 899 2392 que,
923 2363 1042 2386 coment
1062 2365 1117 2394 que
1138 2365 1211 2386 nous

147 2388 250 2419 soioms
272 2389 409 2419 desirantz
429 2391 505 2420 bone
524 2388 593 2419 Pces
613 2392 692 2421 avoir
713 2392 753 2421 od
774 2401 832 2422 noz
850 2394 994 2424 avantditz
1016 2394 1188 2425 Adversaires
1201 2419 1210 2433 ,

149 2436 236 2466 nyent
254 2430 344 2458 meins
363 2439 434 2458 nous
456 2439 490 2458 ne
512 2438 635 2468 perorna,
655 2440 692 2460 ne
711 2429 842 2469 voloms,
865 2439 958 2461 entrer
974 2442 1008 2462 en
1023 2433 1089 2463 Tiel
1109 2433 1211 2471 Treit,

149 2466 169 2495 si
184 2477 261 2496 noun
276 2466 328 2496 dcl'
341 2466 444 2505 assent,
462 2467 495 2497 δε
515 2476 568 2509 par
584 2467 609 2496 le
632 2469 706 2505 avis,
724 2468 760 2498 de
782 2477 840 2499 noz
864 2470 965 2501 Allietz
984 2470 1033 2500 des
1054 2473 1153 2509 parties
1175 2472 1212 2502 de

149 2504 229 2541 dela,
253 2505 285 2535 &
308 2505 343 2534 de
362 2514 420 2535 noz
442 2514 531 2534 autre<
553 2505 637 2535 ioialx
661 2506 775 2543 illoeqes
795 2507 936 2545 esteanrz,
960 2508 1059 2540 devers
1079 2511 1115 2540 les
1133 2510 1211 2549 quels

149 2542 255 2573 Parties
269 2552 340 2572 nous
355 2554 425 2573 nous
439 2543 609 2574 adresseoms
621 2543 657 2574 de
672 2555 689 2584 y
702 2544 814 2583 estre,a
827 2547 887 2584 plus
902 2546 959 2577 tost
975 2558 1030 2586 que
1046 2548 1123 2579 Dieu
1138 2559 1210 2580 nous

148 2592 231 2612 vorra
245 2583 363 2612 ottroier
377 2583 436 2611 bon
451 2582 482 2612 δ’
497 2583 652 2622 cuv-enable
668 2583 779 2621 passage
795 2595 841 2622 par
856 2585 882 2614 se
899 2594 991 2624 grace.

186 2619 224 2650 Et
243 2628 333 2650 toutes
355 2621 428 2651 foitz
448 2630 520 2650 nous
541 2624 660 2652 ierronis
681 2631 783 2652 trovez.
796 2624 911 2661 enclyns
926 2625 959 2654 ὃ(
975 2626 1103 2663 propitz,
1122 2635 1210 2664 quant

147 2668 220 2689 nous
239 2658 358 2689 serrorns
378 2669 424 2696 par
445 2658 524 2695 dela,
543 2669 592 2696 par
610 2659 637 2689 le
659 2659 727 2690 Avis
746 2660 782 2691 de
806 2671 865 2691 noz
886 2664 1028 2694 avantditz
1050 2665 1155 2695 Allietz
1175 2665 1209 2695 &

147 2697 260 2735 Foialx,
278 2707 293 2727 a
308 2698 332 2727 la
349 2697 549 2728 Reformation
564 2698 600 2727 de
613 2699 690 2728 bone
704 2698 773 2729 Pees
788 2700 821 2730 ὅ(
835 2700 988 2732 resonable:

185 2735 224 2766 Et
245 2736 371 2766 meismes
389 2735 464 2766 ceste
485 2736 613 2773 response
629 2747 728 2768 avonis
748 2738 883 2777 n'adgairs
924 2750 970 2777 par
992 2740 1017 2770 le
1037 2740 1106 2770 Avis
1128 2742 1162 2772 &
1184 2741 1210 2772 le

145 2773 245 2804 Acord
265 2773 300 2804 de
322 2783 380 2803 noz
400 2774 512 2804 Grantz
533 2775 565 2806 &
579 2775 620 2816 ⁴de
641 2775 738 2805 nostre
758 2776 853 2807 Grant
872 2761 1003 2815 Conseil,
1029 2778 1105 2809 done
1123 2790 1155 2816 a,
1182 2779 1209 2809 le

147 2811 303 2842 honurable
326 2812 422 2850 Pierc,
438 2813 635 2851 l'Erccvelque
649 2814 686 2844 de
708 2814 838 2845 Ravenn.
859 2815 992 2854 Meslage
1006 2817 1043 2847 du
1067 2818 1107 2848 dit
1129 2818 1209 2849 Seint

147 2849 247 2894 Piercz,
265 2850 301 2881 de
322 2851 402 2889 quele
425 2851 569 2889 Response
589 2862 660 2883 nous
680 2863 717 2883 ne
742 2864 845 2891 pootns
866 2865 902 2885 ne
925 2866 961 2885 ne
980 2856 1093 2887 voloms
1110 2856 1209 2897 depar-

147 2896 190 2918 nr.

182 2927 265 2958 Don.
282 2937 317 2958 en
332 2927 428 2958 nostre
440 2928 526 2959 Palais
538 2927 573 2959 de
588 2928 713 2961 W'el’tm.
733 2930 759 2961 le
773 2932 858 2962 xxviii
872 2932 939 2970 jour
954 2931 990 2963 de
1000 2932 1131 2972 Janever.

142 3065 226 3109 Papa
246 3062 296 3106 arl-
311 3066 436 3112 Regem,
455 3063 537 3111 qnod
552 3066 674 3098 inclinet
693 3071 830 3100 animum
849 3068 894 3102 ad
910 3073 1037 3113 Pacem,
1061 3071 1207 3117 adjiciens

392 3114 538 3156 similiter
555 3127 635 3147 nova
651 3121 803 3162 tangentia
822 3119 947 3152 Tur-cas.

210 3195 519 3241 LemensEpiscopus,
538 3199 640 3229 Servus
655 3200 809 3231 Servorum
826 3201 901 3240 Dei,
921 3204 1060 3235 carissimo
1076 3206 1105 3235 in
1122 3204 1209 3236 Chri-

205 3273 209 3277 ·
227 3234 271 3265 sto
290 3235 376 3272 lulio,
395 3235 554 3277 Eduardo,
575 3238 654 3276 Regi
677 3239 788 3278 Angliae
803 3239 922 3279 Illustri,
940 3243 1065 3274 Salutem
1080 3245 1113 3275 &
1127 3245 1207 3283 Apo-

149 3270 276 3303 stolicam
296 3273 538 3306 Benedictionem.

151 3349 156 3354 ¹
181 3309 307 3354 ‘Dudum
326 3312 525 3357 affiidiionibus
546 3316 644 3353 variis,
662 3317 695 3346 δε
716 3316 780 3346 diris
795 3318 814 3337 ²*
827 3318 1068 3358 oppressionibus,
1088 3322 1207 3361 quibus,

149 3348 188 3393 illi
201 3349 295 3380 hostes
316 3350 499 3389 ferociffimi,
517 3353 642 3391 Turclii,
659 3356 714 3384 viz.
735 3356 928 3387 Persecutores
950 3359 983 3389 ὃ(
1004 3358 1132 3389 Blasfemi
1155 3370 1208 3391 no-

149 3389 232 3419 minis
246 3387 415 3427 Christiani,
435 3391 569 3428 persecuti
588 3392 698 3423 fuerant
718 3395 893 3432 immaniter,
912 3397 945 3427 &
967 3397 1093 3436 persequi
1115 3400 1208 3428 conti-

149 3428 206 3457 nue
221 3437 280 3471 non
294 3427 433 3459 cessabant
449 3429 556 3459 Fideles
571 3429 693 3469 Christi,
712 3433 768 3470 ejus
782 3434 904 3470 pretioso
920 3434 1082 3474 redemptos
1100 3435 1207 3476 langui-

149 3474 202 3502 ne,
219 3476 248 3508 in
270 3466 411 3497 Romania
432 3476 463 3497 ac
485 3468 605 3505 partibus
626 3470 682 3499 aliis
703 3471 889 3501 transmarinis
908 3473 1206 3512 circumadjacentium

149 3501 315 3547 Regionum
329 3504 459 3544 degentes
471 3529 479 3544 ,
497 3508 583 3537 anxiis
598 3508 724 3538 relatibus
736 3509 832 3548 [uptus
846 3512 983 3549 repetitis,
1003 3522 1062 3542 non
1080 3513 1136 3542 iine
1157 3524 1206 3543 ve-

149 3540 275 3584 hementi
295 3542 395 3573 dolore
417 3543 521 3574 Cordis
542 3546 658 3585 auditis,
683 3556 803 3584 paternae
824 3550 929 3586 pietatis
951 3551 984 3580 &
1008 3551 1209 3588 compassionis

149 3579 252 3623 viscera
266 3582 443 3625 nequivimus
464 3584 628 3621 continere,
648 3587 799 3623 quominus
817 3587 920 3618 eisdem
944 3587 1139 3626 Christicolis,
1159 3592 1207 3628 qui

148 3617 184 3645 ab
204 3618 305 3661 eisdem
326 3620 532 3662 Turcliisstiun
554 3632 601 3659 per
624 3623 762 3662 Terram,
781 3626 867 3662 quam
890 3636 939 3663 per
962 3627 1046 3657 Mare
1067 3627 1206 3658 hostiliter

148 3655 372 3697 agrediebantur,
391 3662 464 3695 quali
479 3662 634 3699 continue,
652 3662 837 3699 spoliabantur
872 3665 1103 3702 vulnerabantur,
1121 3667 1207 3696 inter-

147 3691 330 3738 siciebantur,⁴
341 3698 373 3726 &
390 3697 518 3739 nonnulli
532 3699 669 3736 utriusque
680 3700 757 3730 sexus
772 3701 821 3731 sub
835 3688 1005 3739 Captivitate
1018 3704 1207 3735 Turchorum

148 3729 271 3773 [sorum
294 3735 436 3777 miserabili
457 3736 648 3767 vendebantur
668 3748 698 3768 ut
720 3739 855 3778 pecudes,
880 3742 913 3771 ὃς
935 3741 968 3771 ad
989 3743 1206 3780 abnegationem

167 3767 229 3810 idei
247 3769 419 3814 Catliolicte,
439 3783 491 3809 pro
512 3774 611 3804 dolor!
633 3778 825 3814 cogebantur,
842 3779 991 3815 providere
1009 3780 1045 3810 de
1069 3781 1209 3814 Succursu

150 3804 248 3849 aliquo
261 3807 293 3836 δε
308 3808 468 3852 detentione
480 3821 577 3841 contra
590 3822 649 3843 tam
665 3815 924 3856 abhominabilem,
942 3819 974 3849 8<
991 3820 1207 3856 ignominiofiim

149 3851 203 3877 toti
248 3843 433 3885 hristianitati,
453 3851 584 3891 sevitiam
601 3852 667 3882 curii
682 3863 850 3884 curaremus.

184 3881 385 3928 Qampbrem
400 3895 497 3917 manus
512 3890 560 3918 iub
575 3889 680 3921 divinoe.
695 3892 875 3923 miserationis
888 3894 990 3924 auxilio
1012 3904 1152 3932 ponentes
1174 3896 1208 3927 ad

147 3919 248 3959 fortia,
266 3928 327 3951 tam
347 3930 396 3960 per
415 3933 482 3961 VOS,
498 3928 590 3962 quam.
605 3938 653 3964 per
671 3930 845 3961 Cal'iffimum
863 3933 892 3961 in
907 3931 1025 3963 Christo
1040 3933 1142 3965 Filium
1155 3944 1209 3966 no—

150 3957 237 4002 strum
396 3958 508 3999 Regem
523 3963 603 4006 Cipri
620 3965 776 4006 illustrem,
792 3979 825 3999 ac
835 3992 844 4007 ,
858 3970 977 4001 dilectos
991 3971 1078 4002 Filios

148 3994 321 4037 Magistrum
334 3997 367 4028 δε
381 3996 488 4028 Fratres
502 4000 651 4038 Holpitalis
665 4005 758 4035 Sancti
767 4007 903 4044 johannis
916 4008 1113 4047 Jerolominati
1120 4034 1132 4049 ,

273 4034 393 4066 Ducem
406 4036 438 4067 &
452 4035 588 4070 Coniune
603 4041 800 4084 Vmariarum,
819 4046 852 4077 ὃ(
867 4047 1001 4085 quosdam
1016 4047 1123 4079 Fideles
1140 4049 1207 4081 alios

562 125 1362 179 CONVENTIONES,

1430 120 1820 179 LiTERAE,

1238 220 1349 244 certum
1364 212 1518 244 Galeamm
1531 212 1670 251 Stolium,
1688 211 1855 243 hominibus
1869 211 1939 243 arm'
1958 212 2012 243 eris
2024 212 2131 245 &aliis
2150 211 2235 247 rebus
2252 226 2305 250 ne-
2317 218 2395 253 Ann,
2408 214 2452 259 D,

1242 251 1362 282 ceffariis
1375 251 1544 282 sufficienter
1556 252 1746 290 munitarum,
1765 251 1800 281 ad
1817 259 1907 290 partes
1921 252 1940 282 il
1950 261 1977 282 as
1991 261 2045 289 pro
2057 252 2186 286 succursu
2202 256 2236 286 &
2253 256 2304 288 de-

1242 291 1369 322 fensione
1380 291 1582 329 praemistorum
1597 290 1620 320 F
1621 289 1751 328 idelium,
1763 290 1798 321 &
1811 289 1982 328 repreffione
1995 290 2134 322 Hostium
2143 315 2152 331 ,
2165 292 2217 324 sub
2225 294 2307 326 Prin-

1242 330 1324 366 cipali
1341 329 1557 361 Gubernatione
1568 339 1601 360 ac
1617 329 1790 367 Regimine,
1809 329 1973 360 venerabilis
1986 329 2087 361 Fratris
2100 331 2206 371 nostri,
2223 332 2310 365 Hen-

1243 369 1294 398 rici
1308 367 1477 399 Patriarchae
1497 367 1822 405 constantinopolitani,
1840 367 2018 406 Apostolicae
2037 369 2115 401 Sedis
2133 371 2164 401 in
2185 373 2310 410 partibus

1243 406 1295 436 illis
1306 406 1420 445 Legati,
1437 406 1628 437 ordinavimus
1640 405 1849 437 destinandum.

1280 444 1318 475 Et
1332 445 1398 476 licet
1409 454 1514 476 armata
1528 446 1609 476 Stolii
1619 449 1745 484 potentia
1757 444 1935 483 hujusmodi,
1953 455 2023 476 cum
2042 447 2182 479 nonnullis
2205 449 2311 482 Fideli-

1243 482 1295 513 bus
1304 506 1313 521 ,
1328 484 1356 513 in
1368 484 1503 515 auxilium
1517 483 1745 517 Christianorum
1759 484 1791 515 &
1806 485 2056 516 conculcationem
2071 486 2218 519 ἀίἃοτιιττι
2240 488 2311 520 Infi-

1243 520 1365 560 delium,
1387 522 1455 553 Illuc
1468 523 1582 553 fervore
1594 523 1754 555 devotionis
1774 522 1988 562 accedentibus,
2006 524 2130 556 multum
2152 527 2310 566 represserit

1244 560 1437 591 credulitatem
1449 562 1481 591 ὅ(
1496 561 1628 592 saevitiam
1640 561 1778 592 Hostium
1794 561 1980 600 eorumdem,
1999 571 2111 602 tamen,
2132 564 2186 596 hiis
2207 565 2309 599 diebus

1245 600 1408 638 praeteritis,
1425 599 1520 630 divina
1537 599 1716 639 Clementia,
1733 611 1797 639 quae
1814 610 1962 638 nunquam
1983 601 2069 632 cessat
2089 603 2119 632 in
2138 603 2190 634 suis
2203 604 2311 636 Fideli-

1245 638 1315 675 bus,
1333 638 1366 668 ὃ(
1379 638 1456 676 spem
1468 638 1544 668 suam
1557 639 1587 667 in
1603 637 1637 669 ea
1651 638 1819 678 figentibus,
1838 649 1853 669 a
1875 638 2119 672 benedictionibus
2172 643 2310 684 atiarum‚

1245 675 1301 705 suae
1322 675 1444 707 dexterae
1464 677 1623 713 potentiam
1643 678 1754 708 uberius
1773 677 1942 709 extendente
1954 702 1963 716 ,
1996 679 2126 716 praefatus
2174 682 2309 714 atriarcha

1246 723 1314 744 curn
1330 715 1434 745 eodem
1449 715 1560 753 Stolio,
1577 716 1611 746 &
1626 715 1722 746 multis
1734 717 1800 753 viris
1811 716 1939 747 fidelibus
1952 716 2086 758 strenuis,
2105 719 2226 757 ejusdem
2241 722 2310 753 zelo

1246 751 1324 784 Fidei
1343 753 1524 784 Orthodoxae
1543 754 1682 791 accenfis,
1700 753 1734 784 ad
1757 753 1912 786 Civitatem
1932 755 2069 794 Smirnoe,
2093 757 2192 789 locum
2211 760 2310 799 utique

1245 790 1427 822 fortissimum
1436 816 1446 829 ,
1462 792 1495 822 &
1508 791 1630 823 Portum
1644 791 1734 823 Maris
1743 791 1896 823 habentem
1904 796 2067 834 optimum,
2079 797 2109 826 in
2123 797 2225 835 quibus
2237 809 2312 837 prae-

1245 829 1392 861 didiorum
1406 830 1591 861 Turchorum
1607 830 1706 870 Gens,
1720 832 1839 862 nationis
1851 832 1969 871 foetidae,
1986 834 2158 874 specialiter,
2176 835 2248 868 sicut
2266 838 2313 868 in*

1247 869 1418 906 telleximus,
1437 870 1514 907 spem
1529 869 1584 900 suae
1598 869 1707 900 feritatis
1721 870 1862 907 ponebat,
1880 871 1914 902 &
1925 872 1992 902 inde
2005 875 2108 912 majora
2125 875 2247 914 dampna
2266 877 2312 908 in-

1246 908 1380 947 tulerant,
1399 908 1433 939 &
1449 908 1552 938 inferre
1565 916 1694 946 poterant
1710 907 1851 939 Fidelibus
1862 909 2024 949 antedictis,
2040 912 2170 952 acceffir;

1284 945 1323 978 Et
1339 955 1500 985 quanquam
1515 946 1628 978 Civitas
1639 947 1711 985 ipsa,
1729 948 1802 978 intra
1817 948 1852 978 &
1867 956 1960 986 ema,
1973 958 2042 979 cum
2055 949 2144 983 Portu
2158 952 2315 995 praedij,

1248 986 1355 1017 munita
1373 985 1443 1016 esset
1463 985 1611 1016 innumera
1634 985 1812 1016 multitudine
1832 985 2012 1025 Paganorum
2037 989 2126 1025 (inter
2151 1001 2224 1029 quos
2253 1002 2314 1025 erat

1248 1023 1456 1063 Marbaxanus,
1474 1023 1545 1055 Dux
1559 1024 1592 1055 &
1605 1024 1717 1055 Rec‘tor
1729 1034 1851 1062 magnus
1865 1025 2010 1062 ipsorum)
2028 1025 2094 1057 felix
2114 1036 2208 1060 tamen
2224 1029 2314 1063 Chri-

1248 1062 1404 1094 stianorum
1420 1062 1585 1101 Exercitus,
1602 1064 1631 1093 in
1647 1073 1706 1102 quo
1721 1065 1801 1101 pauci
1815 1072 1892 1094 erant
1913 1063 2039 1102 respe&u
2060 1066 2243 1100 multitudinis
2263 1069 2313 1101 In-

1247 1100 1373 1132 fidelium
1388 1101 1607 1141 praecliCtorum,
1624 1103 1653 1132 in
1665 1103 1768 1133 virtute
1782 1101 1869 1140 illius,
1886 1112 1902 1132 a
1918 1112 1978 1140 quo
1992 1103 2033 1133 est
2052 1105 2149 1136 omnis
2168 1107 2256 1138 virtus
2276 1109 2313 1141 &

1248 1141 1366 1171 victoria
1381 1164 1391 1179 ,
1423 1141 1563 1178 intrepide
1592 1150 1690 1171 contra
1709 1140 1890 1180 Paganorum
1912 1140 2078 1173 Exercitum
2097 1153 2131 1174 ae
2150 1143 2216 1175 forti
2229 1155 2258 1178 er
2276 1149 2312 1180 &

1249 1178 1363 1210 strenue
1385 1181 1508 1218 irruens,
1517 1178 1591 1249 gost
1612 1178 1777 1210 Conflieius
1797 1179 1920 1219 aliqum,
1938 1180 2040 1211 eisdem
2055 1181 2175 1213 devietis
2189 1183 2217 1224 gl
2240 1186 2316 1218 riose

1249 1217 1329 1249 Fidei
1345 1217 1502 1256 Hostibus,
1548 1219 1672 1249 ivitatem
1687 1218 1806 1249 eandem
1815 1243 1824 1256 ‚
1842 1228 1912 1249 cum
1924 1218 2014 1250 Portu
2028 1221 2063 1252 ὃς
2075 1220 2231 1254 Fortaliciis
2244 1223 2296 1255 suis
2306 1249 2318 1264 ,

1250 1257 1342 1295 posuit
1355 1256 1450 1288 divina
1464 1256 1642 1295 providentia
1659 1258 1737 1296 (quae
1748 1256 1779 1288 in
1793 1256 1841 1288 sua
1861 1257 2044 1296 dispositione
2061 1269 2123 1290 non
2144 1260 2257 1301 fallitur)
2286 1263 2318 1295 in

1251 1296 1379 1326 manibus
1392 1295 1494 1334 Populi
1509 1295 1678 1334 Christiani,

1286 1333 1445 1372 Dietusquc
1460 1334 1636 1373 Patriarcha,
1652 1335 1794 1366 eliminata
1806 1334 1907 1366 exinde
1922 1335 2055 1376 Paganici
2076 1335 2188 1369 Erroris
2211 1338 2319 1371 surci-

1250 1372 1304 1412 tia,
1324 1373 1391 1404 fecit
1404 1373 1529 1411 ibidem,
1544 1373 1578 1406 ad
1591 1373 1703 1405 laudem
1716 1375 1751 1405 ὅ(
1765 1373 1884 1413 gloriam
1901 1374 1992 1405 divini
2011 1377 2154 1416 nominis,
2173 1387 2208 1408 ex
2233 1380 2319 1410 tatio-

1248 1421 1317 1442 nem
1331 1411 1491 1444 Catholicae
1503 1413 1598 1451 Fidei,
1611 1413 1644 1444 &
1657 1413 1882 1444 consolationem
1895 1413 2018 1451 eiusdem
2034 1413 2138 1453 Populi
2153 1414 2322 1458 Christiani,

1248 1449 1343 1481 divina
1358 1450 1467 1482 Officia
1481 1451 1631 1489 celebrari,
1646 1461 1679 1483 ac
1693 1451 1838 1483 fortificari
1850 1452 1884 1483 δε
1897 1453 2002 1483 muniri
2017 1451 2173 1486 Civitatem
2185 1455 2318 1496 eandem,

1251 1497 1282 1520 ut
1296 1489 1421 1526 Fideles,
1439 1491 1488 1528 qui
1502 1490 1536 1522 ad
1552 1490 1734 1529 acquirendas
1754 1490 1858 1521 Terras
1879 1490 2060 1531 Paganorum
2081 1494 2202 1531 partium
2221 1504 2322 1526 earun-

1250 1527 1337 1568 dem,
1355 1530 1390 1561 &
1403 1529 1452 1560 sub
1466 1529 1543 1563 cultu
1558 1528 1739 1560 Orthodoxae
1755 1528 1835 1560 Fidei
1847 1529 2022 1562 reducendis
2041 1530 2167 1562 laborare
2186 1543 2241 1572 pro
2262 1534 2323 1565 sua-

1253 1577 1317 1597 rum
1336 1569 1492 1598 animarum
1512 1568 1597 1599 salute
1615 1568 1774 1606 voluerint,
1795 1567 1830 1599 ad
1852 1568 1939 1607 ipsam
1964 1569 2119 1601 Civitatem
2141 1571 2175 1602 &
2197 1571 2321 1604 Portum

1252 1605 1334 1650 ipsius
1349 1607 1506 1645 applicandi
1518 1607 1639 1639 solidum
1651 1607 1685 1639 ὃ(
1699 1608 1845 1645 optimum
1861 1607 1972 1640 valeant
1992 1607 2218 1642 Reclinatorium
2241 1621 2324 1651 repe·

1249 1655 1312 1675 rire.

1288 1683 1358 1714 Nos
1378 1692 1487 1723 autem,
1507 1684 1566 1716 tam
1587 1695 1637 1724 per
1657 1683 1924 1724 Litteras·ejusdem
1944 1685 2133 1726 Patriarchae,
2151 1689 2238 1727 qu‘am
2253 1689 2325 1720 alio-

1251 1732 1316 1752 rum
1330 1723 1353 1753 F
1354 1722 1553 1763 idedignorum
1562 1748 1571 1760 ,
1590 1733 1705 1754 necnon
1717 1725 1750 1755 &
1765 1725 1946 1762 quorundam
1961 1724 2065 1756 exinde
2079 1726 2257 1758 venientium
2277 1738 2325 1760 re-

1251 1759 1368 1800 latibus,
1385 1762 1546 1799 hujusrnodi
1558 1761 1691 1794 Viffitoria
1704 1762 1900 1802 Triumphali,
1918 1773 2006 1802 quam
2019 1764 2057 1794 de
2070 1763 2145 1796 Sede
2158 1765 2214 1796 suae
2234 1765 2288 1797 Ma
2310 1785 2324 1792 -

1252 1799 1385 1830 nitudinis
1404 1800 1481 1831 dedit
1506 1800 1676 1839 Altissimus,
1692 1810 1762 1831 curn
1785 1802 1892 1841 ingenti
1914 1801 2009 1832 laetitia
2028 1803 2138 1840 plenius
2162 1804 2323 1846 intellecta,

1251 1846 1394 1869 tantorum
1410 1838 1550 1870 Collatori
1565 1839 1711 1870 donorum
1724 1841 1752 1870 in
1767 1839 1926 1871 humilitate
1939 1839 2050 1879 spiritfis
2065 1842 2198 1873 exolvere
2212 1846 2325 1876 curavi-

1251 1886 1315 1908 mus
1331 1877 1459 1910 Vitulum
1477 1878 1653 1917 Labiorum,
1669 1878 1703 1909 &
1719 1878 1780 1908 tam
1794 1888 1844 1917 per
1864 1878 2076 1919 Proceffiones,
2095 1882 2183 1918 quam
2204 1881 2323 1914 Sermo-

1248 1926 1300 1985 (ries
1319 1916 1353 1947 ad
1373 1915 1495 1961 Clerum
1515 1918 1549 1948 δε
1568 1916 1730 1955 Populum,
1746 1917 1840 1947 laudes
1854 1916 1975 1948 fecimus
1988 1917 2169 1957 solempniter
2184 1918 2321 1953 Domino

1269 1964 1396 1986 ecantari.

1289 1993 1383 2025 Porro
1406 1994 1442 2025 de
1463 1994 1625 2033 hujusmodi
1646 1994 1775 2026 Vidioria
1788 2018 1798 2034 ,
1822 1993 1955 2026 Dilectus
1977 1994 2080 2033 Filius,
2105 1994 2226 2028 Nobilis
2248 1996 2324 2037 Vir,

1246 2031 1391 2071 Johannes
1406 2032 1507 2064 Bonde
1522 2033 1717 2072 Domicellus,
1735 2033 1773 2064 de
1787 2034 1912 2072 partibus
1932 2033 1982 2065 illis
2002 2034 2135 2074 veniens,
2153 2035 2187 2066 &
2209 2034 2244 2066 ad
2263 2043 2322 2068 tuae

1251 2072 1367 2110 Regalis
1380 2071 1563 2103 Excellentiae
1578 2072 1751 2111 praesentiam
1766 2072 1792 2102 se
1805 2072 1972 2110 conferens,
1986 2073 2036 2111 qui
2049 2073 2168 2111 praesens
2179 2075 2210 2104 in
2225 2074 2258 2106 ea
2272 2083 2323 2106 ex—

1252 2112 1324 2149 titit,
1339 2112 1372 2142 &
1394 2111 1473 2150 super
1496 2110 1580 2149 gestis
1602 2121 1650 2149 per
1672 2121 1738 2142 eum
1754 2112 1824 2141 inibi
1838 2111 2019 2142 laudabilibus
2034 2112 2227 2151 multipliciter
2239 2123 2324 2144 com-

1253 2149 1413 2194 mendatur,
1433 2150 1553 2180 eandem
1567 2149 1772 2181 Excellentiam
1779 2149 1893 2192 facere,
1912 2149 1979 2182 viva
1992 2160 2084 2190 voce,
2096 2153 2199 2191 poten't
2209 2151 2322 2192 plenius

1251 2198 1414 2220 CCl‘thI‘Cm.

1288 2227 1438 2267 Rogamus
1451 2229 1544 2266 itaque
1559 2227 1745 2260 Serenitatem
1760 2227 1905 2267 Regiam,
1925 2228 1960 2260 &
1973 2228 2106 2260 attentius
2127 2229 2156 2259 in
2181 2228 2321 2261 Domino

2341 270 2428 303 1345-

2323 303 2388 330 Edv.
2407 308 2436 342 3.'

1249 2267 1610 2310 exhortamur,hQuatinus
1633 2268 1728 2306 Qae,
1748 2267 1882 2306 Qanta,
1908 2267 1942 2298 &
1967 2268 2070 2306 Qalia
2092 2267 2238 2307 Principes
2262 2267 2321 2299 Ca·
2349 2291 2351 2295 Α

1250 2305 1370 2344 tholici‚
1386 2305 1421 2336 ad
1435 2307 1560 2344 ejusdem
1578 2305 1769 2337 dilatationem
1792 2305 1885 2343 Fidei,
1903 2315 1937 2337 ac
1956 2305 2011 2337 suae
2035 2306 2124 2337 salutis
2146 2307 2180 2338 &
2202 2308 2322 2338 honoris

1250 2353 1455 2384 augmentum,
1474 2345 1585 2383 possent
1600 2355 1681 2385 agere
1691 2345 1743 2376 hiis
1757 2344 1948 2383 temporibus,
1966 2345 2000 2384 si,
2017 2344 2138 2376 Guerris
2150 2346 2185 2377 &
2199 2345 2320 2377 Dissen-

1249 2383 1371 2414 sionibus
1392 2383 1442 2414 suis
1463 2383 1649 2421 cessantibus,
1667 2383 1812 2415 intendere
1829 2385 1906 2415 circa
1923 2383 1986 2415 talia
2006 2393 2207 2423 procurarent,
2226 2385 2320 2416 consi-

1249 2422 1377 2452 deranter
1398 2422 1562 2461 attendens,
1581 2431 1611 2453 tu
1634 2422 1699 2460 (Fili
1719 2422 1867 2459 cariffime)
1892 2431 1979 2460 quem
1992 2422 2027 2453 ad
2042 2423 2103 2454 talia
2120 2424 2154 2455 ὃς
2169 2423 2280 2463 similia,
2298 2425 2318 2445 *Ρ

1248 2461 1319 2490 inter
1338 2469 1456 2491 caeteros
1477 2460 1623 2499 Principes
1642 2460 1811 2493 Catholicos
1833 2461 1921 2492 Orbis
1935 2461 2056 2500 Terrae,
2075 2470 2191 2501 aptum,
2208 2471 2318 2493 conve-

1248 2501 1392 2537 nientem,
1411 2501 1443 2530 &
1459 2500 1604 2539 ydoneum
1622 2509 1800 2539 reputamus,
1817 2500 1852 2530 ad
1864 2500 1922 2532 vias
1936 2499 2083 2539 pacificas,
2101 2500 2181 2538 super
2196 2499 2317 2531 Guerris

1248 2539 1316 2577 tuis,
1335 2540 1464 2569 animum
1476 2541 1589 2575 regium
1604 2539 1718 2578 dirigas,
1735 2539 1857 2576 abilites,
1873 2538 2056 2569 effectualiter
2075 2538 2109 2569 &
2131 2537 2266 2576 inclines,
2285 2548 2317 2570 ut

1247 2578 1276 2607 in
1297 2578 1363 2615 hiis,
1383 2587 1448 2615 quae
1469 2577 1528 2608 Dei
1551 2578 1629 2616 sunt,
1646 2577 1753 2616 tuisque
1773 2577 1926 2608 honori&
1938 2577 2013 2619 saluti
2027 2583 2206 2615 congruunt,
2225 2577 2318 2607 inten-

1247 2615 1329 2653 dere,
1354 2615 1422 2646 sicut
1439 2615 1625 2647 desideranter
1647 2615 1828 2653 affectamus,
1855 2615 1950 2651 sicque
1970 2622 2042 2643 Vires
2066 2622 2124 2644 tuae
2147 2614 2320 2655 fortitudinis

1247 2654 1337 2684 valeas
1356 2663 1503 2692 exercere,
1528 2654 1628 2693 quod,
1653 2654 1718 2694 post
1737 2654 1849 2684 cursum
1869 2653 1938 2695 vit-„e
1958 2653 2099 2696 praesentis
2116 2674 2126 2690 ,
2150 2652 2186 2682 de
2208 2652 2239 2684 R
2277 2664 2317 2685 no

1247 2693 1412 2736 temporali,
1430 2692 1510 2730 quod
1523 2694 1653 2731 obtines,
1673 2691 1826 2722 Coronam
1838 2689 1933 2729 Regni
1948 2699 2080 2720 merearis
2097 2692 2227 2729 accipere
2256 2702 2319 2724 em-

1270 2740 1360 2760 ΙῖΕΓΠΙ.

1248 2742 1268 2769 p
1283 2767 1352 2800 Dat.
1369 2767 1504 2800 Avinion.
1524 2767 1591 2798 Kal.
1609 2768 1771 2805 Februarii,
1788 2764 1977 2798 Pontificatfis
1991 2766 2081 2798 nostri
2097 2766 2186 2800 Anno
2203 2770 2298 2801 tertio.

2012 2850 2047 2879 G.
2065 2849 2097 2880 de
2112 2850 2204 2882 Aula.

1817 2931 1871 2963 Sub
1875 2931 1938 2974 filis
1953 2932 2138 2963 cannabaceis.

1401 3079 1450 3111 De
1470 3058 1648 3119 conducite,
1667 3087 1725 3122 pro
1747 3072 2164 3120 Cardinalibusficpradiiflis.

1248 3167 1467 3230 EDwardus,
1486 3168 1544 3199 Dei
1564 3167 1667 3208 gratia,
1688 3167 1748 3198 Rex
1771 3165 1885 3204 Angliae
1906 3166 1941 3196 &
1957 3164 2098 3209 Ρτᾳηείςς,
2116 3166 2151 3197 &
2166 3164 2314 3197 Dominus
2329 3170 2405 3203 Αηῃ,
2420 3171 2463 3206 1),

1324 3207 1490 3244 Hiberniae,
1516 3206 1691 3244 Admirallis,
1712 3205 1853 3242 Magistris
1874 3205 1908 3235 &
1932 3203 2092 3234 Mannarus
2114 3203 2262 3243 Navium,
2277 3214 2312 3236 ac
2357 3221 2441 3252 1345.

1246 3246 1378 3276 universis
1400 3246 1433 3277 &
1456 3245 1567 3284 lingulis
1584 3245 1741 3282 Portuum,
1768 3242 1994 3286 Traversorum·
2016 3242 2223 3281 Pedagiorum,
2240 3244 2311 3274 alio·
2325 3253 2378 3279 An.
2402 3261 2444 3286 19.

1247 3293 1369 3322 rumque
1384 3283 1550 3322 Locorum,
1569 3283 1671 3313 Terrae
1693 3281 1855 3320 Marisque,
1872 3280 1946 3311 Cust
1987 3281 2065 3320 ibus,
2080 3281 2114 3313 &
2135 3291 2189 3319 pro
2210 3281 2312 3313 Nobis
2328 3292 2357 3317 E.
2377 3298 2403 3326 3,

1246 3324 1275 3352 in
1296 3323 1388 3353 Terra
1408 3322 1541 3360 Matique
1562 3320 1782 3360 quomodolibet
1793 3319 1992 3359 existentibus,
2008 3320 2168 3358 caeterisque
2178 3320 2311 3359 Justicia-
2326 3331 2464 3365 Franz-,195

1245 3361 1307 3397 riis,
1326 3360 1522 3398 Officialibus,
1540 3361 1573 3392 &
1588 3359 1828 3390 Commissoribus
1841 3359 1937 3397 Regni
1955 3358 2060 3398 nostri,
2078 3358 2125 3389 vel
2142 3368 2245 3389 eorum
2264 3359 2309 3390 lo·
2324 3369 2462 3404 E.3.p.1‚

1246 3409 1279 3428 ca
1298 3399 1492 3435 TenentibuS,
1516 3397 1641 3429 Subditis
1663 3397 1782 3435 nostris,
1804 3396 1996 3435 Stipendiariis
2013 3398 2047 3429 ὃς
2063 3396 2227 3441 Conduffis

1246 3438 1331 3467 etiam
1349 3448 1411 3468 non
1430 3436 1571 3476 Subditis,
1589 3436 1624 3468 ad
1646 3447 1718 3476 quos
1738 3436 1841 3467 Literae
1855 3435 2002 3474 praesentes
2017 3444 2214 3474 pervenerint,

1246 3485 1315 3506 tem.

1283 3513 1382 3552 Cum,
1401 3513 1579 3545 Venerabiles
1591 3513 1706 3553 Patres,
1723 3515 1755 3545 &
1767 3513 1865 3544 dilesti
1878 3513 1960 3544 nobis
1975 3513 2005 3544 in
2020 3511 2172 3550 Domino,
2190 3512 2312 3544 Nieho-

1246 3552 1302 3582 laus
1322 3553 1556 3590 Archiepiscopus
1577 3552 1746 3590 Ravennas,
1771 3553 1805 3583 δε
1823 3551 1922 3582 Petrus
1942 3551 2178 3589 Archiepiscopus
2200 3550 2313 3582 Astori-

1246 3591 1352 3629 censis,
1370 3591 1405 3621 de
1424 3592 1556 3621 mandato
1577 3592 1610 3622 &
1634 3592 1811 3622 Auctoritate
1832 3590 2010 3628 Apostolicae
2031 3589 2126 3628 Sedis,
2152 3599 2207 3629 pro
2230 3591 2314 3621 certis

1247 3629 1402 3697 Νεεῖἕῖοτίἰε,
1420 3630 1450 3659 in
1463 3629 1595 3669 Angliam
1610 3629 1731 3669 dirigant
1746 3628 1853 3667 gressus
1866 3628 1946 3667 suos,

1324 3678 1356 3698 os

1285 3691 1395 3736 Eisdein
1413 3706 1638 3744 Archiepiscopo
1652 3707 1686 3737 &
1700 3705 1864 3744 Episcopo,
1881 3706 1916 3736 δε
1929 3714 2031 3736 eorum
2045 3704 2178 3743 cuilibet,
2196 3712 2311 3734 necnon

1246 3743 1353 3782 Sociis,
1380 3745 1584 3783 Servitoribus,
1607 3744 1810 3782 Consortibus,
1836 3743 2047 3781 Familiaribus,
2073 3743 2203 3780 Valletis‚
2221 3741 2311 3772 Nun-

1245 3783 1314 3821 eiis,
1335 3782 1525 3822 Meffigeriis,
1543 3784 1576 3814 &
1594 3782 1730 3813 Ministris
1743 3793 1862 3820 eorum,
1881 3783 1914 3814 &
1937 3782 2054 3813 cuilibet
2073 3779 2256 3828 eorumdem,
2274 3779 2311 3810 de

1245 3820 1349 3859 pleno,
1368 3831 1455 3860 vero,
1473 3822 1549 3852 salvo
1564 3822 1598 3852 &
1613 3822 1711 3853 securo
1727 3820 1905 3858 Conduecu,
1923 3820 1981 3851 fine
1998 3819 2095 3850 fraude
2113 3826 2312 3857 quacumque,

2166 3918 2176 3931 Ἴ

1246 3935 1350 3973 Sociis,
1378 3909 1581 3975 Servitorigus,
1598 3908 2049 3979 1ἒῖοιιῐοηῑῖιοιιε,ΡοΡάττιίΙὶ-«ιτὼμε,
2070 3931 2201 3971 valletis,
2226 3933 2314 3964 Nun·

1247 3975 1314 4012 ciis,
1330 3973 1525 4015 Meffageriis,
1543 3976 1576 4006 &
1602 3975 1741 4006 Ministris
1759 3985 1881 4014 eorum,
1899 3976 1933 4006 ὃ(
1953 3957 2100 4011 cujuss'xbet
2127 3971 2314 4016 eorumdem,

1247 4022 1362 4042 necnon
1379 4013 1446 4051 illis,
1463 4015 1511 4051 qui
1524 4013 1560 4044 de
1575 4013 1679 4052 Regno
1694 4014 1822 4045 Franciae
1835 4014 1869 4044 &
1883 4021 1961 4042 extra
1973 4010 2008 4041 ad
2028 4009 2166 4047 Regnum
2188 4009 2319 4055 Anguis,

1248 4051 1282 4082 ὃς
1296 4050 1331 4081 de
1344 4050 1404 4090 ipso
1417 4051 1525 4090 Regno
1539 4052 1657 4091 Angliae
1669 4053 1703 4085 &
1718 4061 1793 4085 extra
1808 4051 1843 4083 ad
1854 4051 1994 4089 Regnum
2010 4047 2158 4086 Franciae,
2174 4057 2226 4087 per
2245 4048 2322 4117 lpfflf

2232 3421 2314 3467 saiu-

2273 3407 2308 3428 aC
2327 3414 2363 3433 m.
2379 3413 2425 3442 35.
