2562 4279
233 72 310 123 178

232 156 299 196 (ta,
318 166 367 196 per
380 156 447 188 Nos
460 166 518 188 non
533 157 668 187 deberent
687 154 817 192 defend13
834 162 901 185 tunc
915 154 1167 195 impedimentum,
1185 155 1205 186 fi
1239 153 1297 186 uod

233 204 330 226 contra
351 196 461 226 dictum
485 195 656 233 Magistrum
672 193 840 235 Rigandum
864 203 913 231 per
934 203 986 224 vos
1004 195 1161 233 appofitum
1183 204 1199 226 e
1224 203 1252 226 et
1267 195 1297 226 in

234 233 365 268 Negotio
381 234 518 272 praedicto
529 256 538 271 ,
556 233 680 263 amoveri
696 232 834 261 taceretis:

272 271 325 310 Et,
350 273 370 302 fi
392 272 501 302 ibrfitan
524 272 636 301 dictum
654 269 816 306 Negotium
834 269 900 300 Nos
918 271 1069 310 tangebat,
1087 281 1137 309 per
1155 271 1231 310 quod
1247 281 1299 303 co-

233 320 295 340 ram
316 310 394 340 didio
416 308 559 346 Magistro
574 308 710 345 Rigando
725 309 756 339 in
770 308 874 338 eodem
887 308 1000 340 deberet
1019 309 1184 347 supersederi
1198 333 1208 349 ,
1228 319 1297 341 tunc

233 348 301 378 Nos
317 348 382 378 inde
403 348 431 377 in
446 348 576 385 proximo
591 346 782 378 Parliamento
801 346 915 386 nostro,
933 348 984 378 iub
1004 347 1106 385 Sigillo
1125 349 1196 379 dicti
1213 349 1300 380 Scae-

233 387 318 454 clatrii,
344 385 485 416 redderitis
505 384 636 416 dutindte
657 386 691 417 ὃ(
707 386 802 425 aperte
825 387 971 426 certiores3
989 386 1026 418 de
1042 397 1099 426 quo
1116 387 1186 418 nihil
1203 388 1299 418 aetum

231 434 250 454 e
280 434 285 452 ;

270 462 315 491 Ac
328 461 387 498 jam
396 483 407 499 ,
425 462 454 491 in
490 460 595 492 raesenti
604 460 793 494 Parliamento
804 462 918 502 nostro,
936 462 1038 494 Nobis
1048 473 1096 501 per
1109 463 1222 495 dietum
1232 463 1299 495 Ma-

231 499 346 538 gis-'trum
370 498 464 539 Rigan
486 509 536 529 um
551 501 674 537 *exstiterit
689 501 891 540 supplicatum,
908 510 939 533 ut
960 501 1038 540 super
1059 501 1142 534 dieto
1163 502 1300 541 Negotio

232 547 388 569 curaremus
402 538 438 567 de
451 536 594 569 Remedio
609 540 769 577 providere:

271 575 354 614 Nos,
372 576 495 607 volentes
509 577 567 615 ejus
578 576 626 617 sup
647 579 773 609 licationi
787 578 1012 610 condescendere
1047 588 1178 617 quatenus
1194 579 1299 618 poteri-

233 623 297 658 mus
312 615 393 658 bono
410 615 517 659 modo,
532 616 615 647 vobis
629 589 800 648 ivi-indamus
816 617 892 661 quod
904 618 1001 648 venire
1011 601 1115 649 faciatis
1130 628 1230 649 coram
1246 628 1299 648 vo-

233 653 293 691 bis,
311 663 338 682 in
352 652 504 684 Scaccario
520 656 660 693 praedicto
697 656 726 686 in
743 656 862 687 O&abis
881 655 1041 687 Nativitatis
1058 656 1152 687 Sanc'ti
1164 656 1300 694 johannis

232 690 362 729 Baptistae
376 693 510 729 proximo
524 694 636 734 futuris,
653 678 770 725 dilectos
784 695 817 726 &
833 693 927 726 fideles
940 694 1068 738 nostros,
1082 694 1242 732 Johannem
1263 694 1299 725 de

233 729 336 766 Foxle‚
359 730 392 760 &
412 731 561 763 Thomam
581 733 618 763 de
637 733 804 773 Wylughby
825 734 835 770 (
858 743 908 764 uos
924 732 1124 770 affignavrmus
1143 732 1178 763 ad
1202 734 1300 764 omnia

232 766 308 798 Bona
325 768 359 799 &
375 767 483 800 Catalla
519 781 583 809 quse
597 771 708 804 fuerunt
729 772 837 810 praefati
875 772 1020 802 atriarchae
1034 772 1067 802 &
1083 771 1232 810 Episcopi,
1251 772 1298 802 die

229 816 290 850 quo
306 807 394 846 obiit,
411 817 464 848 pro
498 810 591 849 ebitis,
608 811 638 840 in
649 810 751 850 quibus
771 811 848 841 idem
870 810 1029 842 Patriarcha
1045 810 1143 841 Nobis
1157 810 1204 841 die
1227 820 1299 848 prae—

230 845 313 876 dieto
335 847 493 886 tenebatur,
519 849 548 878 in
569 858 686 879 manum
704 848 827 880 nostram
847 847 992 887 capienda)
1015 849 1048 879 &
1071 849 1181 879 ulterius
1203 857 1299 878 totum

229 885 383 920 negotium
399 886 588 925 praedictum,
606 897 674 917 cum
686 889 769 917 omni
783 887 943 925 diligentia,
961 886 1014 926 qua
1076 888 1176 925 teritis,
1193 887 1300 917 exami-

229 923 317 960 netis,
334 923 369 954 &
383 924 498 960 praefato
522 924 654 965 Rigando
674 925 711 955 de
725 926 868 965 Summis,
886 936 949 964 quae
969 935 1026 964 prae
1040 934 1087 955 ato
1102 925 1235 956 Domino
1248 941 1298 946 -—-

229 960 354 1005 Summo
372 961 521 1001 Pontifici,
547 964 781 1008 perpendi-&cum
804 964 993 1008 patriarcham
1015 964 1205 1002 debebantur,
1229 963 1298 994 sicut

227 1000 632 1085 E‘caeiiffiifflrriffi’<ssssstss¹ssssr
642 1002 1003 1073 Bssssssrsssie‘iffilffaessffi
1017 1001 1297 1072 3ξῆῗέῗέιῖεὲᾙὲ

228 1077 321 1113 fuerit)
340 1077 496 1114 responderi
507 1078 627 1110 faciatis:

230 1152 235 1157 -
264 1113 356 1152 Ipsum
374 1115 555 1156 Rigandum,
571 1118 648 1157 super
669 1117 843 1149 Executione
867 1117 995 1155 illorum,
1012 1127 1075 1158 quae
1091 1119 1126 1149 ad
1152 1118 1242 1156 ipsum
1260 1118 1298 1149 de

224 1163 286 1196 jure
308 1155 463 1198 pertinent,
486 1165 582 1187 contra
600 1157 691 1187 ἀίᾶοε
706 1157 874 1188 Executores
893 1156 1039 1195 facienda,
1059 1156 1295 1195 impedimentum

226 1191 341 1228 aliquod
356 1193 539 1231 imposterum
554 1195 703 1226 nullatenus
717 1196 858 1226 facientes.

263 1229 352 1261 Teste
369 1231 454 1270 Rege
469 1233 542 1271 apud
560 1233 708 1272 Eborum,
727 1235 753 1265 8.
771 1233 817 1265 die
830 1233 915 1273 Junii.

78 162 155 195 Arm.
168 160 209 192 D·

103 210 186 240 1319-

81 244 149 269 flav.
167 248 193 269 2·

697 1311 750 1340 Per
769 1309 850 1350 ipsr'cm
867 1313 962 1348 Regem
980 1309 1019 1345 ὠ
1035 1310 1188 1341 Concilium.

427 1435 448 1456 *
470 1436 520 1468 De
542 1438 717 1469 Attornatis
733 1446 788 1482 pro
812 1435 888 1470 disto
913 1434 1063 1484 Rigando.

228 1516 314 1573 RE
325 1518 355 1549 X
364 1519 531 1565 'justiciariis
544 1521 594 1552 suis
607 1521 643 1553 de
659 1531 777 1567 utroque
793 1522 889 1554 Banco
903 1522 1025 1568 salutem.
1120 1562 1125 1567 ι
1255 1562 1261 1567 ¹

322 1558 419 1590 Sciatis
436 1560 533 1603 quod,
550 1561 591 1590 ob
604 1570 804 1600 reverentiam,
822 1561 993 1592 Sanstiffimi
1010 1572 1038 1592 m
1053 1559 1172 1592 Christo
1186 1560 1293 1600 Patris,

93 1458 113 1477 ⁸¹
138 1458 192 1487 111.

112 1496 177 1531 780.

75 1535 142 1568 Ann
169 1533 211 1567 D.

98 1583 182 1615 ¹3¹9'
226 1597 348 1629 Domini
360 1598 514 1637 Johannis,
533 1598 642 1630 Divina
655 1599 852 1638 Providentii,
872 1600 985 1631 Summi
1007 1599 1167 1639 Pontificis,
1185 1601 1218 1631 &
1237 1600 1295 1631 Ec-

73 1617 135 1680 {aaz
165 1623 313 1669 1²’clefiae
339 1636 498 1676 Romanae,
524 1637 561 1668 de
585 1638 676 1675 gratia
699 1638 793 1669 nostra
815 1638 942 1678 speciali,
968 1638 1170 1678 concessimus,
1190 1637 1298 1670 dilecto

74 1672 177 1719 1³22(st
226 1675 339 1713 Nobis,
357 1674 502 1713 Magistro
516 1676 653 1713 Rigando
666 1676 702 1707 de
719 1677 844 1715 Asserio,
864 1676 1014 1708 Canonico
1035 1677 1237 1716 Aurelianenfi,
1253 1680 1296 1716 ip-

74 1731 96 1758 E
122 1739 136 1756 2
183 1713 189 1719 ⁸
227 1715 278 1745 slus
298 1713 424 1745 Domini
441 1714 557 1746 Summi
576 1714 723 1747 Pontificis
741 1716 775 1747 ὃ(
796 1714 930 1747 Ecclefiae
950 1715 1094 1754 praedraae
1121 1717 1151 1747 in
1175 1715 1295 1755 Anglia,

74 1749 180 1804 p.⁸1..·m
224 1752 260 1784 N
263 1754 349 1784 uncio
364 1753 489 1792 speciali,

75 1805 103 1833 ⁶·
225 1791 1296 1875 d&⁶chssefissfflfflfirfigfinffffssssffiniss{¹3¹232i'323533‘233525225325032255

225 1869 258 1900 &
272 1868 440 1899 Defenfiom
457 1868 648 1907 Placitorum,
666 1870 756 1909 ipsum
771 1869 940 1908 Rigandum
955 1879 1147 1910 tangentium,
1166 1870 1295 1910 persona-

226 1907 288 1938 liter
302 1907 436 1938 faciendis
448 1917 546 1939 vacare
559 1918 621 1938 non
634 1908 723 1946 potest
733 1931 742 1947 ‚

265 1946 354 1984 Qiod
377 1945 515 1983 Magister
529 1946 704 1978 Willielmus
716 1947 750 1977 de
764 1946 872 1978 Borton
908 1947 942 1978 &
964 1946 1104 1985 Magister
1122 1947 1295 1979 Willielmus

225 1983 261 2014 de
276 1983 446 2024 Brampton,
464 1984 514 2014 sint
535 1984 675 2015 Attornati
690 1986 770 2023 ipsius
785 1969 918 2023 Magistri
931 1985 1073 2024 Rigandi,
1091 1986 1124 2017 &
1138 1996 1238 2016 eorum
1253 1986 1293 2017 al-

226 2023 428 2064 ten-quotiens
438 2024 526 2053 ambo
539 2023 666 2054 interesse
686 2034 744 2054 non
759 2033 906 2062 poterunt,
923 2023 958 2053 ad
982 2024 1148 2054 lucrandum
1168 2025 1214 2055 vel
1232 2034 1294 2063 per-

222 2061 348 2091 dendum
362 2062 392 2091 in
405 2062 537 2092 omnibus
549 2062 671 2101 placitis,
687 2063 748 2092 tam
762 2062 798 2093 de
806 2062 1037 2094 Attachiamentis
1051 2062 1294 2103 prohibitionum,

222 2108 322 2131 contra
341 2099 431 2138 ipsum
444 2099 612 2137 Rigandum
633 2101 838 2139 impetratamm
873 2100 918 2131 seu
934 2102 1020 2132 etiam
1036 2102 1292 2141 impetrandarum,

244 2139 310 2182 uam
331 2139 387 2169 aliis
406 2137 536 2178 Placitis,
557 2139 683 2178 querelis,
704 2140 737 2171 &
759 2124 876 2178 loqueiis
891 2139 1114 2180 quibuscumque
1129 2164 1139 2179 ,
1164 2150 1216 2179 pro
1234 2142 1292 2179 ipso

261 2177 378 2245 lgando,
392 2177 437 2245 gel
454 2187 552 2209 contra
565 2177 672 2218 ipsum,
690 2180 718 2209 in
733 2177 827 2210 Curiis
841 2178 960 2217 nostris,
979 2189 1078 2210 coram
1094 2180 1176 2211 vobis
1189 2182 1292 2219 motis,

223 2226 260 2247 ve
279 2226 391 2246 *moven
413 2226 446 2246 is:

258 2253 296 2284 Et
317 2254 393 2292 quod
408 2254 477 2285 dicti
494 2254 649 2294 Attornati,
673 2255 707 2286 &
722 2265 821 2286 eorum
844 2255 926 2294 alter,
950 2266 1036 2294 quem
1055 2255 1220 2293 praesentem
1234 2257 1292 2288 effe

220 2293 389 2331 contigerit,
404 2291 496 2323 facere
515 2292 633 2331 possint,
651 2294 695 2324 vel
716 2294 816 2333 poffit,
834 2294 1014 2333 Attornatos,
1031 2295 1077 2324 vel
1097 2295 1293 2334 Attornatum‚

220 2330 289 2361 loco
303 2331 384 2369 ipsius
400 2330 543 2369 Rigandi,
560 2332 594 2362 ad
607 2332 774 2363 lucrandum
789 2332 833 2362 vel
849 2333 1022 2369 perdendum
1042 2333 1072 2362 in
1087 2334 1222 2364 omnibus
1235 2334 1292 2371 pla-

221 2369 299 2406 citis,
317 2369 446 2407 querelis,
464 2370 497 2400 δε
511 2369 626 2407 loquelis
641 2370 816 2408 supradictis:
836 2371 868 2401 &
883 2370 1081 2409 Attornatum,
1096 2371 1140 2401 vel
1157 2373 1291 2403 Attorna-

223 2415 266 2438 tos
289 2407 347 2438 illos
368 2417 518 2446 amovere,
538 2409 570 2439 &
591 2408 692 2446 alium,
711 2409 755 2439 vel
770 2409 853 2447 alios,
871 2409 938 2439 loco
958 2409 1039 2446 ipsius
1053 2432 1063 2447 ,
1089 2410 1132 2440 vel
1153 2410 1292 2450 ipsorum,

221 2447 271 2485 qui
286 2447 322 2477 sic
337 2455 447 2476 amotus
468 2446 568 2485 fuerit,
585 2446 630 2477 vel
651 2449 754 2485 amoti,
772 2447 932 2478 substituere
948 2447 1056 2478 valeant
1089 2448 1135 2479 vel
1156 2449 1241 2480 valeat
1260 2451 1290 2480 in

220 2484 384 2523 praerniffis‚
403 2485 639 2524 quandocumque
655 2486 792 2524 viderint,
811 2486 855 2516 vel
867 2486 967 2516 viderit
980 2470 1117 2529 exped'ire.

258 2523 295 2555 Et
312 2523 377 2554 ideo
392 2524 475 2554 vobis
490 2523 653 2554 mandamus
674 2524 752 2563 quod
774 2524 918 2563 praefatos,
942 2524 1132 2556 Willielmum
1156 2525 1189 2556 &
1212 2526 1291 2556 Wil-

218 2561 363 2600 lielmum,
381 2562 414 2592 &
435 2572 534 2592 eorum
556 2563 674 2592 alterum
711 2565 744 2595 &
759 2563 959 2602 Attornatum,
977 2563 1021 2593 vel
1045 2564 1222 2602 Attornatos,
1242 2575 1291 2603 per

218 2600 309 2645 ipsos,
326 2600 519 2644 Wilh'elmum
532 2601 565 2632 &
579 2586 790 2641 Williefmum,
808 2603 851 2632 vel
871 2612 969 2646 eorum
982 2601 1116 2642 alterum,
1134 2602 1202 2646 loco
1218 2612 1289 2641 prae-

222 2640 292 2671 dicti
309 2639 450 2677 Rigandi,
468 2639 591 2678 factum,
609 2640 653 2671 vel
669 2640 773 2678 factos,
791 2640 824 2671 ὃς
844 2640 1039 2679 substitutum,
1053 2640 1097 2672 vel
1117 2640 1290 2680 substitutos,

221 2678 289 2709 loco
305 2679 433 2715 illorum,
451 2688 519 2716 quos
543 2678 649 2716 iidem,
674 2678 847 2709 Willielmus
867 2680 900 2710 &
920 2678 1108 2716 Willielmus,
1125 2679 1170 2709 vel
1192 2689 1289 2710 eorum

221 2717 288 2750 alter
303 2718 459 2755 amoverit,
474 2717 518 2746 vel
533 2718 706 2755 amoverint,
723 2726 751 2748 ut
764 2716 804 2747 est
819 2717 947 2755 dictum,
961 2718 991 2748 in
1011 2718 1144 2748 omnibus
1163 2717 1289 2758 placitis,

220 2755 354 2799 querelis,
372 2756 404 2786 &
420 2754 534 2794 loquelis
546 2754 723 2794 supradictis,
741 2755 797 2786 fine
812 2755 976 2787 difficultate
993 2756 1117 2794 quilibet
1129 2755 1289 2797 admittatis,

220 2798 290 2830 veut
306 2793 472 2832 praedidium
487 2792 534 2823 est.
920 2819 924 2822 Α

257 2832 290 2865 In
304 2833 398 2871 cujus,
415 2832 475 2863 &c-
495 2839 544 2870 per
557 2833 708 2864 triennium
721 2833 864 2864 duraturas.

259 2908 349 2942 Teste
365 2908 449 2947 Rege
473 2908 545 2947 apud
561 2907 705 2947 Eborum,
729 2909 834 2941 oustavo
853 2909 898 2940 die
909 2909 994 2949 Junii.

976 2988 1031 3017 Per
1046 2985 1127 3026 ipsum
1145 2989 1249 3026 Regem.

258 3023 368 3064 Duppl.

289 3101 441 3132 Onfimiles
456 3101 574 3132 Litteras
595 3101 631 3132 de
653 3101 870 3132 Attornamento
889 3102 970 3132 habet
992 3102 1068 3132 idem
1083 3103 1222 3140 Magister
1237 3103 1290 3134 Ri-

309 3141 431 3178 gandus,
453 3140 502 3170 sub
521 3141 684 3171 nominibus
706 3139 840 3176 Magistri
854 3139 972 3170 Henrici
985 3140 1021 3171 de
1042 3141 1231 3181 Rillyngton,
1254 3143 1288 3175 &

226 3178 354 3210 Thotnae
366 3179 400 3209 de
417 3178 574 3218 Eveiham,
591 3179 728 3210 duraturas
745 3187 775 3209 ut
789 3178 874 3219 supra.

263 3216 352 3248 Teste
371 3226 400 3248 ut
418 3217 503 3255 supra.

934 3256 987 3284 Per
1004 3255 1085 3295 ipsum
1102 3259 1206 3295 Regem.

259 3292 367 3332 Duppl.

229 3371 246 3376 -
256 3370 1280 3378 ‚um-m...—

472 3426 531 3462 Ad
551 3431 666 3474 Papam
679 3455 689 3470 ,
708 3427 800 3474 fhper
823 3439 919 3460 annuo
943 3426 1038 3473 cenfit.

77 3526 153 3559 Arm·
167 3525 208 3556 D·
224 3511 372 3568 PAPAE
390 3512 453 3543 Rex
470 3512 572 3545 devota
590 3513 693 3557 pedum
710 3512 804 3558 oscula
818 3513 972 3559 beatorum.
1062 3551 1067 3557 ·
1083 3552 1089 3557 ¹

77 3575 133 3632 ἐξ
141 3574 184 3603 9
228 3550 1291 3628 mstiffissssrs,ffiffieiffle0aasaas0<stetissetis

77 3646 109 3670 E·
128 3649 154 3669 2·
229 3628 377 3670 pecuniam
392 3627 536 3659 effundere
549 3639 601 3659 nos
615 3630 735 3667 oportet)
756 3629 836 3659 nobis
858 3630 886 3658 in
898 3628 1104 3666 praesentiarum
1124 3636 1292 3667 occurrant,

79 3684 152 3708 Rom.
171 3678 205 3712 ό,
228 3664 367 3695 ιηῑεηεᾶἓ.
381 3673 492 3705 tamen,
507 3667 577 3698 inter
590 3676 706 3705 caetera,
724 3667 865 3698 credentia
883 3677 954 3706 per,
972 3666 1108 3698 dilectum
1130 3666 1163 3697 &
1182 3665 1292 3697 fidelem

78 3722 112 3746 Fr
143 3726 174 3745 η
228 3702 370 3740 nostrum,
385 3703 544 3741 johannem
558 3705 594 3736 de
610 3705 726 3743 Nevill,
745 3704 891 3744 Militem,
908 3705 942 3736 ad
959 3715 1011 3735 nos
1024 3704 1060 3735 de
1075 3704 1160 3735 Sacra
1182 3702 1293 3737 Roma-

80 3740 156 3783 1¹2.
173 3765 210 3784 m
230 3740 267 3770 na
283 3738 372 3770 Curia
384 3741 559 3785 redeuntem,
576 3744 654 3782 super
669 3743 806 3774 solutione
821 3744 896 3774 mille
910 3742 1075 3775 Marcarum
1089 3753 1243 3787 annuarum
1256 3743 1293 3774 de

81 3793 109 3821 3·
229 3787 305 3822 anno
319 3778 459 3818 praesenti,
477 3781 509 3811 &
524 3781 631 3813 duobus
641 3783 718 3813 annis
735 3782 1114 3821 praecedentibu5,proximis
1131 3790 1193 3820 jam
1207 3790 1292 3812 trans-

229 3816 299 3861 aqstrs
314 3838 323 3854 ,
342 3826 389 3853 per
402 3827 452 3860 nos
465 3817 605 3857 facienda,
624 3830 674 3858 pro
689 3821 771 3851 dietis
785 3821 894 3851 duobus
907 3822 985 3851 annis
998 3821 1155 3859 praeteritis,
1171 3819 1292 3853 discreto

229 3864 307 3894 vu0,
325 3852 467 3891 Magistro
482 3856 614 3898 Rigando
635 3859 671 3889 de
687 3859 812 3899 Asserio,
832 3858 982 3893 Canonico
998 3859 1204 3897 Aurelianensi,
1224 3856 1293 3889 Cle-

228 3894 310 3931 rico,
337 3892 370 3925 &
391 3892 512 3924 Nuncio
531 3895 623 3929 vestro
642 3897 674 3928 in
694 3897 799 3937 Anglii
821 3897 951 3937 speciali,
975 3897 1153 3930 satisfecerim
1172 3906 1289 3936 compe-

224 3938 322 3964 tenter.

713 63 1512 117 CONVENTIONEQ

1567 62 1954 111 LITERAE‚

1372 151 1480 196 Vestrae
1495 151 1640 195 §meinati
1662 152 1805 184 humiliter
1825 152 2007 192 supplicantes
2021 148 2161 191 quatinus,
2178 151 2341 196 dilationem
2363 152 2408 185 lb-
2428 147 2501 182 Anu.
2515 146 2554 190 D.

1336 190 1448 221 lutioms
1460 191 1629 221 rendum-um
1643 192 1719 222 mille
1740 191 1924 230 Marcarum,
1943 200 1993 229 pro
2013 201 2089 221 anno
2110 190 2236 229 praesenti
2257 192 2354 230 (quam
2372 201 2409 223 ex
2450 199 2532 231 ¹319.

1337 229 1422 260 causis
1436 229 1575 273 praedictis
1589 231 1624 260 ad
1636 230 1754 275 praesens
1769 230 1924 261 commode
1946 239 2004 260 non
2016 230 2173 274 poterimus
2186 229 2295 268 facere,
2311 230 2348 260 set
2364 231 2408 262 us—
2426 229 2494 258 Edv.
2511 240 2538 260 2.

1334 267 1904 350 3251af‘ssrssffsss‘jdntgffissi'ffiffiswssfflffe‘ss
1912 277 2101 350 ⁰333&
2108 266 2249 350 ssiffiiafffsss
2257 268 2407 350 Tgeffssffi

1337 345 1538 375 venerabilium
1556 344 1687 384 Patrum,
1705 346 1817 377 Sanctae
1831 346 1974 376 Romanae
1991 345 2124 378 Ecclenae
2138 343 2331 376 Cardmahum
2343 355 2407 377 coe-

1337 392 1398 415 tum
1413 383 1605 415 venerandum
1618 384 1686 415 inde
1699 385 1820 416 [imiliter
1833 383 1968 415 excusare.

1375 420 1548 461 conservet,
1566 423 1626 454 &c.

1409 459 1476 491 Dat.
1494 461 1567 499 apud
1584 461 1731 502 Eburum,
1748 461 1854 492 octavo
1871 461 1918 492 die
1930 461 2016 501 Junii.

1470 586 1490 606 ⁴²
1503 587 1669 630 Consimiles
1691 589 1797 621 Literae
1819 586 1864 620 ad
1886 585 2100 620 Cardinalium
2124 589 2250 621 Coetum.
2447 585 2538 662 *Ὶέῐῐῐὲ

1337 670 1592 735 VEnerabilium
1607 672 1638 702 in
1654 670 1760 703 Chrsto
1777 671 1910 712 Patrum,
1928 671 1988 703 Dei
2008 672 2113 713 grati-21,
2131 671 2319 705 sacrosanctae
2338 671 2406 704 Ro-
2426 673 2500 712 Ann.
2511 676 2551 711 ὓς

1415 719 1507 740 manae
1528 709 1663 741 Ecclesiae
1686 711 1895 749 Cardinalium,
1915 709 2014 742 Coetui
2033 711 2208 750 venerando,
2233 712 2406 752 Edwardus,
2445 724 2526 755 13¹9-

1338 747 1398 778 &c.
1417 748 1548 787 salutem,
1567 749 1600 779 &
1620 749 1655 780 ad
1679 750 1852 788 beneplacita
1875 750 2047 789 fingulorurn
2066 751 2098 782 &
2118 752 2250 782 omnium
2271 750 2403 790 paratiffi-
2423 756 2475 782 An.
2494 764 2536 786 ιι.

1337 795 1417 816 mam
1434 786 1616 818 voluntatem.
2420 796 2451 821 Ε.
2464 802 2490 821 2.

1374 824 1432 854 Etfi
1447 825 1547 863 ardua,
1563 824 1623 860 &c.
1638 832 1670 855 ut
1677 826 1763 864 fitpra
1778 826 1858 867 usque
1873 827 1927 866 ibi,
1945 827 2065 859 discreto
2080 827 2172 866 Viro,
2191 827 2336 866 Magistro
2348 826 2404 859 Ri-
2447 831 2510 861 ibid.

1336 862 1432 898 gando
1454 863 1491 893 de
1510 862 1621 895 Asserio
1633 887 1643 903 ,
1679 864 1832 896 canonico
1852 866 2040 897 Aurelianenli
2054 888 2065 905 ,
2088 867 2267 898 satisfecimus
2285 876 2407 905 compe-

1338 909 1426 931 tenter
1438 923 1448 938 ,
1574 908 1580 915 “

1349 977 1354 982 “
1371 938 1501 984 Vestram
1515 939 1736 972 Univerfitatern
1750 942 1930 973 reverendam
1942 944 1974 973 in
1991 942 2126 974 Domino
2138 944 2407 984 deprecantes‚qua-

1334 984 1406 1046 nnJujs
1419 977 1581 1047 dilationem
1589 1001 1600 1018 ,
1617 978 1677 1015 ὠς.
1686 979 1768 1020 usque
1781 980 1836 1019 ibi,
1849 981 2009 1020 propenfius
2021 983 2171 1014 excusatos,

1405 1025 1439 1047 at.
1456 1025 1486 1048 ut
1513 1027 1589 1055 upra.

1394 1142 1454 1176 Ad
1474 1146 1583 1192 Regem
1600 1145 1734 1188 Sicilie,
1750 1146 1842 1193 fitper
1866 1147 2003 1195 Negotiis
2024 1150 2056 1180 in
2079 1147 2174 1180 Curia
2198 1147 2347 1180 Romana.

1374 1227 1543 1273 Ereniffimo
1562 1228 1689 1269 Principi
1726 1230 1858 1264 Domino
1871 1231 2018 1271 Roberto,
2036 1231 2094 1264 Dei
2109 1231 2215 1272 graui,
2230 1230 2308 1271 Regi
2323 1229 2404 1263 Cici-
2423 1225 2497 1258 Ann·
2513 1226 2552 1260 D·

1331 1305 1349 1336 s
1361 1267 1445 1336 cclx}
1449 1268 1566 1306 illustri,
1582 1269 1685 1301 Edwat
1706 1281 1752 1310 us,
1769 1271 1830 1303 &c.
1848 1271 1977 1312 salutem,
1995 1273 2028 1304 ὅ(
2049 1271 2146 1302 felices
2159 1270 2267 1310 semper
2285 1269 2321 1302 ad
2335 1279 2402 1303 vota
2423 1275 2531 1334 &313-

1344 1316 1360 1336 u
1398 1317 1414 1336 e
1471 1332 1476 1336 .
2469 1329 2476 1335 .

1372 1318 1523 1389 Ctim'sjam
1536 1347 1565 1376 in
1582 1346 1785 1384 praesentiarum
1801 1348 1938 1393 versentur
1960 1350 1988 1380 in
2011 1347 2099 1380 Curia
2113 1347 2252 1392 Romanii
2272 1347 2404 1386 quaedam
2425 1347 2453 1370 Ε·
2465 1353 2497 1389 ²--

1330 1384 1802 1455 sssssnsesszutinensem
1816 1387 2406 1457 tsstssfeffifflster‘ssfflsffima‘¹³5332:
2458 1381 2524 1413 ¹⁶¹³·

1334 1460 1399 1505 strae
1420 1461 1598 1493 Excellentiae
1618 1435 1685 1502 ger,
1703 1435 1891 1496 ven'erlggilem
1913 1464 2022 1495 Patrem
2031 1437 2091 1503 ,ΡΑ
2103 1435 2349 1495 pifflereffordexisem
2367 1462 2406 1494 E-

1332 1499 1498 1539 piscopum,
1517 1502 1566 1540 &,
1583 1501 1720 1532 dilectum
1734 1503 1767 1533 &
1784 1502 1894 1534 fidelem
1906 1503 2056 1541 nostrum,
2078 1502 2238 1542 johannem
2253 1502 2288 1533 de
2305 1501 2406 1534 Nevill

1333 1538 1476 1578 Militem,
1496 1540 1678 1579 conjunctim
1693 1541 1727 1572 &
1739 1541 1868 1582 divisim,
1885 1543 2096 1574 committimus
2112 1541 2296 1580 exponenda,

1372 1577 1540 1610 Amicitiam
1553 1578 1675 1610 vestram
1688 1578 1858 1620 affectione,
1873 1591 1926 1620 qua
1938 1579 2098 1621 possumus,
2115 1579 2405 1617 duximusdeprecan·

1334 1614 1417 1654 darn,
1435 1619 1561 1655 quatinus
1574 1627 1657 1656 penes
1671 1616 1835 1649 Dominum
1857 1619 2009 1650 Summum
2026 1617 2215 1658 Pontificem,
2233 1617 2266 1649 &
2283 1617 2406 1652 Venera-

1334 1654 1422 1698 bilem
1443 1655 1563 1687 Coetum
1578 1655 1786 1696 Cardinalium,
1806 1658 1834 1688 in
1850 1658 2028 1696 promotione
2039 1656 2188 1688 dictorum
2202 1667 2239 1688 ne
2258 1658 2402 1694 otiorum3

1334 1692 1418 1724 dietis
1432 1694 1556 1726 Nunciis
1569 1694 1667 1725 nostris
1678 1694 1796 1726 affistere
1810 1696 1941 1734 dignetur
1957 1696 2048 1728 vestra
2073 1695 2209 1727 Serenitas
2258 1696 2340 1735 egia‚
2358 1695 2403 1727 in-

1334 1734 1504 1764 terventibus
1516 1734 1548 1765 &
1564 1734 1706 1765 favoribus
1722 1735 1855 1772 gratiofis.

1372 1770 1440 1802 Dat.
1460 1780 1490 1803 ut
1506 1771 1593 1811 supra.

2371 1855 2402 1888 «U

1355 1900 1404 1932 De
1426 1896 1570 1942 Finibus,
1590 1909 1647 1946 pro
1660 1900 1789 1945 servitio
1812 1911 1869 1932 non
1885 1898 1972 1944 satio
1993 1901 2025 1932 in
2046 1901 2204 1932 Scaccario
2212 1896 2376 1944 faciendis.

1395 1982 1460 2014 EX
1482 1983 1658 2016 Vicecomiti
1675 1983 1823 2023 Eborum,
1841 1984 1963 2015 salutem.
2422 1975 2499 2009 Ann-
2511 1976 2550 2011 D·

1433 2021 1514 2053 Cum
1532 2033 1622 2062 nuper
1643 2023 1816 2054 summoneri
1836 2023 1996 2054 feciffemus
2015 2023 2189 2053 excercitum
2203 2021 2350 2061 nostrum,
2366 2020 2400 2053 δε
2446 2025 2531 2057 1319ι
2549 2063 2551 2065 K

1332 2069 1423 2093 totum
1439 2061 1592 2092 Servitium
1606 2063 1687 2092 nobis
1698 2062 1824 2092 debitum
1837 2084 1847 2100 ,
1864 2062 1948 2100 usque
1962 2061 2111 2099 Eborum,
2127 2062 2162 2091 ita
2178 2061 2254 2099 quod
2266 2060 2332 2091 esset
2346 2060 2402 2091 ibi-
2419 2059 2471 2084 An·
2494 2065 2536 2085 ¹²-

1329 2101 1396 2132 dem
1418 2101 1448 2131 in
1471 2098 1606 2131 Crastino
1630 2100 1725 2131 Sandii
1751 2101 1852 2139 Jacobi
1876 2099 2008 2138 Apostoli
2029 2101 2163 2137 proximo
2178 2100 2334 2138 praeterito,
2365 2099 2400 2132 ad
2422 2098 2451 2122 E.
2470 2104 2495 2123 ²·
2542 2133 2551 2145 =

1332 2138 1568 2178 proficiscendum
1588 2139 1688 2170 exinde
1708 2140 1857 2170 nobiscum
1880 2148 1978 2170 contra
1991 2138 2092 2170 Scotos
2107 2162 2116 2178 ,
2139 2137 2275 2168 Inimicos
2291 2138 2325 2169 &
2343 2136 2402 2168 Re·
2421 2137 2486 2161 Scot.
2509 2141 2550 2162 ¹²·

1331 2179 1414 2223 belles
1429 2177 1606 2246 nostros,dad
1620 2188 1719 2209 eorum
1732 2178 1865 2208 malitiam
1879 2178 1913 2209 ὃ(
1927 2178 2112 2216 proterviam,
2132 2186 2201 2208 cum
2218 2176 2276 2207 Dei
2291 2177 2401 2215 adjuto-
2420 2174 2452 2247 ξ·
2470 2181 2501 2238 Ξ·
2515 2179 2551 2200 ¹¹³·

1330 2227 1374 2248 rio
1411 2227 1439 2247 re
1461 2227 1551 2247 nmen
1573 2227 1612 2247 as:
2300 2227 2302 2229 >
2442 2232 2450 2239 -
2489 2229 2500 2239 -

1369 2240 1430 2294 Qui
1441 2227 1558 2295 guidem
1572 2255 1631 2286 dies
1643 2254 1826 2293 postmodum
1840 2261 2004 2292 prorogatus
2019 2254 2071 2284 fuit
2083 2253 2117 2284 ad
2133 2253 2201 2284 alios
2215 2253 2273 2284 dies
2286 2253 2402 2292 sequen-

1330 2303 1371 2325 tes
1382 2303 1417 2324 ex
1431 2294 1512 2324 certis
1528 2293 1629 2331 caulis3
1646 2303 1679 2323 ac
1689 2293 1794 2331 plures,
1812 2294 1860 2331 qui
1877 2292 2018 2324 servitium
2038 2292 2118 2322 suum
2141 2293 2225 2322 nobis
2240 2301 2308 2323 tunc
2323 2301 2400 2323 tem-

1329 2334 1405 2372 poris
1419 2331 1513 2362 feciffe
1530 2331 1701 2369 debuerunt,
1717 2331 1785 2362 illud
1801 2332 1882 2361 nobis
1896 2341 1954 2362 non
1968 2330 2115 2369 fecissent,

1370 2370 1442 2401 Tibi
1459 2371 1638 2408 praecipimus
1654 2370 1731 2408 quod
1746 2371 1777 2400 in
1792 2370 1903 2407 fingulis
1919 2370 1989 2400 locis
2009 2370 2037 2400 in
2059 2369 2161 2400 Balliva
2174 2377 2238 2407 tua,
2253 2368 2303 2399 ubi
2316 2377 2402 2406 expe-

1331 2409 1390 2440 dire
1405 2410 1523 2447 videris,
1547 2418 1581 2439 ex
1601 2417 1678 2446 parte
1698 2408 1790 2441 nostra
1807 2408 1890 2439 facias
1910 2409 2023 2446 publice
2044 2408 2228 2447 proclamari,
2247 2408 2322 2445 quod
2341 2408 2402 2446 illi,

1329 2449 1377 2487 qui
1392 2447 1549 2486 servitium,
1568 2449 1650 2478 nobis
1662 2447 1808 2485 debiturn,
1825 2455 1892 2478 tunc
1907 2457 1967 2477 non
1988 2446 2138 2484 fecerunt,
2161 2446 2194 2475 ad
2218 2447 2400 2476 Scaccarium

1330 2486 1457 2517 nostrum
1473 2486 1627 2524 accedant,
1644 2487 1713 2516 citra
1735 2486 1846 2518 Festum
1869 2485 1965 2515 Sanffl
1987 2484 2060 2515 Petri
2084 2484 2117 2515 ad
2138 2484 2249 2515 vincula
2263 2486 2398 2522 proxime>

1329 2525 1471 2563 futurum,
1490 2535 1541 2563 pro
1556 2525 1637 2555 dicto
1650 2524 1762 2555 servitio
1781 2525 1829 2555 suo
1844 2522 1910 2554 fines
1922 2523 2071 2554 nobiscum
2086 2523 2195 2553 facturi.

1365 2564 1540 2602 Injunximus
1548 2572 1640 2594 autern
1647 2562 1828 2594 Thesaurario
1841 2561 1875 2592 &
1889 2561 2040 2592 Baronibus
2052 2561 2151 2591 nostris
2158 2562 2194 2591 de
2201 2561 2304 2592 eodem
2313 2560 2398 2592 Scae·
2444 2563 2448 2566 ’

1328 2604 1424 2641 cario,
1461 2602 1518 2633 uod
1534 2601 1585 2639 ipfi
1606 2602 1642 2632 ab
1655 2601 1722 2638 illis,
1740 2603 1787 2640 qui
1810 2601 1877 2631 fines
1893 2600 2050 2638 hujusmodi
2067 2599 2160 2631 facere
2175 2600 2335 2638 voluerint,
2352 2600 2397 2631 vi-

1328 2642 1399 2680 ginti
1418 2641 1453 2672 Li
1474 2651 1514 2671 ras
1535 2649 1587 2678 pro
1609 2639 1722 2678 Fwdo,
1737 2641 1770 2671 &
1789 2649 1841 2678 pro
1863 2640 1967 2669 minori
1988 2648 2064 2677 parte
2083 2639 2170 2669 Feodi
2184 2639 2278 2669 minus
2293 2639 2328 2670 de
2342 2638 2399 2669 fine

1328 2681 1456 2718 capiant,
1474 2679 1507 2709 ad
1525 2689 1595 2716 opus
1610 2678 1753 2709 nostrum:

1364 2719 1418 2757 Et,
1436 2718 1512 2748 faeta
1527 2716 1753 2748 Proclamatione
1767 2715 1917 2756 praedicta,
1932 2714 2013 2746 dststis
2027 2714 2213 2747 Thesaurario
2229 2715 2263 2748 &
2282 2714 2398 2747 Batoni-

1327 2759 1378 2789 bus
1390 2757 1446 2788 hoc
1462 2758 1546 2787 breve
1562 2756 1653 2786 mittas
1666 2755 1785 2786 indilate.

1364 2796 1452 2827 Teste
1469 2796 1555 2834 Rege
1569 2794 1643 2833 apud
1657 2793 1785 2825 Eborutn
1793 2817 1805 2833 ,
1820 2793 1925 2826 octavo
1939 2792 1987 2824 die
1999 2791 2090 2831 Junii.

2093 2871 2147 2900 Per
2159 2869 2241 2910 ipsimi
2255 2873 2359 2908 Regem.

1363 2949 1476 2982 Eodem
1492 2948 1582 2981 modo
1599 2948 1763 2981 mandatum
1778 2947 1819 2979 est
1834 2947 1947 2986 fingulis
1954 2947 2182 2979 vicecomitibus
2190 2956 2238 2984 per
2250 2945 2397 2985 Angliarn.

1504 3075 1563 3111 Ad
1583 3079 1718 3123 Papam,
1738 3086 1794 3122 pro
1815 3072 1959 3120 Johanne
1984 3071 2020 3105 de
2043 3070 2210 3107 Wrotham.

1326 3161 1474 3223 PAPAE
1492 3161 1568 3192 Rex.
1830 3198 1836 3204 ·
1965 3197 1974 3205 ,
2046 3196 2052 3203 ‚
2238 3197 2243 3202 ,
2333 3197 2339 3204 ,
2414 3160 2489 3194 Ann.
2501 3159 2541 3192 D;

1404 3201 1481 3232 Rern
1502 3198 1647 3230 honestam
1662 3208 1744 3235 agere
1759 3196 1919 3235 crednnus,
1938 3196 2010 3227 dum
2026 3205 2100 3226 circa
2116 3194 2314 3227 Promotrones
2331 3196 2393 3228 illo-
2434 3208 2518 3241 1319.

1325 3250 1407 3279 rum,
1426 3250 1458 3270 ac
1474 3239 1588 3269 honoris
1601 3245 1801 3274 augmentum,
1821 3236 1920 3274 quibus
1936 3236 2035 3266 merita
2042 3234 2188 3266 laudabilia
2201 3233 2392 3275 suffragantur,
2413 3243 2466 3268 An.
2489 3247 2529 3269 aa.

1325 3274 1850 3387 gpgciixlgiiiiinxioirgintdrlsnzflbiiesacffianiiem
1860 3312 2019 3352 Johannem
2036 3312 2071 3343 de
2085 3310 2259 3350 Wrotham,
2278 3311 2394 3342 Ordinis
2411 3281 2493 3381 {onii
2505 3310 2543 3361 θ·

1352 3365 1388 3386 rae
1410 3363 1546 3385 icatorum
2430 3363 2453 3382 r.
2475 3361 2516 3380 12.

1365 3393 1469 3424 Virum
1488 3376 1583 3450 utiq‘iie
1603 3392 1669 3422 vitae
1693 3389 1853 3428 honestate,
1882 3389 2046 3420 Litterarum
2071 3388 2209 3432 scienti-22,
2233 3387 2391 3427 caeterisque
2410 3396 2442 3419 Ε.
2461 3400 2488 3419 2.
2503 3394 2537 3418 m·

1328 3432 1455 3463 moribus
1474 3430 1507 3461 &
1581 3429 1728 3461 virtutibus
1749 3429 1873 3467 gratiosis
1900 3428 2090 3466 multipliciter
2109 3428 2271 3464 insignitum
2287 3449 2297 3464 ,
2322 3427 2391 3458 ficut
2409 3430 2436 3457 8.
2448 3429 2475 3457 d.

1328 3471 1420 3507 longo
1438 3470 1631 3506 experimento
1650 3468 1817 3506 didicimus,
1842 3475 1937 3504 utpote
1955 3469 2002 3505 qui
2025 3476 2110 3504 cum,
2127 3466 2206 3496 clarae
2226 3467 2391 3504 memoriae,
2426 3467 2447 3488 ’Ψ
2471 3465 2522 3499 HL·

1328 3509 1460 3540 Domino
1473 3507 1632 3546 Edwardo,
1647 3516 1733 3543 nuper
1754 3505 1840 3544 Rege
1859 3505 1992 3544 Angliae,
2009 3504 2147 3535 Genitore
2167 3501 2283 3547 nostro,
2302 3512 2331 3534 ut
2347 3504 2392 3534 so·
2448 3505 2512 3543 782.

1329 3549 1388 3579 cius
1403 3547 1547 3587 quondam
1562 3545 1658 3576 Fratris
1671 3544 1792 3576 Walteri
1805 3545 1841 3575 de
1855 3544 2050 3584 Wynterburn
2059 3565 2069 3581 ,
2084 3551 2151 3572 tunc
2173 3540 2254 3577 IPsms
2269 3541 2392 3572 Genito-

1330 3588 1366 3616 ris
1380 3585 1466 3616 nostri
1490 3583 1681 3621 Confefforis,
1705 3584 1738 3615 ὃ(
1760 3583 1951 3622 subsequenter
1971 3582 2083 3613 Sanetae
2102 3578 2241 3609 Romanae
2260 3578 2391 3611 Ecclefiae

1330 3623 1488 3655 Cardinalis
1502 3646 1511 3661 ,
1534 3622 1670 3654 diutinam
1697 3631 1808 3652 moram
1831 3622 1923 3652 traxit:
1943 3621 1977 3652 &
1994 3618 2095 3662 deinde
2116 3625 2164 3654 per
2179 3617 2278 3661 ‘plures
2303 3628 2392 3663 annos

1331 3663 1508 3699 Londoniae‚
1524 3661 1557 3692 ὃς
1578 3661 1660 3699 alibi,
1677 3661 1705 3690 in
1723 3660 1826 3700 Regno
1844 3659 1957 3698 nostro,
1976 3657 2078 3689 Prions
2091 3654 2234 3701 Officium
2255 3665 2287 3685 in
2309 3657 2390 3701 dicto

1330 3701 1441 3732 Ordine
1457 3699 1555 3739 gefflt,
1571 3699 1679 3739 semper
1693 3699 1862 3729 laudabiliter
1876 3695 2076 3731 conversandO,
2095 3703 2198 3738 quique
2210 3701 2270 3723 tam
2284 3704 2333 3738 per
2344 3696 2390 3725 d1..

1328 3740 1408 3770 ‹Si-um
1425 3738 1535 3769 Patrem
1550 3737 1675 3770 nostrum
1686 3748 1787 3776 ,quam
1801 3747 1850 3776 per
1862 3746 1926 3774 nos,
1944 3744 1996 3772 pro
2010 3740 2132 3775 negotiis
2145 3732 2225 3776 ipsius
2233 3730 2320 3763 Patris
2334 3743 2390 3764 no-

1329 3778 1379 3808 stri
1393 3778 1426 3808 δε
1441 3776 1558 3818 nostris,
1572 3777 1671 3816 pluries
1683 3778 1717 3806 ad
1730 3774 1896 3818 Romanam
1908 3773 2022 3804 Curiam
2035 3768 2132 3815 ‚miffus
2145 3771 2215 3808 fuit,

1367 3816 1477 3847 Vestrae
1488 3815 1669 3854 Benignitatis
1683 3814 1825 3845 dulcedini
1845 3822 1910 3844 totis
1928 3810 2064 3854 desideriis
2078 3807 2330 3852 commendamuS,
2347 3810 2389 3841 af-

1328 3854 1470 3893 fectione,
1484 3855 1539 3900 qui
1561 3853 1725 3892 possumus,
1748 3853 1928 3891 supplicantes
1945 3857 2090 3888 quatmuS,
2114 3845 2253 3892 prae-milia
2273 3847 2390 3893 Paterna

1327 3893 1516 3924 benivolentia
1528 3892 1726 3932 ponderantes,
1743 3890 1913 3930 praedistum
1928 3887 2047 3918 Fratrem
2054 3885 2216 3929 johannem
2230 3895 2259 3929 in
2275 3886 2390 3932 Officio

1328 3930 1580 3969 Poenitexm'arum,
1599 3932 1630 3962 in
1649 3930 1736 3963 Sacra
1751 3928 1840 3961 Curia
1857 3925 1966 3963 vestrfi,
1988 3924 2058 3955 loco
2078 3923 2176 3955 Fratris
2196 3923 2358 3994 ΙκέιεὴοΙειᾮὶγ
2353 3925 2391 3957 de
