2562 4279
700 126 811 168 ET
894 125 1161 165 ACTA

0 215 66 247 Ann-
79 210 173 244 Diua
194 214 386 252 multipliciter
406 214 597 252 devastantur3
613 214 654 255 ita·
671 210 749 249 quod
762 209 828 253 ipsi,
846 209 882 240 de
903 209 1001 240 Terris
1020 209 1088 248 illis,
1107 219 1158 248 pro
1173 209 1200 240 se

11 249 95 292 1318-
131 254 164 284 &
180 253 295 283 Familia
309 252 374 291 sua,
392 254 459 283 vitae
472 253 612 283 Alimenta
627 259 673 279 Vix
691 259 834 292 percipere
857 256 1020 286 potuerunt:
1062 285 1069 291 ⁸

0 292 55 320 adv.
75 298 101 317 2·
170 290 252 321 Tum
268 293 353 322 etiam
367 300 418 327 pro
431 300 484 328 eo,
501 289 579 327 quod
599 287 682 317 Mare
706 287 893 317 Hibernicum
917 285 989 328 adeo
1010 284 1198 329 periculosum

132 328 189 368 est,
207 331 240 360 &
263 338 320 360 tem
342 328 499 366 estuosum,
518 336 646 363 tempore
663 325 791 363 Yemali,
810 323 893 361 quod
913 333 962 354 Vix
984 323 1080 354 audeat
1103 323 1200 361 aliquis

133 368 162 398 in
184 367 295 399 dietum
359 377 404 398 are
418 390 428 406 ,
449 366 562 396 durante
583 363 662 393 dicto
686 372 812 402 tempore
827 385 838 400 ,
862 361 972 392 Navim
994 361 1200 399 conscendere3

133 406 209 444 quod
224 408 356 437 veraciter
369 405 516 441 sentimus,
530 403 596 437 curn
610 402 646 431 de
669 401 759 442 arduis
775 400 926 442 Negotiis,
944 410 997 429 nos
1017 401 1047 429 in
1061 399 1152 430 Terra
1166 399 1201 429 il-

134 445 163 475 la
177 446 207 474 in
221 445 427 482 praesentiarum
442 441 684 478 contingentibus,
701 441 769 469 scire
784 437 979 468 certitudinem
995 437 1117 476 aliquam
1140 447 1200 468 non

154 482 227 513 alem
248 493 259 513 s

134 494 153 514 v
174 494 283 552 Vestlr}
301 519 455 551 sanctitatis
478 516 670 547 Clementiam
693 513 846 545 affeetuos‘e
867 515 1031 553 requirimus
1060 514 1093 545 &
1117 524 1201 552 roga-

137 568 200 590 mus
214 583 224 598 ,
249 560 374 598 quatinus
393 555 510 594 praefatis
533 554 782 592 Archiepiscopis‘,
805 553 882 590 super
909 553 1042 584 dilatione
1061 552 1203 583 solutionis

137 599 249 629 Servitii
262 595 427 635 praenotati,
444 603 477 623 ex
499 593 581 624 causis
605 592 762 630 praediffis,
781 591 964 634 dignemini,
989 591 1089 621 nostris
1111 592 1203 628 preci-

138 638 189 667 bus
223 635 357 666 excusatos
370 633 488 669 habere,
504 633 537 662 &
559 630 726 661 solutionem
748 630 819 660 dieti
840 630 970 667 Servitii,
987 630 1072 668 usque
1091 630 1126 660 ad
1149 630 1202 659 Fe-

138 660 211 706 stun’i
223 671 381 704 Nativitatis
395 670 490 701 Sanrfiti
502 669 638 708 johannis
652 668 779 706 Baptistae
802 670 933 706 proximo
948 668 1087 706 Futurum,
1105 678 1203 705 proro-

136 723 218 751 gare3
236 709 375 748 proceffus
390 708 584 748 quoscunque,
602 707 620 726 *
635 716 733 738 contra
749 717 796 738 eos
809 707 862 737 hiis
876 707 1070 738 occasionibus
1091 707 1203 738 habitos

137 751 246 783 interim
261 747 458 785 suspendentes.

169 786 338 824 Conservet,
356 786 415 815 &c.
613 823 614 826 Ἰ

209 824 277 856 Dat.
295 823 368 863 apud
386 822 513 853 Eborum
523 845 532 861 ,
548 822 684 853 vicesimo
699 821 745 854 die
760 821 939 854 Decembris.

13 705 32 725 ³⁶
49 706 103 733 ΙΙΙ.

28 752 95 781 750.

153 950 157 951 ⁷
204 948 263 984 Ad
287 946 481 990 cardinales,
503 957 558 994 pro
581 947 667 981 distis
690 946 922 995 Archiepifiopis
945 946 1132 993 excusandis.

0 1043 63 1076 ann.
78 1040 118 1073 D.
134 1037 380 1108 VEnerabilium
398 1038 429 1067 in
443 1037 560 1081 Christo
575 1037 689 1082 Parrum
726 1037 938 1082 Dominorum,
953 1036 1011 1081 Dei
1029 1036 1135 1075 gratia,
1154 1035 1203 1067 Sa-

9 1082 92 1122 1318.
217 1076 370 1107 crosanrstae
389 1075 468 1106 Sedis
488 1076 665 1121 Apostolicae
686 1060 880 1111 Cardinalium
905 1075 1004 1106 Coetui
1025 1075 1202 1113 venerando,

0 1126 39 1150 4η.
59 1131 103 1148 ιι..
133 1116 212 1155 Rex,
227 1116 288 1147 &c.
305 1115 435 1159 salutem,
453 1125 521 1145 cum
539 1115 692 1160 diledhone
707 1115 817 1159 sincera.
905 1153 909 1158 ⁵
1012 1152 1017 1158 ·
1088 1152 1093 1157 .

0 1166 99 1230 535&
134 1153 622 1231 ερὲῗὲἑῖᾒὲἓὶῗὲῗξξξῖῗέἳὲ
632 1151 1204 1231 &3535332{552¹ssss’isz'ssff223afflff

136 1233 213 1263 cacia
226 1231 303 1263 utiles
315 1232 349 1262 &
364 1231 463 1261 fideles.

0 1246 28 1294 Fr
37 1246 118 1306 2¹21».
173 1269 253 1301 Cum
269 1271 360 1309 itaque
376 1268 555 1301 Venerabiles
567 1268 675 1307 Patres,
695 1267 754 1303 &a
769 1272 849 1308 usque
863 1267 919 1306 ibi,
946 1267 1007 1306 Qii
1021 1276 1070 1310 per
1083 1265 1204 1311 Sariffls-

0 1323 36 1340 ιο.
54 1313 79 1358 d,
134 1310 236 1340 fimum
251 1308 380 1346 Patrem,
398 1308 561 1338 Dominum
576 1307 730 1338 Summum
746 1306 933 1344 Pontificem,
952 1307 980 1335 in
1003 1305 1084 1335 dietis
1107 1305 1203 1342 digni-

135 1349 235 1379 tatibus
256 1347 315 1378 sunt
332 1348 433 1385 creati,
449 1357 605 1378 commune
626 1346 779 1377 Servitium
794 1347 891 1384 suum,
909 1347 938 1375 in
959 1344 1047 1374 Curia
1068 1343 1203 1374 Romana

131 1387 260 1417 debitum
274 1409 283 1424 ,
308 1386 432 1416 terminis
455 1385 532 1424 super
555 1385 612 1415 hoc
635 1384 755 1424 statutis,
780 1383 841 1419 &c,
862 1385 940 1424 usque
964 1382 1020 1420 ibi,
1045 1392 1103 1413 non
1128 1383 1203 1413 vale-

135 1436 200 1456 mus
319 1436 324 1440 ·

173 1448 242 1494 N⁷os
258 1486 267 1500 ,
292 1462 330 1493 de·
350 1462 549 1492 Patemitatum
573 1460 724 1493 vestrarum
745 1461 860 1502 expertav
878 1459 1076 1492 Benevolentia
1098 1459 1205 1504 plenius

132 1500 331 1539 Confidentes,
349 1500 548 1532 Devotionem
562 1500 683 1531 vestram
696 1499 853 1531 affectuosis
873 1501 1002 1539 precibus
1023 1499 1205 1541 Requirimus

132 1542 166 1572 &
179 1540 348 1578 Rogamus,
367 1540 492 1577 quatinus
514 1548 579 1577 erga
593 1539 704 1570 dictum
727 1538 893 1569 Dominum
911 1539 1066 1569 Summum
1088 1537 1205 1579 Pontin-

131 1588 197 1609 cem
218 1579 276 1616 (cui
291 1578 370 1616 super
386 1579 443 1608 hoc
459 1587 553 1615 preces
565 1577 713 1616 dirigimus
727 1577 866 1615 speciales)
893 1585 922 1607 ut
942 1576 1071 1614 praefiitos
1085 1576 1203 1618 Archie-

132 1617 276 1655 piscopos,
294 1616 374 1655 super
387 1615 520 1646 dilatione
533 1615 672 1646 solutionis
688 1615 798 1646 Servitii
821 1616 983 1654 praenotati,
1004 1613 1080 1651 quod
1102 1624 1153 1644 vos
1174 1623 1203 1642 in

134 1664 212 1693 parte
225 1656 384 1693 contingit,
402 1663 432 1685 ut
446 1654 643 1692 intelleximus,
659 1663 694 1683 ex
710 1654 795 1684 causis
812 1654 967 1692 praedicstis,
986 1653 1131 1691 dignetur,
1149 1661 1204 1680 no-

134 1694 192 1724 stris
206 1694 352 1731 precibus,
371 1693 510 1723 excusatos
524 1692 642 1730 habere-3
663 1692 696 1722 ὃς
713 1701 742 1721 ut
756 1691 856 1722 solutio
877 1692 948 1722 dieti
972 1691 1101 1728 Servitii,
1119 1690 1203 1728 usque

133 1733 169 1762 ad
184 1732 297 1762 Festum
312 1732 475 1762 Nativitatis
494 1730 588 1760 Sancti
608 1731 744 1769 Johannis
758 1729 887 1768 Baptistae
908 1731 1038 1768 proximo
1061 1728 1205 1772 futurum,

136 1778 316 1808 prorogetur:
335 1770 367 1800 ὃ(
383 1768 525 1807 processus
548 1769 709 1806 quicunque
725 1777 822 1799 contra
836 1779 900 1807 eos,
926 1770 978 1799 hiis
993 1768 1204 1805 occasionibus,

136 1810 247 1838 interim
260 1807 468 1846 suspendantur,
486 1817 626 1845 apponere
639 1807 728 1837 velitis
749 1806 909 1838 Consilium
927 1807 1046 1844 efficax,
1065 1807 1097 1837 ἃ
1118 1806 1204 1844 Juva-

133 1857 217 1886 men,
235 1847 268 1877 ὃ(
288 1846 323 1877 ad
345 1846 422 1885 hoc,
441 1854 571 1886 quatenus
590 1845 625 1877 ad
646 1856 696 1876 vos
719 1846 832 1885 attinet,
856 1856 954 1877 amore
974 1845 1061 1875 nostri
1085 1844 1205 1875 consen-

134 1893 200 1915 tire:
471 1906 473 1908 .
916 1902 919 1907 .

171 1923 238 1954 Dat.
255 1923 327 1962 apud
345 1923 491 1962 Eborum,
510 1933 558 1954 20.
576 1922 621 1953 die
640 1922 818 1954 Decembris.

417 2050 465 2081 De
490 2046 703 2082 Torneantilms
725 2046 913 2092 Arestandis.

0 2132 65 2163 hin.
78 2131 120 2161 D.

15 2181 101 2210 1319.

0 2214 38 2237 an.
58 2220 100 2238 12.

199 2131 266 2162 EX
285 2131 458 2163 Vicecomiti
472 2133 709 2170 Buckinghamiae
722 2134 756 2164 &
771 2132 948 2172 Bedfordiae,
964 2133 1088 2164 salutem.

238 2169 318 2201 Cum
332 2171 446 2210 pluries,
464 2182 513 2210 per
532 2172 654 2207 fingulos
668 2171 829 2202 Comitatus
848 2170 948 2209 Regni
969 2171 1079 2209 nostri,
1106 2169 1207 2201 feceri-

141 2217 203 2237 mus
214 2209 327 2247 publice
340 2209 509 2247 proclamari
524 2211 556 2241 δε
570 2210 685 2241 firmiter
698 2210 835 2247 inhiberi,
853 2220 888 2240 ne
898 2211 991 2248 Quis,
1007 2210 1207 2248 cujuscumque

140 2245 220 2277 status
236 2249 279 2278 seu
297 2248 465 2279 conditionis
486 2249 630 2287 existeret,
644 2249 693 2279 sub
714 2248 897 2279 Forisfaetura
911 2250 1058 2288 omnium,
1075 2257 1139 2287 quae
1153 2256 1207 2277 no-

139 2285 181 2314 bis
193 2285 351 2317 forisfacere
367 2286 474 2325 pollet,
491 2286 654 2325 Torneare,
673 2286 827 2326 Burdeare,
842 2287 930 2326 Justas
945 2287 1037 2317 facere
1046 2310 1056 2325 ,
1074 2288 1204 2317 Aventu-

136 2329 178 2353 ras
199 2335 339 2363 quaerere,
363 2335 408 2356 aut
424 2325 512 2363 aliqua
529 2326 580 2355 alia
598 2325 671 2356 fadta
689 2325 864 2363 Armorum,
889 2325 959 2356 infra
985 2326 1126 2363 Regnum
1151 2333 1204 2353 no-

135 2360 238 2402 strum,
257 2364 307 2394 nifi
323 2374 374 2402 pro
387 2363 572 2402 Expeditione
581 2362 701 2394 Guerrae
717 2363 821 2394 nostrae
835 2364 958 2402 Scotiae,
976 2373 1123 2395 excercere
1130 2372 1204 2401 prae-

133 2398 273 2441 sumeret,
292 2403 347 2433 fine
356 2402 459 2433 nostra
466 2402 603 2443 Licentia
614 2402 723 2440 speciali
734 2413 740 2432 :

168 2438 213 2469 Ac
227 2440 429 2480 postmodum,
447 2441 512 2472 dato
535 2442 617 2471 nobis
638 2441 755 2479 intelligi
777 2440 857 2479 quod
880 2440 985 2480 plures,
1003 2440 1066 2481 post
1087 2440 1202 2472 Procla-

133 2478 284 2509 mationem
299 2479 552 2510 &inhibitionem
569 2479 743 2518 hujusmodi,
761 2479 865 2511 diversa
885 2479 958 2510 faeta
980 2480 1134 2511 Armorum
1153 2489 1202 2510 ex-

133 2524 315 2557 cercuerunt;
332 2517 437 2557 taliter,
455 2520 484 2549 in
498 2518 585 2548 nostri
600 2526 818 2557 contemptum,
836 2517 928 2548 facere
951 2519 1045 2548 minus
1059 2527 1202 2557 vereiiteS‚

130 2562 182 2591 pro
196 2565 232 2586 eo
243 2556 354 2587 forsitan
373 2556 448 2595 quod
463 2566 522 2587 non
537 2557 588 2588 fuit
600 2565 673 2587 certa
687 2556 780 2587 Poena
792 2556 921 2594 imposita
938 2556 967 2586 in
984 2556 1146 2595 praemissis,

167 2590 222 2634 ¹Per
236 2594 329 2625 dictos
344 2594 501 2626 Comitatus
516 2595 629 2633 publice
643 2595 829 2633 proclamari,
846 2595 880 2626 &
901 2604 935 2625 ex
954 2603 1028 2632 parte
1044 2594 1138 2625 nostrii
1152 2593 1198 2624 fir—

132 2639 214 2672 mlrer
228 2632 375 2664 fecerimus
394 2634 534 2672 inhiberi,
548 2644 583 2664 ne
600 2634 695 2673 Qis,
708 2633 909 2672 cujuscumque
931 2632 1017 2664 status
1037 2634 1082 2664 seu
1096 2633 1198 2664 condi-

131 2673 213 2712 thnis
226 2671 364 2709 existeret,
380 2672 429 2703 sub
444 2671 536 2703 Poena
551 2672 675 2703 Prisonae
692 2672 789 2704 Unius
804 2672 897 2710 Anni,
915 2672 949 2703 &
965 2673 1058 2710 gravis
1069 2671 1196 2704 Redem-

130 2711 234 2744 ptionis
248 2719 315 2741 tunc
330 2710 365 2741 ab
380 2711 494 2749 eadem,
511 2711 675 2750 Torneare,
690 2710 846 2749 Burdeare,
865 2709 956 2749 Justas
968 2711 1078 2750 facere,
1097 2710 1196 2741 Aven-

129 2759 200 2780 tutas
216 2759 354 2787 quaerere,
371 2757 417 2780 aut
429 2749 517 2793 aliqua
532 2749 581 2780 alia
597 2749 670 2780 facta
685 2749 843 2779 Armorum
855 2749 957 2780 alicubi
992 2749 1062 2780 infra
1083 2749 1196 2780 dietum

132 2788 271 2824 Regnum
286 2786 434 2826 nostrum,
452 2787 501 2818 msi
515 2797 565 2826 pro
589 2787 766 2826 expeditione
780 2786 901 2818 Guerrae
918 2772 1021 2818 nostrae
1034 2788 1196 2826 praedictae,

131 2834 276 2856 excercere
291 2826 480 2864 praesumeret,
498 2826 555 2857 fine
566 2826 660 2857 nostra
676 2825 806 2857 Licentia
817 2825 944 2866 speciali:

167 2864 212 2894 Ac
231 2864 291 2901 jam
307 2864 490 2895 intelleximus
506 2864 586 2903 quod
608 2864 696 2902 plures
717 2875 752 2895 eo
769 2860 974 2896 nichilominus
996 2863 1102 2895 diversa
1119 2863 1194 2895 facita

132 2903 286 2932 Armorum
297 2910 512 2942 excercuerunt,
530 2905 563 2934 ὃς
579 2903 666 2933 indies
673 2903 829 2942 1exercem,
844 2904 873 2933 in
888 2902 977 2933 nostri
985 2902 1195 2941 Contempturn

131 2939 330 2977 manifestum,
346 2940 422 2971 unde
435 2951 494 2970 non
505 2943 648 2972 immerito
666 2943 883 2980 conturbamur,

166 2979 249 3016 Nos,
264 2979 423 3016 hujusmodi
445 2977 653 3017 Contemptum
667 2978 924 3018 nolentestulteritis
942 2979 1125 3021 dissimulare,
1144 2982 1197 3013 tibi

132 3019 327 3055 praecipimus,
346 3017 395 3048 sub
411 3016 586 3048 forisfactura
598 3019 745 3056 omnium,
763 3028 827 3058 quae
849 3019 929 3048 nobis
942 3018 1103 3050 forisfacere
1115 3029 1196 3058 pote-

132 3058 167 3086 ris
182 3055 296 3085 firmiter
309 3055 506 3095 injungentes,
524 3056 601 3094 quod
616 3056 728 3087 Omnes
741 3057 774 3087 ὃ(
789 3056 938 3095 Singulos,
958 3058 1006 3095 qui
1017 3057 1106 3096 aliqua
1122 3060 1196 3089 faeta

131 3094 306 3125 Armorum.
324 3094 386 3132 post
400 3094 502 3125 DiCtas
518 3094 757 3126 Proclamationes
777 3095 811 3126 &
834 3094 1034 3133 InhibirioneS,
1052 3096 1121 3127 infra
1136 3097 1197 3128 Bal-

0 2260 16 2275 ι.
36 2258 62 2274 2.

0 2287 73 2321 Ilatts.

0 2334 36 2353 τι.
52 2329 81 2353 Ε.
93 2335 118 2353 2.

0 2371 24 2391 n.
41 2365 81 2392 16.
91 2363 117 2392 d.

130 3133 217 3162 livam
231 3140 309 3162 tuam
327 3142 539 3172 excercuerunt,
559 3133 605 3164 vel
625 3143 658 3164 ex
681 3143 756 3164 nunc
780 3135 972 3164 excercuerint
990 3134 1046 3163 fine
1066 3135 1198 3166 Licentia
1237 3149 1246 3151 ἡ

130 3169 225 3201 nostra
236 3170 361 3210 speciali,
379 3172 433 3201 fine
446 3171 576 3202 dilatione
590 3172 713 3210 Arestes,
730 3173 764 3203 &
780 3172 808 3201 in
817 3171 930 3202 Prisonzi
944 3171 1038 3202 nostrai
1054 3172 1130 3204 salvo
1147 3184 1196 3205 cu-

132 3209 228 3239 stodiri
243 3209 342 3248 facias,
357 3209 450 3240 donec
465 3210 539 3241 aliud
553 3210 616 3241 inde
629 3222 643 3241 a
658 3212 741 3241 nobis
754 3210 879 3241 habueris
893 3211 923 3240 in
937 3210 1080 3241 Mandatis
1088 3235 1099 3251 ,
1119 3212 1197 3243 sum-

133 3256 183 3289 pto
197 3247 230 3277 ad
247 3247 320 3285 hoc,
336 3247 354 3277 si
367 3247 476 3278 necesse
491 3247 587 3287 fuerit,
604 3249 753 3280 sufficienti
766 3248 845 3287 posse
857 3247 1018 3280 Comitatus
1029 3251 1078 3280 tui.

171 3285 207 3316 Et
220 3285 255 3315 de
269 3295 303 3314 eo
312 3308 321 3323 ,
339 3286 413 3324 quod
428 3285 493 3316 inde
506 3287 620 3327 feceris,
630 3298 684 3319 nec
698 3297 755 3318 non
772 3287 806 3318 de
815 3288 978 3318 nominibus
990 3297 1089 3318 eorum
1098 3313 1108 3328 ,
1148 3300 1198 3320 uos

135 3324 172 3355 sic
187 3322 363 3362 arestaveris‚
380 3324 495 3354 nosssub
517 3326 606 3362 sigillo
626 3334 693 3364 tuo,
707 3325 839 3356 distinete
862 3326 896 3356 δί
915 3327 1026 3365 aperte,
1043 3337 1092 3367 per
1112 3299 1196 3359 ches

134 3362 233 3394 reddas
248 3363 395 3400 certiores,
414 3363 446 3392 &
460 3363 531 3402 hoc,
549 3363 616 3395 ficut
631 3373 659 3395 te
671 3363 762 3402 ipsum
776 3363 960 3401 indempnem
984 3364 1087 3396 servare
1101 3367 1198 3398 volue-

134 3403 186 3439 ris,
203 3400 279 3430 nullo
293 3401 383 3431 modo
394 3401 513 3430 omittas.

172 3438 260 3471 Teste
274 3438 355 3478 Rege
370 3438 442 3477 apud
455 3438 635 3470 Beverlacum
644 3462 654 3478 ,
673 3439 769 3477 primo
783 3439 830 3470 die
839 3439 971 3478 Januarii.

668 3518 723 3546 Per
737 3514 819 3554 ipfiem
837 3518 934 3554 Regem
951 3516 990 3554 ὠ
1007 3519 1163 3550 Concilium.

174 3592 300 3624 Eeodem
315 3591 406 3623 modo
418 3590 546 3623 scribitur
559 3590 668 3632 singulis
680 3591 907 3625 Vicecomitibus
924 3603 974 3632 per
986 3594 1132 3634 Angliam.

21 3722 40 3743 *
56 3724 109 3752 111.
141 3739 169 3767 ,ᾗ

34 3771 101 3797 ‹75¹-

2 3797 76 3829 Ann.
91 3798 131 3832 D.

27 3846 108 3876 1319.

3 3878 53 3903 An.
73 3885 115 3904 12.

4 3917 34 3940 E.
53 3923 79 3940 Ζ,
143 3899 240 3931 lutem.

4 3954 61 3978 p„-
87 3960 130 3980 iz.
180 3937 277 3981 Sciatis
289 3940 365 3980 quod
380 3941 450 3971 curn
464 3941 579 3979 pluries,
597 3949 645 3977 per
666 3939 787 3976 singulos
803 3939 961 3971 Comitatus
980 3940 1079 3980 Regni
1099 3943 1205 3984 nostri,

6 3992 35 4017 Ε,
52 3995 112 4026 24,-
145 3973 289 4019 fecerimus
307 3979 420 4025 publice
443 3979 678 4024 proclama-rin&
697 3978 813 4023 firmiter
834 3978 968 4023 inhiberi,
984 3981 1021 4010 ne
1045 3981 1205 4027 QiSch-

11 4032 116 4063 1.m.7.
144 4013 313 4053 Juscumque.
324 4016 410 4048 status
421 4018 467 4050 seu
482 4018 653 4050 conditionis
660 4016 803 4055 existeret,
818 4015 868 4049 sub
875 4016 1062 4051 Fonsfactura
1072 4030 1205 4054 ominum

195 3741 243 3774 De
262 3738 429 3786 affignatis‚
454 3737 498 3772 ad
517 3739 694 3771 Tor-neantes
715 3737 798 3784 apud
813 3738 974 3787 Dunstaple
997 3739 1198 3785 arestandum.

208 3824 271 3855 EX
287 3825 515 3857 Vicecomitibus
529 3824 563 3855 ὃς
577 3823 712 3854 omnibus
730 3822 857 3866 Ballivis,
879 3824 1048 3864 Ministris,.
1060 3827 1094 3857 &
1114 3827 1203 3859 fideli-

225 3863 276 3894 bus
288 3863 339 3895 suis
348 3887 358 3903 ,
375 3865 436 3895 t‘am
449 3863 520 3894 infra
533 3862 704 3900 LibertateS,
719 3863 804 3902 qu‘am
814 3872 907 3903 extra,
922 3864 957 3895 ad
981 3875 1067 3904 quOS,
1084 3866 1144 3898 &c.
1163 3867 1203 3898 sa-

1240 128 1718 176 PUBLICA.

2229 150 2246 182 1
2256 146 2306 194 67

1236 211 1577 287 ἳῖῗὸὲοξέἓῗοτίεῗαεεῐε
1590 219 1679 256 posset
1685 244 1694 259 ,
1712 221 1874 260 Torneare,
1893 220 1954 257 &c.
1970 222 2146 292 proutlffipra
2160 223 2239 265 nsque
2254 226 2310 256 haec
2324 221 2453 299 A1n3ni9D

1273 287 1355 331 Nos,
1374 289 1498 319 volentes
1511 291 1667 329 huJusmodi
1681 305 1860 335 contemptus
1870 300 1984 336 punire,
1997 301 2027 338 ju
2048 309 2074 330 ta
2096 300 2221 331 formam
2237 300 2309 333 Pro-
2327 300 2395 327 Edv.
2412 309 2438 327 ²·

1238 325 1443 369 clamationum
1471 328 1626 361 nostrarum
1644 356 1654 370 ,
1674 335 1739 364 inde
1765 336 1902 367 factarum
1919 360 1929 376 ,
1950 337 2019 374 assig
2041 338 2166 379 avimus,
2192 339 2309 372 dileetos

1238 362 1392 408 Servientes
1411 365 1519 395 nostros
1536 367 1570 398 ad
1593 370 1693 409 Arma,
1707 373 1869 410 Johannem
1890 375 1930 406 de‘
1946 375 2082 415 Eneftld,
2100 378 2134 408 &
2157 377 2309 410 Simonem

1237 401 1274 430 de
1298 401 1530 447 FnskenadeQad
1552 416 1649 438 omnes
1672 410 1705 440 &
1729 411 1862 450 singulos,
1879 414 1913 444 ad
1931 414 2152 454 Turneatidum,
2170 415 2309 448 Burdean-

1237 438 1323 477 dum,
1336 440 1424 478 Justas
1437 441 1598 474 faciendum
1607 468 1616 483 ,
1634 446 1786 479 Aventuras
1795 452 1976 488 quaerendum
2013 453 2056 483 seu
2069 453 2159 491 aliqua
2173 455 2222 485 alia
2236 454 2309 487 faeta

1238 476 1394 508 Armorum
1417 482 1620 521 exercendum,
1638 486 1709 522 apud
1726 486 1829 518 Villam
1850 489 1885 519 de
1901 475 2055 529 Dunssaple
2075 492 2120 522 seu
2135 492 2219 532 alibi,
2238 494 2307 525 infra

1237 514 1377 561 Regnum.
1394 517 1538 557 nostrum,
1564 519 1784 565 ConvenrurOS,
1810 526 1995 567 Arestindos,
2014 530 2058 560 ὅ(
2076 530 2306 563 Vicecomitibus

1237 555 1352 599 nostris,
1370 565 1401 599 in
1417 566 1537 601 quorum
1553 558 1662 590 Bathis
1676 561 1746 599 ipsos
1762 563 1879 595 Arestari
1894 568 2060 606 contigerit,
2077 571 2308 609 committendos,

1238 602 1268 660 13
1283 592 1404 661 clsnsordls
1425 594 1523 625 nostris
1547 596 1746 630 custodiendos
1759 623 1770 639 ,
1796 603 1936 642 quousque
1962 606 2033 636 aliud
2059 606 2125 637 inde
2149 607 2308 639 duxerimus

1270 641 1282 660 r
1304 642 1367 661 inan
1390 641 1449 662 um.

1276 669 1312 699 Et
1329 670 1394 700 ideo
1408 671 1491 717 vobis
1509 671 1654 716 Omnibus
1679 674 1712 705 δε
1731 675 1840 713 singulis
1866 677 2034 712 Mandamus
2048 705 2058 720 ,
2083 683 2197 714 firmiter
2214 684 2308 723 Injun-

1239 716 1354 752 gentes,
1373 708 1451 746 quod
1470 710 1605 753 praefatis,
1619 712 1743 750 Johanni
1760 715 1793 745 &
1812 715 1939 755 Simoni,
1958 719 1990 748 &
2007 730 2106 751 eorum
2125 722 2259 762 cuilibet,
2277 725 2307 753 in

1238 746 1397 790 praeniiffis,
1415 747 1559 792 Omnibus
1574 750 1607 781 δε
1624 751 1762 791 singulis,
1780 753 1833 783 sitis
1852 753 2040 795 Intendentes,
2058 759 2307 800 Consulentes,·&

1239 783 1427 824 Auxiliante53
1447 795 1575 824 quotiens
1587 789 1751 831 &quando
1765 801 1814 828 per
1830 792 1917 831 ipsos,
1937 794 1980 824 vel
1998 805 2099 826 eorum
2116 799 2247 838 alterum,
2265 800 2308 831 su-

1239 833 1288 861 per
1307 824 1381 862 hoc,
1399 833 1432 853 ex
1450 834 1525 862 parte
1544 826 1640 857 nostra
1674 827 1778 858 fueritis
1795 832 1968 867 praemuniti:

1278 861 1313 892 Et
1331 862 1403 900 hoc,
1422 863 1491 893 sicut
1508 863 1574 894 Nos
1588 865 1621 895 &
1638 850 1794 897 1⁷-Ionorem
1812 867 1939 898 nostrum
1956 870 2066 909 diligitis
2082 896 2092 911 ,

1239 899 1529 941 Indempnesservare
1547 903 1701 943 volueritis,
1721 905 1811 935 modis
1827 908 1961 937 omnibus
1981 908 2093 940 faciatis.

1313 938 1400 971 Teste
1418 939 1503 978 Rege
1519 941 1592 980 apud
1612 941 1812 983 Beverlacum,
1834 954 1858 975 1.
1876 944 1923 975 die
1935 945 2066 983 Januarii‘.

2119 874 2152 904 &
2169 886 2219 906 vos
2236 876 2308 914 ipsos

1996 1025 2051 1053 Per
2067 1022 2147 1063 ipfiam
2165 1028 2268 1063 Regem.

1533 1141 1592 1175 Ad
1613 1146 1749 1190 Papam,
1775 1144 1811 1178 de
1836 1145 2005 1181 Credentia.

1241 1224 1391 1280 PAPAE
1410 1225 1475 1257 Rex
1492 1227 1596 1259 devota
1614 1229 1718 1266 pedum
1734 1229 1827 1261 oscula
1846 1231 2001 1263 beatorum.
2327 1226 2403 1259 Ann-
2417 1225 2460 1260 D·

1319 1263 1448 1308 Dile&os
1466 1267 1499 1297 &
1516 1266 1609 1311 fideles
1626 1268 1752 1308 nostros,
1784 1269 1982 1301 venerabilem
2002 1271 2031 1300 in
2049 1270 2164 1303 Christo
2179 1273 2309 1313 Patrem,
2346 1277 2431 1307 13¹9·

1243 1300 1406 1333 Dominum
1432 1304 1467 1334 A.
1494 1304 1559 1348 Dei,
1574 1306 1681 1345 gratis,
1704 1307 1938 1339 Herefordensem
1965 1308 2138 1347 Episcopum
2152 1333 2162 1349 ,
2185 1312 2308 1343 Fratrem
2328 1309 2381 1333 An.
2404 1316 2446 1335 ¹2·

1242 1339 1402 1384 Roberrum
1417 1343 1452 1373 de
1466 1343 1611 1383 Wyriop,
1629 1344 1746 1376 Ordinis
1761 1346 1856 1377 Sandti
1874 1347 2045 1386 Augustini,
2072 1348 2166 1380 Sacrae
2185 1350 2310 1381 Theolo-
2328 1348 2359 1372 E.
2380 1354 2407 1372 2·

1243 1389 1307 1423 grae¹
1319 1379 1496 1419 Doctorem,
1510 1383 1673 1420 johannem
1693 1384 1728 1414 de
1747 1384 1881 1416 Benstede
1894 1409 1904 1425 ,
1927 1387 1960 1417 δε
1971 1386 2131 1425 Johannem
2146 1386 2182 1417 de
2196 1388 2312 1427 Nevill,
2330 1381 2442 1415 Rom&

1242 1417 1366 1462 Milites,
1385 1429 1435 1457 pro
1454 1421 1617 1462 quibusdam
1635 1422 1790 1462 Negotiis,
1805 1434 1856 1454 nos
1869 1425 2048 1461 tangentibus
2065 1425 2175 1464 (vestrae
2187 1425 2308 1457 Beatitu-
2332 1425 2372 1449 Fr.
2403 1431 2445 1449 ¹²·

1240 1456 1299 1486 dini
1330 1466 1378 1494 per
1391 1481 1401 1496 ,
1430 1457 1616 1498 Episcopum,
1641 1460 1762 1491 Fratrem
1779 1486 1788 1500 ,
1813 1463 1846 1493 δε
1867 1462 1975 1493 Milites
1988 1486 1997 1502 ,
2016 1463 2165 1501 praedidtos
2180 1487 2191 1503 ,
2218 1464 2311 1504 Tres,
2335 1462 2365 1485 E.
2386 1469 2410 1486 ²·
2425 1468 2462 1487 ⁷⁷²·

1240 1494 1284 1525 vel
1308 1494 1389 1539 Duos¹
1411 1506 1508 1538 eorum
1525 1521 1534 1536 ,
1561 1508 1595 1528 ex
1613 1508 1688 1536 parte
1705 1500 1798 1531 nostra
1815 1501 1935 1532 seriosius
1953 1502 2136 1540 exponendis)
2157 1504 2191 1533 ad
2215 1502 2313 1534 vestrae
2340 1505 2382 1524 ¹0·

1245 1533 1402 1577 Sandiitatis
1422 1538 1591 1572 praesentiam
1609 1538 1737 1568 duximus
1754 1539 1942 1570 destinandos:

1279 1570 1434 1616 Humilitei·
1450 1573 1638 1617 supplicantesv
1649 1578 1786 1614 0·,‚;t2m1s‚
1804 1577 1966 1616 Episcopo,
1984 1578 2091 1618 Fratri,
2110 1579 2143 1610 ὅς
2160 1579 2316 1619 Militibus,

1242 1620 1422 1654 memoraris,
1441 1611 1560 1651 Tribus,
1577 1614 1609 1644 &
1630 1615 1751 1645 Duobus
1769 1626 1889 1654 eorum,
1915 1618 1944 1646 iii
1962 1617 2032 1655 hiis,
2048 1627 2113 1657 quae
2131 1618 2228 1649 vestiae
2246 1618 2315 1649 Cle-

1242 1657 1373 1692 mentiae,
1391 1660 1424 1680 ex
1442 1659 1518 1687 parte
1536 1651 1628 1683 nostra
1647 1654 1819 1691 exposuerint
1838 1654 1904 1685 viva
1921 1665 2013 1694 voce,
2031 1655 2187 1693 dignemini
2212 1656 2314 1687 Fidem

1241 1687 1386 1718 indubiam
1402 1688 1550 1731 adhibere,
1577 1691 1611 1721 &
1628 1692 1700 1729 ipsos
1717 1694 1796 1730 super
1811 1693 2001 1733 exponendis,
2025 1694 2058 1725 &
2074 1695 2261 1734 requirendis,
2281 1704 2314 1727 ex

1241 1734 1315 1764 parte
1331 1726 1422 1757 nostra
1431 1750 1441 1766 ,
1462 1729 1602 1765 gratiosius
1620 1730 1756 1761 exaudire.

1277 1763 1450 1804 Conservet,
1468 1767 1528 1797 &e

1319 1803 1378 1834 Dat
1403 1804 1476 1842 apud
1489 1805 1670 1837 Beverlacum
1680 1831 1689 1846 ,
1708 1809 1801 1846 primo
1813 1808 1860 1839 die
1869 1808 2000 1846 januarii.

1244 1939 1291 1971 De
1314 1937 1496 1986 quibusdam
1520 1943 1665 1985 Secreta,
1694 1952 1749 1988 per
1773 1945 1931 1990 Hugonem
1958 1942 1984 1976 le
2009 1943 2170 1990 Deſj'vensbr
2184 1970 2195 1987 ,
2231 1955 2318 1991 expo-

1705 1990 1820 2026 nendis.

1244 2071 1312 2129 ΡΑ
1322 2071 1394 2102 PAE
1413 2072 1476 2104 Rex
1493 2074 1595 2106 devota
1613 2074 1717 2113 pedum
1734 2075 1828 2107 oscula
1844 2077 1999 2107 beatorum.
2339 2071 2414 2103 Ann-
2429 2072 2469 2103 D·

1320 2111 1461 2149 Quaedam
1480 2113 1624 2153 NegOtia,
1642 2113 1746 2144 dilecfm
1762 2115 1795 2145 &
1814 2114 1888 2145 fideli
1906 2115 2006 2145 nostro
2027 2137 2037 2153 ,
2062 2114 2183 2154 Hugoni
2202 2116 2229 2146 le
2247 2115 2318 2148 Des·
2363 2121 2450 2151 1319.

1244 2149 1341 2186 penset
1356 2150 1484 2190 Seniori,
1502 2162 1605 2191 quem,
1624 2153 1679 2182 una
1697 2163 1766 2184 cum
1784 2154 1840 2184 aliis
1858 2153 1997 2184 Fidelibus
2014 2153 2115 2183 nostris
2128 2177 2139 2192 ,
2164 2153 2195 2184 ad
2220 2155 2317 2186 vestrae
2338 2153 2390 2177 An.
2410 2161 2452 2179 ¹2·

1245 2188 1405 2219 Sanctitatis
1426 2190 1597 2227 praesentiam
1617 2190 1786 2221 destinamus
1799 2215 1809 2230 ,
1832 2193 2001 2231 injunximus
2019 2191 2117 2222 vestrae
2136 2192 2318 2232 Beatitudini,
2337 2193 2368 2216 E.
2390 2199 2414 2218 2·

1245 2235 1278 2256 ex
1297 2234 1373 2264 parte
1391 2227 1501 2267 nostra,
1516 2229 1644 2260 secretius
1658 2233 1838 2268 exponenda:
2340 2231 2410 2255 Rom.
2434 2226 2468 2261 &⁸

1281 2264 1435 2296 Humiliter
1448 2267 1629 2308 supplicantes
1645 2270 1771 2306 quatinus
1788 2268 1882 2299 eidem
1899 2268 2040 2308 Hugoni,
2054 2271 2084 2299 in
2097 2269 2169 2308 hiis,
2188 2280 2253 2308 quae
2267 2280 2317 2302 ve·
2337 2270 2380 2293 Fr.
2403 2274 2444 2292 ¹²·

1243 2302 1510 2347 strae-Clementiae,
1530 2307 1649 2336 nomine
1666 2307 1786 2346 nostro,
1812 2307 1964 2345 exposuerit
1981 2308 2049 2340 viva
2066 2317 2157 2346 voce,
2174 2308 2316 2348 dignemi-
2337 2307 2369 2332 E.
2388 2313 2414 2332 ²·
2433 2313 2471 2333 m*

1242 2351 1272 2371 ni
1291 2341 1390 2371 Fidem
1407 2343 1551 2374 indubiam
1569 2344 1708 2375 adhibere.
2338 2351 2366 2378 9·

1280 2379 1347 2410 Dat.
1363 2381 1437 2418 apud
1454 2382 1653 2422 Beverlacum,
1673 2385 1768 2422 primo
1785 2383 1832 2415 die
1846 2383 1980 2423 Januarii.

2353 2515 2373 2535 ὅ*
2390 2518 2444 2545 III.

2416 2565 2442 2584 2.

1237 2599 1437 2667 VEnerabili
1456 2602 1484 2631 in
1506 2601 1623 2646 Christo
1641 2601 1732 2641 Patri,
1750 2601 1884 2647 Domino
1900 2601 1940 2633 G.
1960 2602 2017 2633 Dei
2032 2603 2141 2648 'gra-tia,
2158 2603 2230 2647 tituli
2243 2602 2313 2633 San-
2336 2564 2412 2622 AJJ,
2427 2592 2466 2623 D·

1313 2640 1424 2670 Ctorum
1442 2639 1605 2671 Marcellini
1631 2642 1664 2672 &
1683 2640 1757 2671 Petri
1776 2640 1933 2672 Presbitero
1950 2641 2093 2672 Cardinaii
2109 2665 2118 2680 ,
2146 2652 2244 2672 amico
2261 2641 2311 2672 suo
2354 2639 2439 2669 13¹9·

1235 2675 1380 2746 {afflffimo
1392 2701 1403 2716 ,
1427 2677 1579 2710 Edwardus
1591 2702 1601 2717 ,
1627 2679 1689 2711 &c.
1708 2679 1822 2711 salutem
1836 2703 1848 2720 ,
1874 2680 1908 2711 &
1932 2680 2047 2711 sincerae
2066 2680 2225 2711 dilectionis
2241 2679 2311 2711 affe-
2331 2672 2394 2735 2¹⁷2
2408 2680 2450 2698 ¹²·

1272 2752 1356 2784 Cum
1372 2765 1424 2786 nos
1459 2755 1579 2786 dilectos
1597 2756 1630 2786 ὃ(
1650 2755 1742 2787 fideles
1759 2756 1886 2795 nostros,
1903 2756 2104 2787 Venerabilem
2118 2756 2233 2788 Patrem
2241 2757 2307 2788 Do·
2328 2749 2399 2774 ΚΜ·
2417 2745 2453 2779 &⁹

1235 2793 1348 2822 minum
1366 2794 1402 2824 A.
1420 2778 1478 2823 Dei
1494 2794 1597 2832 gratia,
1617 2794 1858 2826 Herefordensem
1873 2795 2068 2834 Episcopum,
2087 2794 2147 2831 &c.
2158 2802 2242 2835 prout
2255 2796 2305 2834 sp·
2327 2788 2348 2811 F
2346 2794 2359 2810 r
2362 2806 2368 2812 ·
2388 2794 2430 2812 ¹²·

1227 2837 1282 2867 pra
1317 2832 1358 2861 ad
1371 2834 1494 2870 Papam,
1509 2832 1588 2872 usque
1604 2832 1661 2863 haec
1679 2833 1784 2871 verba,⁸
1805 2837 1869 2864 viz.
2326 2826 2356 2849 Ε·
2383 2833 2409 2851 ²*
2428 2832 2464 2850 '²²⁰

1271 2853 1307 2900 Εἴ
1321 2892 1330 2907 ,
1356 2878 1386 2900 ut
1405 2881 1436 2900 ea
1453 2872 1555 2901 votivo
1572 2870 1686 2902 effectui
1706 2874 1903 2910 mancipentur
1917 2895 1928 2911 ,
1951 2872 2041 2904 versus
2057 2872 2201 2910 praefatum
2220 2872 2304 2905 Sum-
2329 2870 2372 2889 ¹⁰·

1235 2916 1316 2938 mum
1334 2907 1505 2939 Pontificem
1526 2911 1701 2947 interponere
1726 2910 1878 2942 efficaciter
1896 2919 1985 2949 partes
2009 2912 2108 2943 vestras
2123 2917 2140 2951 3!
2164 2921 2220 2951 pro
2248 2921 2304 2950 quo

1233 2947 1315 2977 vobis
1334 2947 1368 2976 ad
1388 2956 1476 2984 grates
1490 2949 1577 2977 teneri
1596 2949 1726 2979 volumus
1743 2950 1881 2987 speciales.

1269 2983 1338 3015 Dat.
1353 2985 1427 3023 apud
1445 2985 1658 3024 Berverlacum,
1676 2988 1769 3025 primo
1786 2988 1832 3019 die
1847 2988 1979 3027 Januarii.

1493 2516 1515 2538 *
1537 2519 1584 2550 De
1609 2516 1788 2560 Credentia,
1813 2517 1858 2550 ad
1878 2517 2064 2552 Cardinales.

1272 3060 1439 3093 Consimiles
1458 3062 1630 3094 Litteraediri
1641 3072 1745 3101 guntur
1765 3065 1900 3096 omnibus
1920 3064 2120 3096 Cardinalibus.

1235 3203 1284 3234 Dc
1297 3201 1516 3235 Fulminatione
1533 3212 1636 3235 contra
1657 3204 1755 3236 Scotos
1770 3215 1822 3236 nec
1837 3200 2004 3236 revocanda
2015 3228 2037 3244 „
2051 3213 2103 3234 nec
2123 3200 2302 3248 mitiganda.

1235 3286 1433 3354 VEnerabili
1450 3289 1479 3317 in
1500 3286 1617 3318 Christo
1632 3287 1724 3326 Patri,
1742 3288 1876 3319 Domino
1891 3287 1933 3318 G.
1949 3287 2006 3318 Dei
2024 3286 2127 3325 gratis,
2145 3286 2215 3317 tituli
2230 3286 2299 3316 San·
2322 3285 2397 3315 Ann.
2412 3285 2454 3317 D.

1313 3326 1427 3356 <storum
1453 3326 1616 3356 Marcellini
1641 3327 1675 3357 &
1695 3327 1770 3356 Petri
1790 3326 1946 3356 Presbitero
1964 3325 2105 3356 Cardinali
2122 3348 2131 3363 ,
2155 3324 2301 3365 Sacrosan-
2349 3333 2434 3364 1319.

1235 3364 1292 3395 ἀπ
1307 3363 1450 3394 Romanae
1467 3364 1600 3395 Ecclesiae
1618 3364 1874 3403 Vicecancellario,
1891 3366 1987 3395 amico
2005 3364 2054 3394 suo
2070 3362 2229 3405 cariffimo,
2242 3361 2301 3391 hd·
2319 3366 2372 3389 An.
2393 3373 2436 3392 η.

1235 3402 1364 3472 ἔνὲἱόυε,
1387 3402 1509 3440 ejusdem
1533 3403 1638 3442 gratia,
1656 3404 1716 3434 &c
1736 3403 1849 3434 salutem
1863 3427 1872 3442 ,
1897 3404 1931 3434 &
1949 3403 2064 3434 sincerae
2085 3402 2243 3432 dilectionis
2259 3399 2300 3431 af-
2319 3405 2352 3465 ξ.
2373 3410 2432 3472 a&

1248 3451 1263 3471 e
1296 3451 1354 3472 um.
2342 3449 2391 3467 om.

1272 3479 1441 3510 Audivimus
1458 3479 1538 3518 quod
1556 3479 1652 3519 Scoti,
1672 3480 1788 3510 Inimici
1806 3480 1839 3510 &
1857 3478 1987 3521 Rebelles
2003 3477 2104 3521 nostri,
2123 3476 2213 3507 versus
2233 3476 2303 3521 Sari-
2321 3481 2363 3505 Fr.
2391 3487 2436 3504 ιι,

1236 3518 1314 3548 <stam
1333 3518 1496 3548 Romanam
1515 3517 1630 3549 Curiam
1649 3527 1850 3556 memoratam,
1875 3516 2014 3561 quoidam,
2025 3520 2178 3559 miserunt,
2205 3515 2250 3546 vel
2271 3525 2301 3546 in
2319 3520 2351 3544 Ε.
2368 3524 2394 3543 2.
2414 3524 2451 3541 m.

1236 3556 1335 3587 eadem
1354 3556 1441 3587 Curi&
1453 3557 1573 3595 habent,
1592 3567 1643 3594 pro
1665 3558 1833 3586 absolutione
1852 3556 1867 3585 51
1889 3556 2038 3591 sententia,
2055 3556 2218 3596 auctoritate
2239 3553 2300 3584 Cu-
2322 3555 2429 3591 23.d0r.

1236 3596 1285 3625 riae
1304 3595 1448 3633 praedidtae
1466 3596 1528 3633 (per
1540 3605 1592 3626 vos
1614 3596 1648 3626 ὃ(
1668 3594 1820 3631 Couegam
1841 3593 1977 3629 vestrum)
1996 3593 2188 3638 contranipios
2210 3602 2299 3637 nuper

1236 3633 1306 3672 lata,
1333 3634 1352 3664 si
1381 3642 1534 3672 poterunt,
1554 3633 1726 3671 optinenda,
1750 3632 1795 3663 vel
1814 3642 1867 3670 pro
1880 3631 1936 3669 ipsa
1950 3631 2110 3662 revocanda
2123 3653 2133 3669 ,
2157 3629 2202 3661 seu
2223 3639 2301 3662 miti-

1259 3672 1340 3703 anda.

1236 3682 1256 3710 g
1274 3711 1355 3741 Cum
1374 3711 1464 3749 itaque
1481 3710 1552 3740 dieti
1569 3709 1682 3739 Inimici
1700 3708 1804 3746 nostri,
1821 3708 1855 3738 &
1869 3706 1990 3746 praefatae
2006 3706 2137 3738 Ecclesiae
2152 3706 2304 3746 Rebelles,

1237 3749 1301 3788 post
1316 3749 1537 3787 publicationem
1549 3747 1700 3778 Sententiae
1714 3746 1869 3784 praemitte,
1888 3745 1980 3778 eidem
1996 3756 2055 3776 non
2070 3754 2212 3784 parentes,
2229 3745 2304 3776 infra

1238 3789 1377 3825 Regnum
1398 3786 1542 3823 nostrum,
1558 3785 1636 3816 Mala
1655 3785 1860 3822 quamplurima
1881 3785 2118 3823 perpetraverint,
2137 3785 2214 3823 cujus
2228 3794 2301 3822 prae-

1240 3836 1332 3865 textu,
1350 3835 1409 3855 non
1423 3824 1563 3854 beneficio
1580 3820 1786 3862 Absolutionis,
1802 3824 1846 3854 vel
1863 3822 2052 3860 Mitigationis
2065 3822 2215 3854 Sententiae
2229 3833 2301 3861 prae-
2336 3836 2339 3838 ·

1240 3865 1324 3896 dietae
1346 3864 1480 3900 recreari,
1504 3863 1541 3893 set
1559 3863 1760 3899 aggravatione
1780 3861 1903 3901 ejusdem
1920 3869 2081 3892 meruerunt
2101 3863 2193 3903 potius
2215 3860 2302 3893 suffo-

1240 3914 1311 3935 carl:

1278 3942 1473 3973 Paternitatem
1493 3938 1612 3971 vestram
1632 3939 1813 3970 reverendam
1833 3939 1916 3969 omni
1932 3938 2087 3970 affectione
2102 3962 2112 3978 ,
2132 3937 2186 3977 qufi
2206 3936 2303 3981 possu-

1242 3991 1321 4019 muS,
1333 3980 1516 4017 deprecamur
1529 3979 1670 4016 quatinus,
1686 3988 1737 4015 pro
1752 3978 1907 4023 repulsione
1924 3977 1962 4008 sic
1976 3977 2136 4008 instantium
2155 3987 2209 4015 pro
2220 3977 2303 4006 dictis

1243 4019 1384 4055 Inimicis‚
1396 4018 1484 4049 velitis
1497 4026 1564 4056 erga
1578 4016 1789 4050 Sanetusimum
1810 4025 1841 4049 m
1862 4015 1977 4047 Christo
1991 4015 2102 4048 Patrem
2112 4039 2123 4054 ,
2140 4015 2309 4081 Domigffi
