2562 4279
655 91 1910 145 coanN‘rioNES,L1TERAE,

64 169 142 202 Arm·
156 170 197 202 D·
1309 178 1393 217 bant3
1410 177 1487 217 quod
1502 178 1605 216 iidem,
1623 178 1689 209 Rex
1702 179 1736 210 δε
1751 178 1913 209 Consilium
1927 176 1978 208 fibi
1992 199 2002 216 ,
2024 175 2059 208 ad
2073 176 2280 215 importabilem
2293 187 2363 209 con-
2374 155 2451 208 Aim.
2464 176 2506 208 D.

94 219 180 250 1312·
1270 238 1276 248 1
1307 224 1465 256 temptum,
1482 218 1515 249 &
1527 217 1650 248 notabile
1663 219 1835 255 vituperium
1848 216 2027 247 ascribebant.
2404 224 2490 256 1312.

62 249 131 276 Ζάν.
152 259 178 276 2.
664 273 687 307 a,
715 276 742 307 C
771 273 808 307 de
847 278 852 284 .
959 278 964 284 .
986 275 1008 307 l.
1347 254 1495 286 Caeterum
1508 255 1575 286 illud
1588 265 1651 286 ante
1663 257 1762 286 oculos
1775 256 1877 286 mentis
1894 263 1951 285 tuae
1971 263 2130 293 proponere
2146 254 2321 292 providimus
2333 255 2363 285 in
2375 256 2441 284 Edv.
2462 264 2491 284 ι.

462 277 520 313 Ad
535 280 649 323 Papam
685 287 700 307 e
739 286 771 308 γε
807 284 873 308 ’ma
883 275 984 322 specm
996 289 1020 308 ¹·
1309 294 1487 334 exemplum,
1505 294 1582 333 quod
1593 305 1662 325 cum
1673 294 1797 332 dudum,
1813 294 1843 323 in
1860 294 2004 324 creationis
2017 292 2121 323 nostrae
2135 293 2299 332 principio,
2313 303 2366 324 no-

1311 332 1354 362 bis
1368 333 1512 363 eledtionis
1526 332 1630 363 nostrae
1644 333 1808 371 praesentato
1822 331 1953 369 decreto,
1969 339 2120 369 antequam
2138 340 2191 368 pto
2204 332 2366 362 coronatio-

63 384 116 412 ΑΙ),
129 383 157 409 6,
216 365 266 427 P
276 366 332 397 ΑΡ
343 365 384 396 AE
402 364 467 408 ΚΦ(
480 363 580 394 demta
597 359 701 398 pedum
713 359 805 404 Oscifla
818 360 976 403 beatorum·
1093 398 1099 403 .
1234 396 1239 401 .
1253 396 1259 402 .
1310 370 1352 400 nis
1365 370 1469 401 nostrae
1487 371 1651 409 recipiendis
1664 371 1792 401 solenniis
1803 369 1999 400 accederemus
2014 369 2205 409 Lugdunum,
2223 369 2368 407 quondam

63 425 94 448 E.
116 430 141 446 2,
251 447 256 453 ⁵
276 445 281 450 ⁵
320 404 369 454 De
393 403 521 454 fidelltjsste
539 399 669 445 probata,
689 398 723 430 &
745 398 1000 443 CUCqmspefflOnss
1019 397 1135 445 provida
1155 395 1273 427 N⁰b¹l¹⁵
1306 408 1449 452 johannes
1462 409 1498 439 de
1513 410 1649 449 Avingis,
1665 418 1734 440 tunc
1750 409 1898 440 Vasconiae
1911 407 2078 439 Senescallus
2113 415 2211 439 contra
2228 408 2366 439 dileEtum

62 462 134 486 Rom.
152 455 186 490 ά·
219 446 299 483 V¹r¹>
317 446 350 473 ἃ
364 452 448 484 Πθῡῑὸ.
458 439 568 475 dffefflv
584 437 617 482 ᾃ
632 437 719 481 fideh?
732 437 837 475 ¹¹0sts¹²
852 435 996 480 Bermmdl
1009 437 1045 466 de
1058 434 1272 479 balvmcpvco·
1310 447 1428 486 Filium,
1447 447 1591 478 Nobilem
1604 448 1708 479 Virum
1812 446 1962 477 Comitem
1975 446 2070 477 Fuxen
2082 456 2146 485 em,
2162 455 2214 484 pro
2227 455 2318 486 certa,
2335 455 2367 477 ut

64 499 106 523 Fr.
127 497 154 522 6.
220 485 294 514 mitis
314 481 475 519 Campafflae
493 476 618 516 ΝΕΡΟῑ15
634 475 732 520 Yestn’
751 476 862 514 Plenam
876 476 909 506 δῖ
923 475 1068 513 spefflalem
1085 474 1218 504 fiducmm
1230 483 1273 502 fe·
1309 485 1472 524 dicebatur,
1490 486 1637 516 commista
1651 486 1840 517 inobedientia
1851 492 1949 515 contra
1960 494 2026 515 eum
2043 486 2198 516 exercitum
2212 493 2370 526 congrega-¹

63 537 94 560 Ε.
112 543 137 560 2.
218 529 359 562 portantes
371 542 381 558 2
405 516 544 559 qssaedam,
555 523 668 555 negoua
679 538 690 554 ²
715 524 782 559 ¹303,
802 525 836 545 ac
857 513 958 558 statum
971 536 980 551 ³
1005 514 1038 544 &
1058 513 1200 557 lionpssm
1221 521 1274 555 ‘30‘
1310 532 1367 554 ret:
1387 525 1496 563 ipseque
1508 523 1651 555 Comesse
1665 533 1769 564 pararet
1783 523 1817 554 ad
1833 523 2014 554 resistendum
2028 523 2138 562 eidem3

63 580 100 599 m.
124 580 133 597 1
220 561 308 591 strum
329 567 387 587 ΠΜ
409 555 590 597 med‘ocmffl'.
607 561 762 593 tangentia,
777 554 810 584 ὅ(
834 551 934 583 ”Ostns
953 551 1100 595 defideffls.
1111 550 1273 587 ¹f¹¹¹dent¹a³
1348 561 1416 592 Nos
1429 563 1576 603 praefaturn
1585 563 1746 602 Johannem
1767 562 1802 592 ad
1816 561 1940 592 nostram
1959 560 2131 600 praesentiam
2151 561 2280 593 duximus
2296 570 2368 593 evo-

138 579 165 606 9⁴
216 599 307 629 eidem
321 595 433 634 Nepoti
444 592 539 624 vestro
552 593 738 631 inNummus>
757 591 857 623 vestfae
871 590 1040 622 Clemenflae
1054 589 1174 620 se¹¹0s¹U⁵
1187 598 1274 626 expo·
1311 601 1452 639 candum,
1470 602 1504 632 δε
1516 602 1540 630 ei
1556 601 1575 621 ⁴¹²
1609 602 1731 640 ericulis,
1747 601 1893 641 dispendiis
1903 623 1913 638 ,
1931 601 1963 631 &
1971 600 2084 639 jacturis
2095 608 2159 639 quae
2190 601 2260 632 sicut
2272 601 2367 630 immi·
2381 593 2397 610 ⁸*
2414 594 2471 622 ῙῙῙ·

213 637 322 672 nend23
383 671 388 676 ,
411 672 417 677 ,
576 669 581 675 .
624 670 630 676 ,
742 669 747 675 .
853 669 857 673 .
1005 667 1010 673 .
1213 665 1219 670 .
1311 647 1380 683 nent
1394 640 1424 669 in
1437 640 1574 683 praesent'i.
1597 640 1731 678 iscordia,
1748 647 1818 670 tunc
1833 640 2009 677 iminebant,
2027 637 2141 669 ostenfis
2156 624 2175 667 :³
2185 638 2225 670 Et
2240 639 2367 677 exposito
2384 640 2449 669 342·

251 673 360 705 Vestrae
381 680 464 701 1⁰itur
486 669 762 714 Sentititatidevptis
782 667 915 712 precibus·
925 666 1124 705 supplicamus,
1145 673 1273 703 quatinus
1311 686 1397 707 enam
1418 677 1497 715 quod
1514 677 1608 708 unhus
1621 678 1676 708 effe
1695 678 1812 718 praefdto
1832 685 1940 715 poterat
1953 676 2112 715 Genitori,
2135 676 2213 717 quod
2233 678 2348 716 pecunia

215 718 378 755 memo—rato·
390 694 508 748 ζῖχγΕΡΟΠ
530 708 626 753 Vssstfo
639 718 669 752 ¹3¹
682 708 734 752 ‚¹³¹⁸
743 730 752 745 ²
770 717 834 746 quae
848 707 946 744 V0b¹52
962 714 995 735 ex
1010 713 1086 749 Pane
1099 703 1210 741 ”Osts22
1225 712 1274 732 ex*
1311 715 1493 753 expendenda
1515 724 1569 755 pro
1585 716 1744 754 hujusmodi
1761 717 1884 746 exercitu
1903 715 2108 753 congregando
2121 737 2131 753 ,
2155 701 2367 747 converteretui3

212 750 331 794 posuerit
351 758 416 779 V¹V³
428 757 520 792 V9ce>
533 748 688 786 dlgssemffll
701 745 787 777 fidem
801 745 946 777 credUlam
959 743 1106 781 adhibere,
1122 743 1155 773 ὃ(
1174 741 1272 774 eadem
1311 763 1365 793 pro
1380 754 1585 785 necessitatibus
1599 777 1609 793 ,
1630 765 1694 795 quae
1714 755 1763 785 sibi
1780 762 1850 785 tunc
1871 755 2004 793 temporis
2022 753 2242 793 incumbebant,
2258 755 2292 785 &
2309 755 2368 786 aliis

212 793 355 829 gratiosius
366 787 501 818 exaudire.
1312 801 1376 832 quae
1388 792 1427 822 sui
1441 792 1558 822 honoris
1574 793 1740 831 respicerent
1754 794 1968 823 incrementum.

252 826 426 864 Conservet,
445 826 506 856 &C·
1351 831 1394 860 Ac
1411 830 1527 860 demum
1541 853 1551 869 ,
1572 831 1625 861 hiis
1645 841 1693 869 per
1711 831 1833 862 eundem
1848 831 2011 869 Johannem
2025 853 2036 870 ,
2056 831 2090 861 &
2111 829 2247 860 dilestum
2266 830 2371 862 Filium

611 901 616 906 .
761 901 766 906 ,
1312 868 1456 899 Nobilem
1478 869 1579 899 Virum
1601 869 1739 900 Odonem
1763 870 1800 900 de
1822 869 2026 907 Grandisono,
2050 876 2118 899 tunc
2136 868 2300 906 praesentem
2316 870 2370 900 ibi-

251 902 319 934 Dsst·
335 902 408 941 ²PUd
421 901 535 933 DOVOT·
550 902 576 932 3-
590 901 633 932 dffl
650 899 777 940 AugUstl·
1313 906 1398 945 dem,
1413 907 1561 951 diligenter
1572 907 1713 950 inspeffis,
1730 908 1808 946 super
1828 908 1888 946 ipsis
1908 906 2189 947 praefatus-lohannes
2203 907 2304 938 nostris
2317 907 2372 938 be-·

1312 946 1454 1015 neplacsiltis
1463 947 1604 990 acquieVit
1617 946 1758 977 humiliter
1771 969 1781 985 ,
1799 947 1833 977 δε
1849 956 1864 976 a
1880 946 2097 986 congregatione
2117 945 2244 984 praedicti
2264 949 2370 978 exerci-

1312 992 1356 1014 tus
1370 994 1399 1015 re
1410 997 1419 1014 1
1431 993 1491 1015 ivit.

213 1046 304 1079 Bulla
315 1073 325 1089 ,
361 1046 405 1080 ad
420 1046 616 1092 Senestallum
635 1044 778 1090 Vafiom'ae
789 1069 798 1084 ‚
812 1042 903 1088 fitper
922 1039 1069 1086 dtfiordia
1086 1043 1162 1073 inter
1178 1039 1272 1086 ipfhm
1311 1022 1826 1100 noffigiolhiirgtgggiigiagitaeurfiit?
1844 1021 2370 1101 ιὲἑὶἓέἒέἓυρῖἢξέἓὲἓῗέκῖίέίιὲξῖ

420 1099 457 1134 (θ’
476 1098 644 1129 Dominum
661 1097 857 1126 Amanenum
877 1089 913 1122 de
928 1087 1007 1124 Lebr
1008 1099 1034 1121 et
1037 1101 1063 1121 0·
1311 1099 1387 1130 idem
1401 1100 1525 1131 Genitor
1538 1100 1635 1130 multae
1656 1100 1812 1130 dilectionis
1830 1099 1983 1136 affectum,
2001 1108 2088 1137 quem
2104 1098 2140 1130 ad
2161 1108 2226 1129 eum
2244 1109 2294 1137 per
2307 1100 2367 1132 hoc

1310 1148 1362 1168 nos
1373 1138 1580 1169 ostenderamus
1592 1139 1713 1177 habere,
1728 1139 1762 1170 &
1776 1138 1823 1168 dili
1845 1138 1948 1168 entiam
1960 1136 2114 1167 adhibitam
2134 1137 2163 1166 in
2175 1137 2225 1168 suis
2236 1137 2366 1169 Honori-

59 1192 138 1226 Ann.
154 1190 197 1223 D.
278 1191 406 1222 Lemens
421 1188 446 1220 E
468 1189 593 1229 iscopus,
611 1186 704 1217 serviis
716 1185 859 1216 servorum
872 1183 947 1222 Dei,
960 1183 1065 1214 dilesto
1078 1182 1151 1221 filio,
1171 1181 1272 1212 Nobi·
1310 1177 1362 1221 bu}
1373 1177 1568 1222 conservandis
1576 1177 1729 1224 'prudenter
1741 1177 1818 1221 consi
1839 1186 1934 1215 erana,
1950 1176 1984 1206 δε
2001 1176 2078 1213 illos,
2095 1185 2166 1214 quos
2180 1177 2209 1206 in
2228 1175 2267 1207 sui
2280 1177 2366 1207 Con-

86 1240 172 1271 ¹312·
293 1230 313 1260 li
332 1229 405 1261 Viro
437 1199 562 1267 ,fiihanni
583 1226 619 1257 de
636 1225 781 1263 Ferrariis,
799 1222 956 1254 Senescallo
971 1221 1139 1260 Vasconiae,
1157 1220 1270 1251 salutem
1309 1214 1359 1245 s¹l¹1
1373 1218 1522 1260 praesenua,
1533 1216 1631 1260 sef¹98<³
1648 1215 1784 1259 recesssplt
1796 1238 1807 1254 2
1830 1215 1918 1260 ‘Pusta
1937 1213 2017 1258 laude
2031 1213 2236 1245 commendans
2248 1238 2258 1253 ²
2273 1216 2364 1260 ,(Ιῑᾯᾶ

59 1273 113 1297 An.
127 1272 154 1300 6,
211 1269 246 1300 &
260 1252 454 1308 Apostolicaim
470 1265 711 1297 Benediffionem.
1308 1264 1361 1298 pes.
1373 1255 1429 1284 hoc
1443 1255 1536 1285 multis
1548 1264 1704 1285 animarum
1723 1253 1869 1291 dispendiis
1882 1277 1894 1297 2
1917 1253 2012 1297 multis
2024 1251 2201 1296 personarum
2221 1255 2365 1293 periculiS,

59 1312 91 1335 Ε,
110 1317 135 1335 2,
248 1307 433 1338 Turbationis
446 1307 561 1336 inoratae
573 1302 706 1333 discordia
721 1301 817 1341 (quam
830 1301 901 1329 inter
914 1306 960 1337 te,
971 1298 1005 1329 &
1018 1297 1154 1328 dilectum
1168 1297 1269 1336 filium,
1307 1294 1340 1323 &
1355 1294 1500 1332 inumeris,
1518 1294 1661 1338 bonorum
1673 1291 1777 1323 nostrae
1792 1293 1956 1332 provisionis
1973 1290 2108 1322 mdustna
2121 1293 2302 1323 nocumentis
2316 1302 2370 1324 oc-

58 1350 100 1373 Ex
111 1349 171 1373 Au-
212 1345 358 1377 Nobilem
366 1330 493 1382 Virum}³
503 1343 684 1373 Amanenum
696 1339 860 1370 Dominum
871 1338 907 1381 de
917 1337 1057 1377 Lebreto,
1074 1337 1201 1380 antiquus
1214 1336 1269 1380 ho-
1307 1340 1446 1369 currerat,
1463 1340 1643 1376 memorawt..
1704 1371 1710 1376 ,
1883 1369 1889 1375 ,
2169 1369 2174 1375 ,

57 1391 123 1420 rogr,
211 1384 258 1415 stis
267 1408 277 1424 ‚
291 1385 366 1424 pacis
379 1383 510 1420 aemulus,
528 1382 651 1421 satorque
666 1378 812 1409 discordiae
821 1376 982 1415 ,suscitavio
999 1385 1035 1406 eo
1050 1384 1136 1420 magis
1147 1374 1270 1419 redditur
1344 1368 1402 1400 Pro
1423 1379 1463 1401 ter
1477 1370 1556 1408 quod
1567 1370 1690 1400 Genitor
1702 1370 1758 1410 ipse
1766 1369 1891 1408 Johanni
1910 1367 2026 1407 praefato
2044 1367 2189 1399 mandavit
2203 1368 2281 1408 quod
2297 1380 2312 1401 a
2324 1377 2368 1400 ta-

58 1467 78 1487 *
97 1469 150 1498 ΠΙ.

59 1515 124 1544 34¹·

211 1433 351 1454 contraria
373 1423 444 1453 votis
462 1420 579 1458 nostris,
602 1428 694 1457 eoque
715 1417 826 1454 gravius
843 1415 993 1445 conturbat
1012 1415 1041 1444 in
1064 1415 1184 1452 intimis,
1211 1423 1269 1452 quo

210 1462 229 1481 ⁴⁸
247 1463 333 1502 magis
353 1460 498 1493 Vaseoniae
517 1460 639 1499 partium
659 1456 763 1486 statum
774 1453 925 1492 pacificum
939 1453 1079 1493 diligimus
1092 1453 1125 1484 &
1138 1452 1270 1493 tranquil-

207 1500 277 1532 lum.

247 1539 323 1570 Non
337 1539 414 1569 enim
428 1536 537 1568 mundo
550 1534 640 1566 existit
654 1532 833 1571 incognitum
851 1530 930 1571 quod
944 1529 1052 1560 dudum
1061 1553 1070 1568 ,
1087 1528 1152 1569 post
1165 1528 1270 1573 nostrae

218 1578 395 1608 'romotionis
409 1576 529 1613 auspicia
549 1574 584 1605 ad
603 1573 704 1603 statum
726 1569 899 1610 Apostolicae
918 1568 1072 1608 Dignitatis
1086 1592 1095 1605 ,
1119 1570 1148 1598 in
1168 1568 1270 1598 eisdem

239 1617 374 1654 asconiae,
393 1615 427 1646 &
441 1615 499 1645 aliis
511 1612 721 1644 citramontanis
740 1610 862 1647 partibus
885 1607 1039 1646 (Romana
1054 1607 1138 1637 Urbe
1154 1606 1251 1650 inclita
1261 1629 1271 1645 ,

210 1654 309 1685 nostro
325 1655 358 1685 δε
376 1652 550 1691 Apostolicae
564 1651 643 1682 Sedis
656 1648 816 1680 Domicilio
828 1646 952 1684 speciali,
970 1647 1003 1677 δε
1017 1645 1114 1676 Terris
1125 1645 1198 1683 alin,
1216 1655 1270 1675 no-

211 1693 255 1724 bis
267 1694 299 1724 &
313 1693 406 1723 eidem
421 1691 484 1722 Sedi
499 1691 644 1726 sub'etstis,
661 1690 689 1718 in
704 1687 788 1717 Italiae
803 1686 924 1726 partibus
944 1684 1117 1721 constitutis,
1135 1683 1268 1721 dimiffis)

231 1742 264 1762 ro
276 1741 360 1770 pace,
378 1732 449 1761 inter
464 1700 636 1760 carislimum
652 1729 681 1757 in
701 1724 818 1756 Christo
839 1724 930 1754 filium
951 1723 1078 1754 nostrum
1091 1722 1270 1761 Philippum,

235 1780 383 1800 rancomm
402 1768 538 1799 illustrem
581 1768 614 1797 δε
630 1789 639 1803 ,
661 1766 743 1795 clarae
762 1764 910 1793 memoriae
923 1785 932 1799 ,
958 1761 1123 1792 Edvardum
1142 1761 1270 1801 Angliae,

209 1808 325 1846 Reges,
343 1807 472 1838 carissimi
489 1808 518 1836 in
535 1790 654 1836 Christo
673 1803 720 1833 filii
738 1801 828 1832 nostri
843 1800 964 1844 Edi'ardi
980 1800 1065 1845 Regis
1081 1800 1194 1837 Angliae
1209 1799 1270 1830 illu-

207 1847 270 1877 stris
286 1847 456 1877 Genitorem
470 1868 479 1883 ,
504 1844 572 1874 dum
588 1843 680 1873 adhuc
701 1842 806 1871 viveret
819 1863 828 1877 ,
852 1839 1015 1873 solidanda;
1040 1839 1073 1869 &
1087 1840 1271 1869 matrimonio

208 1886 281 1916 inter
296 1885 419 1915 eundem
434 1884 546 1914 Rcoem
562 1882 688 1921 Angli-x,
710 1881 743 1911 δε
759 1878 928 1909 cariffimam
944 1878 972 1907 in
989 1875 1107 1908 Christo
1119 1877 1202 1907 filiam
1215 1887 1270 1906 no-

208 1923 294 1954 stram
310 1923 466 1953 Ysabellam
481 1908 529 1951 Re
551 1922 624 1951 inam
640 1918 750 1957 Angliae
765 1916 916 1954 illustrem,
934 1914 1101 1955 Conjugem
1114 1916 1204 1953 suam,
1223 1925 1272 1945 na-

206 1970 266 1992 tam
280 1962 400 1998 ejusdem
415 1960 503 2000 Regis
518 1931 692 1991 sgrancorum
706 1979 717 1996 ,
740 1955 934 1998 consumando
955 1955 1096 1985 voluimus
1111 1963 1271 1991 remanere,

206 2000 311 2030 multos
326 2009 378 2038 pro
390 1999 488 2028 eadem
504 2007 574 2035 pace
592 1995 786 2027 sollicitudines
806 1994 838 2024 ὃς
861 1993 967 2023 iabores
980 2015 990 2031 ,
1013 1993 1046 2023 &
1062 1993 1211 2022 multarum
1224 2001 1272 2021 ex-

149 2027 151 2029 *
205 2038 355 2108 pensarum
370 2047 456 2067 onera
469 2036 631 2073 subeundo,
649 2035 682 2065 &
698 2033 791 2063 adhuc
805 2054 816 2070 ,
843 2040 873 2061 ut
893 2032 964 2060 inter
978 2030 1092 2060 eosdem
1107 2029 1203 2067 Reges
1218 2029 1272 2060 sta-

229 2078 267 2107 ilis
282 2077 356 2114 pacis
369 2077 401 2106 ὃ(
415 2075 546 2105 amicitiae
562 2071 716 2105 concordia
731 2070 901 2110 perseveret,
920 2069 952 2099 &
967 2069 998 2112 in
1017 2069 1125 2105 Regno
1140 2068 1272 2106 Anghae,

206 2125 240 2146 ae
254 2117 284 2145 in
299 2115 382 2145 dietis
393 2113 540 2145 Vaseoniae
553 2113 678 2153 partibus
692 2111 798 2140 votivae
819 2108 1013 2147 tranquilitatis
1033 2107 1155 2137 comoda
1166 2108 1272 2145 jocun-

206 2154 243 2186 da
255 2153 423 2185 succrescant
437 2175 447 2191 ,
471 2151 550 2190 quod
565 2161 643 2182 tuam
658 2148 853 2180 Nobilitatem
871 2145 1012 2176 credimus
1026 2155 1085 2176 non
1101 2146 1200 2182 latere,
1217 2145 1273 2175 dif-

206 2192 324 2224 fundere
335 2192 524 2230 cogitationes
536 2190 650 2222 affiduas
657 2212 667 2227 ,
681 2189 721 2227 ὃς,
728 2186 903 2224 operationes
913 2184 1027 2215 solerter
1038 2185 1202 2224 impendere
1212 2193 1272 2214 non

334 2240 354 2258 Ε.

207 2229 413 2299 cegaggglimus
427 2267 535 2305 insuper
549 2287 559 2303 ,
582 2264 615 2294 δε
631 2265 647 2293 a
667 2263 715 2292 tua
734 2259 873 2292 memoria
892 2270 952 2290 non
972 2259 1111 2290 credimus
1130 2261 1274 2296 alienum,

206 2307 323 2346 qualiter
336 2305 453 2336 Nobilis
469 2310 639 2334 memoratus
653 2300 776 2337 dudum,
796 2300 867 2330 inter
881 2297 1004 2328 eundem
1020 2297 1131 2336 Regem
1146 2298 1169 2328 F
1171 2308 1272 2329 ranco-

208 2355 274 2378 rum
307 2345 341 2376 &
358 2344 530 2374 Genitorem
545 2340 691 2381 praefatum
706 2339 823 2369 durante
834 2336 985 2374 discordia,
1004 2346 1057 2374 pro
1071 2336 1216 2367 Genitoris
1230 2338 1273 2374 ip-

208 2384 262 2415 fius
274 2368 434 2414 defensione
447 2381 570 2412 nominis
585 2380 618 2409 &
633 2378 764 2413 honoris,
781 2377 932 2406 innumeris
943 2374 1018 2405 suam
1032 2385 1065 2404 ac
1078 2375 1194 2406 suorum
1210 2385 1273 2415 per-

208 2422 287 2453 sonas
299 2420 469 2459 exponendo
484 2418 608 2459 periculis
621 2439 631 2454 ,
659 2415 776 2453 grandia
793 2414 971 2454 personarum
991 2411 1110 2452 ipsarum
1131 2414 1164 2444 ὃ(
1178 2414 1272 2444 bono-

208 2471 272 2492 rum
285 2460 399 2491 suorum
415 2458 455 2489 est
469 2466 597 2496 expertus
611 2453 812 2492 incommoda,
827 2453 921 2490 gravia
935 2451 1088 2482 multatum
1103 2461 1196 2482 rerum
1210 2462 1273 2492 per-

209 2500 272 2530 tulit
294 2507 465 2530 nocumenta
481 2520 489 2536 ,
514 2498 546 2527 ὃς
566 2493 789 2534 importabilium
808 2491 881 2531 quasi
898 2490 1078 2528 expensarum
1098 2491 1227 2521 oneribus
1244 2490 1272 2521 se

207 2538 340 2577 subjecit,
358 2536 436 2576 quod
452 2536 527 2565 idern
541 2534 682 2570 Genitor,
696 2532 836 2561 servitium
851 2528 1035 2569 gratissimum
1050 2528 1083 2559 &
1097 2528 1272 2560 utilissimum

208 2576 413 2615 recognoscens
437 2574 549 2604 dictum
572 2570 715 2602 Nobilem
741 2569 791 2600 sibi
817 2567 986 2600 carissimum
1011 2567 1107 2598 habuit
1133 2567 1203 2598 dum
1228 2569 1272 2599 vi—

246 2616 301 2645 bat.

207 2624 341 2684 veDecet
354 2660 382 2683 te
394 2651 527 2690 praeterea
542 2648 608 2680 illud
620 2647 770 2687 prudenter
783 2645 945 2682 advertere,
963 2643 1041 2683 quod
1055 2643 1172 2675 Nobilis
1186 2645 1271 2685 saepe-

206 2691 300 2723 dicC’tus
314 2691 347 2721 ad
362 2689 430 2720 diffi
445 2689 531 2727 Regis
545 2687 717 2718 Francorum
734 2684 907 2722 Curiam,ut
923 2684 1042 2721 dicitur,
1055 2683 1219 2722 appellavit,
1237 2685 1271 2715 &

207 2730 258 2761 sub
270 2731 327 2767 ejus
339 2727 433 2768 gardia
444 2728 593 2758 dinoscitur
607 2734 783 2765 permanere,
802 2732 915 2761 propter
929 2722 1006 2760 quod
1021 2723 1070 2753 tibi
1081 2723 1149 2752 dura
1161 2722 1272 2761 poffent

207 2769 358 2806 provenire
376 2766 514 2806 dispendia
529 2789 537 2803 ,
564 2766 582 2795 si
597 2773 623 2794 te
637 2787 646 2802 ,
668 2762 824 2802 hujusmodi
845 2761 1027 2800 appellatione
1047 2761 1188 2799 pendente
1200 2784 1210 2799 ,
1228 2761 1270 2791 di-

209 2807 290 2836 &um
309 2805 451 2836 Nobilem
471 2805 648 2843 contingeret
667 2803 833 2841 impugnare
848 2825 858 2837 ,
883 2800 952 2830 cum
973 2809 1007 2829 ex
1022 2800 1078 2830 hoc
1097 2800 1186 2830 diftus
1204 2800 1270 2831 Rex

211 2844 388 2875 Francorum
401 2843 572 2881 plurimum,
590 2842 658 2871 sicut
673 2841 708 2870 ab
724 2848 838 2877 experto
852 2838 1020 2875 didicimus,
1039 2839 1203 2869 turbaretur.

250 2882 418 2913 Recolimus
431 2881 582 2919 siquidem,
597 2880 667 2909 dum
683 2879 772 2909 adhuc
788 2878 906 2908 essemus
921 2878 950 2907 in
969 2878 1071 2907 minori
1085 2876 1185 2907 officio
1199 2887 1271 2908 con-

211 2921 316 2960 stituti,
335 2920 430 2959 quod,
449 2921 562 2959 negotia
573 2915 766 2957 Progenitoris
785 2916 905 2953 eiusdem
923 2917 954 2945 in
969 2915 1044 2945 dieta
1064 2915 1151 2946 Curia
1163 2917 1270 2954 praefati

209 2959 243 2991 R
280 2961 300 2989 is
315 2959 440 2990 Franciae
455 2956 665 2997 prosequendo,
683 2956 753 2995 saepe
769 2955 960 2993 comperimus
976 2953 1054 2992 quod
1074 2954 1159 2984 iidem
1172 2978 1181 2993 ,
1203 2954 1271 2986 Rex

209 2969 364 3036 διεὲἳιπίει,
382 3007 416 3028 ex
431 3006 483 3034 eo,
498 3006 557 3035 prae
569 2996 693 3033 caeteris,
707 2994 832 3024 adversus
849 2992 996 3023 Officiales
1010 2993 1079 3022 dieti
1098 2992 1271 3031 Progenito-

211 3038 246 3067 ris
258 3035 471 3075 importabiliter
485 3035 682 3070 turbabantur,
700 3033 777 3071 quod
790 3042 838 3070 per
852 3042 900 3062 eos
916 3042 976 3061 non
988 3030 1162 3062 deferebatur
1177 3033 1271 3072 appel-

209 3075 358 3106 lationibus
370 3097 380 3113 ,
404 3074 439 3105 ad
459 3074 566 3104 dic'tam
582 3071 697 3103 Curiam
718 3071 868 3109 interjecstis
883 3093 892 3108 ‚
916 3069 993 3113 quod
1008 3080 1023 3099 a
1042 3072 1180 3101 memoria
1199 3071 1270 3103 dieti

210 3112 241 3144 R
277 3115 299 3143 is
311 3114 438 3144 Franciae
449 3123 508 3143 non
521 3112 630 3142 videtur
644 3111 811 3148 aliquatenus
822 3109 959 3140 excidisse.

242 3123 328 3190 {Aa
341 3175 352 3190 ,
371 3152 442 3182 dum
464 3161 551 3189 nuper
574 3149 724 3180 nobiscum
746 3147 812 3179 esset
834 3149 864 3178 in
881 3146 1017 3178 Concilio
1038 3147 1189 3179 Viennensi
1202 3172 1211 3186 ‚
1237 3149 1272 3180 &

1307 1407 1379 1438 libus
1391 1420 1405 1440 a
1427 1409 1555 1447 stineret,
1571 1418 1627 1439 nec
1639 1407 1823 1446 imposterum
1837 1406 1872 1437 ad
1889 1407 2000 1444 similia,
2015 1406 2065 1436 nisi
2078 1407 2158 1437 nobis
2176 1407 2284 1447 causas,
2297 1418 2367 1448 qua-

1306 1456 1338 1476 re
1350 1446 1384 1477 ad
1400 1448 1460 1478 talia
1475 1456 1653 1486 moveretur,
1668 1447 1796 1486 primitus
1808 1445 1986 1476 ostendisset:
2006 1445 2040 1476 &
2054 1444 2202 1485 nostrum,
2219 1447 2367 1486 tamquam

1305 1485 1390 1524 illius,
1409 1496 1495 1525 quern
1505 1487 1579 1516 inter
1592 1494 1708 1517 caeteros
1722 1484 1864 1516 fervidum
1883 1483 1921 1514 sui
1940 1483 2128 1523 cognoscebat
2139 1484 2293 1515 zelatorem
2307 1485 2362 1515 ho-

1306 1525 1400 1563 noris,
1418 1526 1521 1564 quique
1532 1534 1591 1554 non
1602 1525 1775 1562 permitteret
1788 1523 1831 1553 sua
1845 1523 1903 1560 jura
1916 1521 2051 1560 diminui,
2070 1520 2230 1554 Consilium
2249 1523 2367 1556 duceret

1306 1563 1519 1601 requirendum,
1537 1562 1690 1600 procedere
1703 1560 1921 1602 quomodolibet
1935 1567 2115 1600 attemptaret.

1344 1601 1443 1640 Qare
1455 1602 1649 1632 Nobilitatem
1662 1610 1740 1632 tuam
1753 1609 1888 1638 rogamus
1907 1599 1941 1629 &
1955 1599 2100 1629 hortamur
2115 1599 2258 1638 attentius,
2278 1601 2368 1640 quati-

1307 1648 1359 1670 nus
1372 1640 1533 1680 praemfflis,
1550 1650 1663 1671 necnon
1678 1640 1711 1670 &
1725 1638 1875 1669 multarum
1891 1638 2046 1668 animarum
2059 1635 2206 1674 dispendiis
2219 1639 2370 1678 inumeris,

1306 1678 1483 1717 personarum
1497 1679 1642 1720 periculis,
1656 1679 1689 1709 &
1704 1678 1851 1708 bonorum
1866 1676 2065 1716 multiplicibus
2077 1678 2258 1708 nocumentis
2274 1677 2370 1721 (quae,

1307 1717 1327 1746 si
1343 1716 1481 1748 discordia
1490 1740 1499 1756 ,
1513 1717 1590 1757 quod
1604 1717 1689 1755 absit,
1708 1715 1842 1754 procedat
1855 1714 2011 1752 hujusmodi
2020 1737 2029 1752 ‚
2043 1722 2215 1754 proventura
2235 1716 2372 1747 verisimi-

1307 1755 1368 1785 liter
1380 1755 1576 1792 formidantur)
1592 1755 1685 1788 debita
1699 1756 1733 1786 &
1744 1754 1871 1794 diligenti
1884 1753 2105 1785 consideratione
2118 1753 2251 1793 pensatis,
2269 1763 2285 1784 a
2300 1753 2373 1785 No-

1310 1794 1370 1824 bilis
1383 1795 1491 1832 praefati
1506 1793 1657 1833 molestiis,
1676 1792 1885 1831 gravaminibus
1897 1817 1907 1831 ‚
1931 1792 1965 1823 &
1983 1792 2242 1830 impugnationibus
2254 1793 2372 1831 quibus-

1308 1842 1434 1901 }:tumqne
1446 1856 1456 1871 ,
1480 1843 1534 1872 pro
1555 1832 1650 1864 nostra
1665 1833 1699 1864 &
1719 1831 1896 1873 Apostolicae
1915 1829 1995 1861 Sedis
2009 1830 2179 1869 reverentia,
2197 1830 2304 1862 studeat
2321 1832 2372 1862 ab·

1335 1881 1416 1901 [Dese.

1345 1909 1415 1940 Nos
1428 1918 1524 1941 autem
1539 1909 1627 1940 taliter
1640 1908 1813 1947 disponimus
1826 1908 1955 1939 ordinare
1969 1930 1980 1946 ,
2002 1906 2080 1948 quod
2094 1906 2184 1937 didius
2196 1906 2331 1946 Nobilis,
2350 1907 2372 1939 fi

1308 1948 1397 1978 forsan
1412 1949 1441 1978 in
1455 1949 1547 1988 aliquo
1563 1958 1589 1979 te
1602 1947 1724 1978 offendit
1738 1970 1747 1986 ,
1773 1948 1850 1985 super
1864 1945 1969 1977 offensa
1983 1945 2141 1985 hujusmodi
2161 1945 2251 1977 taliter
2265 1946 2316 1976 tibi
2332 1945 2373 1976 fia-

1308 1986 1400 2017 tisfieri
1414 1987 1567 2025 faciemus,
1584 1986 1662 2026 quod
1675 1987 1777 2026 poteris
1788 1986 1893 2016 merito
1909 1985 2074 2015 contentari.

1347 2025 1456 2063 Q0d‚
1475 2026 1494 2055 sl
1516 2034 1547 2056 tu
1561 2025 1634 2055 forte
1650 2025 1819 2055 ordinationi
1838 2023 1984 2064 piaediCtae
2006 2022 2076 2054 stare
2093 2032 2151 2053 non
2167 2021 2250 2053 velles
2264 2045 2273 2060 ,
2297 2021 2370 2053 dicti

1309 2061 1398 2101 Regis
1414 2062 1526 2101 Angliae
1537 2063 1616 2102 super
1627 2063 1685 2093 hoc
1706 2063 1834 2102 expec‘oes
1852 2061 2061 2101 beneplacitum
2077 2061 2109 2091 &
2124 2060 2286 2090 mandatum
2299 2072 2310 2098 3
2334 2060 2370 2091 ad

1310 2111 1404 2169 quen}1
1408 2109 1522 2169 psat->pter
1536 2101 1594 2132 hoc
1608 2109 1702 2131 certos
1714 2101 1747 2131 ὃς
1760 2101 1885 2139 speciales
1897 2100 2016 2129 nuncios
2029 2121 2039 2137 ,
2062 2102 2117 2128 fine
2131 2108 2229 2138 mora,
2247 2098 2372 2137 disponi-

1311 2149 1373 2169 mus
1406 2149 1422 2169 e
1449 2149 1530 2169 inare.

1349 2178 1396 2208 Sic
1412 2179 1419 2206 i
1441 2179 1495 2208 itur
1509 2177 1668 2216 hujusmodi
1680 2177 1807 2214 precibus
1827 2175 1860 2205 &
1884 2174 2088 2204 hortationibus
2105 2173 2206 2203 nostris
2219 2197 2230 2212 ,
2254 2183 2318 2211 quae
2336 2173 2373 2203 de

1331 2187 1472 2247 raecorgiis
1484 2215 1657 2254 Apostolicis
1671 2214 1826 2254 prodeunt,
1844 2221 2002 2242 reverenter
2015 2212 2194 2250 obtemperes
2208 2234 2218 2249 ,
2239 2212 2272 2241 &
2288 2211 2326 2242 sic
2340 2212 2373 2242 il-

1321 2264 1348 2284 as
1359 2254 1394 2284 ad
1409 2254 1591 2284 exauditionis
1611 2252 1767 2283 efficaciam
1790 2250 1965 2287 introducas,
1985 2250 2062 2288 qued
2075 2273 2084 2288 ,
2102 2249 2240 2289 praedietis
2260 2250 2372 2288 pericu-

1309 2293 1356 2330 lis,
1374 2292 1561 2330 detrimentis,
1579 2292 1612 2322 &
1633 2290 1779 2328 dispendiis
1791 2313 1800 2329 ,
1822 2298 1854 2320 ac
1877 2288 2076 2329 expensarum,
2093 2298 2159 2325 quas
2179 2296 2206 2318 te
2225 2297 2371 2329 oporteret

1311 2330 1469 2369 hujusmodi
1482 2330 1631 2360 occasione
1643 2330 1749 2368 subire,
1767 2327 1911 2368 profluviis
1927 2328 2050 2364 evitatis,
2068 2336 2119 2356 nos
2135 2335 2163 2356 te
2180 2327 2255 2364 pacis
2266 2327 2373 2358 zelato-

1311 2379 1372 2398 rem
1386 2369 1501 2399 avidum
1517 2368 1735 2408 cognoscamus,
1754 2368 1787 2399 δε
1800 2365 1919 2404 proinde
1934 2365 2074 2396 valeamus
2087 2364 2122 2394 Ν
2124 2365 2281 2396 obilitatem
2292 2374 2372 2401 tuam

1311 2418 1371 2438 non
1385 2408 1530 2437 immerito
1547 2406 1765 2443 commendare,
1783 2405 1918 2443 diftoque
1932 2403 2006 2442 Regi
2016 2403 2143 2442 Angliae,
2159 2402 2294 2434 Domino
2305 2412 2373 2442 tuo,

1311 2455 1424 2514 Plfipoef
1442 2445 1517 2484 hoc,
1534 2445 1648 2483 alicujus
1667 2445 1851 2482 turbationis,
1877 2442 1923 2474 vel
1943 2441 2060 2481 periculi
2078 2442 2222 2473 materiam
2242 2452 2301 2472 non
2317 2443 2373 2473 mi-

1309 2494 1339 2514 ni
1367 2494 1414 2514 res.
1824 2502 1828 2506 -

1349 2522 1440 2553 Ecce!
1460 2521 1569 2560 insuper
1603 2521 1682 2562 quod
1695 2521 1811 2551 diledtos
1828 2519 1931 2558 Filios,
1949 2518 2121 2558 Magistrum
2135 2518 2294 2558 Hugonem
2308 2517 2373 2549 Ge-

1311 2561 1396 2599 raldi,
1413 2560 1565 2591 Dee-inum
1576 2545 1712 2590 ’Ecclesiae
1728 2559 1823 2590 Saneti
1844 2558 1939 2589 Aredii
1955 2557 2152 2588 Lemovicenfi
2171 2558 2286 2588 Diocesi
2302 2580 2313 2596 ,
2338 2558 2374 2590 &

1311 2600 1437 2630 Fratrem
1451 2598 1650 2630 Guillielmum
1664 2597 1756 2636 Petri,
1772 2597 1875 2628 ordinis
1890 2596 2110 2627 Praedicatorum
2126 2619 2136 2635 ,
2158 2596 2328 2636 Magistrum
2342 2597 2374 2626 in

1310 2638 1488 2678 Theologia,
1507 2636 1672 2676 Capellanos
1689 2637 1799 2667 nostros
1811 2660 1821 2675 ,
1837 2636 2006 2666 exhibitores
2019 2633 2201 2666 Praesentium
2216 2657 2226 2673 ,
2247 2634 2282 2665 ad
2297 2644 2372 2672 prae-

1311 2676 1425 2707 sentiam
1436 2685 1514 2707 tuam
1530 2684 1644 2716 propter
1656 2675 1718 2706 haec
1733 2675 1863 2706 duximus
1878 2672 2055 2705 destinandos
2067 2696 2077 2712 ,
2101 2673 2180 2714 super
2193 2672 2293 2711 quibus
2305 2695 2316 2711 ,
2337 2673 2373 2703 δε

1312 2726 1345 2746 ea
1360 2715 1458 2746 contin
1479 2716 1605 2752 entibus,
1623 2724 1687 2753 quae
1700 2714 1750 2744 tibi
1763 2723 1797 2744 ex
1816 2721 1894 2752 parte
1909 2711 2005 2744 nostra
2021 2711 2164 2743 retulerint
2176 2734 2188 2750 ,
2208 2711 2265 2749 εἰς,
2282 2710 2316 2741 &
2327 2711 2373 2752 ip-

1311 2755 1405 2785 sorum
1420 2763 1456 2785 cu
1478 2754 1535 2783 ibet
1550 2752 1676 2784 adhibeas
1691 2752 1804 2793 plenam
1818 2751 1913 2783 fidem.

1347 2831 1417 2862 Dat.
1432 2831 1460 2860 in
1475 2829 1604 2862 Prioratu
1622 2829 1658 2860 de
1670 2829 1816 2860 Gransello
1835 2838 1924 2869 prope
1943 2826 2095 2858 Maianfiin.
2116 2825 2266 2857 Vafionen.
2282 2824 2373 2858 Dioc-

1310 2879 1338 2911 4.
1354 2870 1414 2902 idus
1427 2869 1563 2909 Augusti,
1578 2867 1762 2900 Pontificatsis
1775 2866 1864 2900 nostri
1879 2877 1956 2899 anno
1966 2866 2095 2907 septimo.

1973 2942 2030 2974 Sub
2033 2940 2096 2984 filis
2108 2939 2241 2971 canabeis.

1310 3093 1359 3125 De
1377 3088 1531 3137 distordiis
1548 3093 1624 3123 inter
1637 3087 1795 3181 Ρνπᾷιιος,
1819 3083 2018 3178 ,ςῗιεβ-αίίιῖη
2037 3085 2074 3123 &⁴
2092 3083 2291 3116 Amanenum
2303 3108 2314 3126 ,
2339 3085 2373 3115 in

1651 3140 1697 3170 Va
1711 3139 1795 3168 conia
1813 3145 1845 3167 re
1861 3142 1966 3165 orman
1988 3142 2024 3165 ts.

211 3192 390 3220 tractaremus
406 3199 475 3220 cum
492 3199 527 3219 eo
542 3188 578 3219 de
591 3188 794 3228 gravaminibus
807 3209 817 3224 ,
842 3196 907 3224 quae
921 3195 969 3224 per
984 3184 1128 3216 Officiales
1143 3187 1204 3217 suos
1216 3187 1272 3217 Of-

211 3228 346 3259 ficialibus
360 3228 428 3258 dieii
445 3228 535 3264 Regis
556 3227 665 3266 Angliae
681 3227 710 3256 in
731 3225 814 3255 dietis
829 3224 976 3254 Vaseoniae
996 3225 1120 3263 partibus
1141 3224 1273 3256 diceban-

213 3275 259 3298 tur
273 3266 387 3304 inferri,
405 3266 438 3296 &
453 3266 542 3304 aliqua
555 3275 589 3295 ex
603 3264 808 3304 gravaminibus
826 3263 901 3302 ipsiS,
919 3272 982 3300 quae
1002 3271 1070 3292 tunc
1087 3262 1191 3293 nostrae
1212 3274 1273 3294 me-

212 3307 315 3337 moriae
335 3312 520 3335 occurremur
534 3326 544 3342 ,
568 3304 735 3341 aperiremus
755 3302 848 3332 eidem
863 3324 872 3339 ,
905 3300 939 3331 &
960 3309 1116 3339 peteremus
1141 3301 1274 3333 instanter

213 3345 292 3382 quod
307 3344 350 3374 illa
365 3344 467 3374 faceret
480 3343 598 3380 corrigi,
617 3342 649 3372 δε
663 3340 809 3370 Officiales
823 3340 884 3370 suos
897 3350 912 3370 a
926 3340 1025 3369 talibus
1036 3340 1180 3377 cohiberi3
1197 3341 1275 3371 idem

211 3381 279 3414 Rex
300 3392 398 3413 eorum
421 3382 532 3419 aliqua,
555 3380 589 3410 ad
605 3379 758 3418 hujusmodi
780 3378 906 3408 nostram
927 3376 1077 3408 instantem
1099 3377 1275 3418 instantiam,

213 3430 265 3459 per
279 3421 334 3451 suas
349 3420 489 3451 mandavit
503 3420 602 3449 litteras
614 3441 624 3457 ,
648 3417 682 3448 ad
698 3419 825 3455 quietum
839 3417 873 3448 &
891 3416 1010 3446 liberum
1032 3424 1114 3446 terrae
1131 3417 1274 3455 praedidlae

217 3460 343 3498 regimen
352 3482 360 3497 ,
375 3458 531 3489 reformari.

257 3497 346 3535 Super
359 3498 414 3528 aliis
428 3499 501 3527 vero
515 3494 654 3534 respondit
666 3493 761 3533 quod,
779 3503 847 3524 cum
860 3502 926 3524 eum
946 3492 1025 3531 super
1038 3493 1095 3525 hoc
1131 3503 1184 3533 pro
1198 3502 1274 3531 parre

218 3534 287 3564 dieti
308 3534 394 3573 Regis
417 3536 527 3574 Angliae
541 3557 551 3572 ,
576 3535 677 3573 requiri
698 3533 875 3573 contingeret
887 3555 897 3570 ,
922 3531 1068 3569 Regestris
1087 3517 1184 3562 Curiae
1202 3533 1276 3571 suae,

241 3582 284 3602 uae
306 3580 374 3602 tunc
395 3573 488 3603 secum
506 3583 565 3603 non
587 3573 707 3602 habebat
721 3594 730 3610 ,
756 3571 885 3611 impediis
901 3593 910 3608 ,
935 3580 1003 3600 cum
1018 3571 1058 3601 sui
1076 3570 1276 3601 deliberatione

218 3582 355 3647 {sonsum
372 3611 458 3641 taliter
480 3611 637 3649 ordinaret,
654 3610 733 3649 quod
752 3609 829 3640 idem
844 3608 909 3639 Rex
931 3608 1043 3647 Angliae
1061 3608 1152 3648 posset
1171 3610 1276 3640 merito

220 3650 395 3686 contentari,
408 3648 532 3687 diffique
545 3649 692 3679 Officiales
703 3649 860 3686 salubriter,
898 3647 996 3677 acifice
1012 3657 1045 3678 ac
1058 3647 1161 3686 libere,
1179 3648 1212 3677 &
1227 3657 1277 3677 eo-

219 3686 287 3716 dem
301 3686 390 3716 modo
403 3688 514 3724 possent
528 3697 622 3726 regere
633 3688 739 3717 dieram
749 3687 870 3717 Terram
914 3685 1052 3724 asconiae,
1070 3686 1140 3716 ficut
1150 3685 1258 3715 dudum
1267 3708 1277 3724 ,

217 3732 282 3793 {nte
289 3733 406 3792 §gum
419 3734 508 3756 motae
526 3727 596 3755 inter
613 3735 681 3756 eum
696 3727 728 3756 &
749 3727 859 3758 dietum
875 3725 1091 3764 Progenitorem
1112 3723 1277 3764 discordiae,

245 3772 288 3792 cie
343 3771 363 3792 t.

255 3800 310 3844 Sed
325 3801 379 3839 ipse
400 3801 432 3830 ὃ(
444 3801 524 3832 suum
543 3801 679 3832 secretum
693 3800 851 3832 Consilium
901 3811 936 3832 ex
951 3812 987 3833 eo
1005 3801 1032 3832 se
1045 3808 1215 3840 provocatos
1233 3800 1278 3831 ni-

220 3847 312 3868 mium
326 3838 524 3882 ostendebam,
538 3840 617 3879 quod
630 3839 775 3870 Officiales
789 3840 857 3871 dieti
867 3825 960 3878 Regis
968 3840 1094 3880 Angliae,
1112 3840 1143 3870 in
1155 3839 1277 3880 partibus

220 3875 367 3921 yascomae
379 3877 550 3915 supradictis,
568 3878 672 3907 nedum
691 3878 769 3915 quod
785 3878 1014 3919 appellationibus
1027 3903 1037 3917 ,
1060 3877 1224 3915 interpositis
1241 3877 1276 3908 ad

220 3925 230 3944 ι
252 3914 312 3943 sum
328 3914 440 3957 Regem
456 3915 644 3957 Francorum,
659 3916 814 3953 deferrent,
838 3927 941 3947 verum
955 3918 1039 3948 etiam
1053 3916 1219 3956 appellantes
1233 3916 1277 3954 ip-

232 3962 264 3982 os
279 3954 422 3982 temerarie
436 3954 580 3990 capiebant
595 3976 604 3990 ,
629 3955 662 3983 &
683 3955 914 3992 persequebantur
933 3965 963 3985 ut
983 3955 1076 3986 hostes
1090 3977 1099 3993 ‚
1125 3955 1160 3985 &
1173 3953 1277 3984 eisdem

219 3989 399 4030 Qfficialibus
423 3990 503 4028 ipsius
520 3990 608 4030 Regis
633 3992 758 4023 Franciae
779 4002 873 4030 parere
898 3994 1154 4033 contemptabiliter
1174 4001 1276 4024 renue-

1312 3222 1438 3281 REX
1448 3246 1457 3263 ‚
1472 3222 1577 3253 di]er
1589 3222 1623 3252 &
1637 3219 1711 3249 fideli
1723 3219 1788 3256 suo,
1805 3217 1957 3248 Amaneno
1968 3215 2004 3246 de
2020 3215 2145 3247 Lebreto
2154 3239 2163 3254 ,
2181 3216 2303 3247 salutem.
2387 3212 2464 3246 Ann.
2474 3213 2518 3246 D.·

1402 3261 1447 3292 Ex
1460 3261 1545 3291 relatu
1561 3258 1743 3290 intelleximus
1765 3256 1818 3287 fide
1842 3257 1846 3261 '
1867 3265 1907 3285 no
1919 3254 1996 3294 quod
2008 3255 2081 3285 inter
2096 3265 2166 3292 vos,
2182 3256 2216 3286 &
2233 3254 2369 3285 dileffmm
2415 3262 2503 3294 1312.

1313 3300 1346 3330 &
1361 3299 1474 3330 fidelem
1492 3298 1642 3335 nostrum,
1656 3295 1817 3333 Johannem
1858 3304 1874 3324 e
1892 3293 2017 3324 Ferrariis
2035 3293 2220 3324 senescallum
2238 3292 2369 3323 nostrum
2382 3294 2435 3320 An.
2455 3295 2484 3321 6.

1313 3338 1477 3376 Vasconiae,
1495 3346 1590 3374 graves
1605 3334 1782 3365 dissensiones
1796 3333 1829 3364 &
1842 3332 2004 3370 discordiae,
2020 3331 2099 3372 super
2115 3329 2277 3371 quibusdam
2292 3329 2368 3360 Arti-
2380 3333 2411 3356 Ε.
2436 3339 2462 3358 2.

1313 3377 1400 3415 culis,
1419 3377 1448 3407 in
1461 3376 1541 3407 dicto
1554 3374 1671 3405 Ducatu
1684 3373 1746 3403 sunt
1761 3378 1883 3409 exortae,
1901 3380 1935 3401 ex
1954 3370 2056 3409 quibus
2069 3369 2203 3402 tumultus
2222 3369 2253 3398 in
2265 3368 2368 3399 eisdem
2385 3369 2449 3406 Vasc.
2467 3369 2496 3396 6.

1312 3416 1434 3452 partibus
1446 3415 1586 3452 exoritur,
1604 3413 1637 3444 ὃ(
1650 3412 1782 3443 timentur
1796 3410 1917 3449 dampna
1931 3409 1964 3440 &
1978 3408 2101 3448 pericula
2114 3407 2242 3446 evenire,
2259 3406 2310 3437 nisi
2325 3407 2369 3438 su·
2383 3410 2412 3434 Ε.
2431 3416 2458 3435 2.
2478 3416 2517 3435 m.

1313 3464 1363 3492 per
1377 3453 1435 3484 hoc
1449 3451 1607 3483 remedium
1619 3450 1735 3481 celerius
1746 3457 1907 3488 apponatur.
2386 3443 2431 3470 18.

1351 3491 1371 3511 ²*
1387 3491 1455 3522 Nos
1468 3491 1549 3531 igitur
1571 3489 1623 3528 (ob
1633 3487 1781 3526 specialem
1793 3486 1993 3526 affec'iionem,
2011 3495 2094 3526 quam
2108 3483 2143 3514 ad
2157 3482 2304 3522 personam
2317 3492 2368 3516 ve-
2381 3480 2401 3500 *
2417 3483 2472 3510 ΙΙΙ.

1313 3528 1398 3560 stram
1413 3529 1576 3560 visceraliter
1589 3527 1727 3567 gerimus,
1742 3526 1775 3557 &
1785 3525 1915 3568 gessimus
1926 3535 1942 3556 a
1956 3526 2014 3564 jam
2023 3523 2086 3566 diu:
2104 3522 2138 3553 &
2154 3530 2184 3552 ut
2197 3521 2319 3561 dampna
2333 3523 2367 3554 &
2382 3529 2449 3558 343.

1314 3568 1436 3607 pericula
1451 3567 1584 3607 praedicita
1596 3566 1700 3597 cautius
1712 3565 1862 3603 evitentur)
1877 3563 2002 3596 volentes
2015 3564 2088 3593 inter
2105 3570 2158 3591 vos
2173 3560 2207 3591 &
2220 3560 2370 3604 praefatum

1315 3606 1502 3637 Senescallum
1517 3604 1645 3636 nostrum
1658 3613 1785 3634 amorem
1803 3604 1836 3634 &
1852 3601 2033 3634 concordiam
2045 3621 2055 3638 ,
2079 3607 2265 3644 quantumnrnin
2286 3600 2374 3634 nobis

1316 3644 1374 3682 est,
1391 3645 1544 3675 reformare
1559 3653 1566 3673 :
1590 3642 1778 3681 sperantesque
1792 3641 1872 3680 quod
1892 3642 1920 3672 id
1934 3642 1963 3671 in
1981 3636 2076 3669 nostra
2094 3636 2238 3682 praesenna
2249 3636 2372 3681 facilius,

1336 3685 1402 3713 uam
1417 3683 1501 3720 alibi,
1518 3683 1622 3719 poterit
1634 3680 1749 3711 effectui
1763 3682 1934 3718 mancipari,
1956 3685 2024 3708 cum
2043 3685 2095 3706 nos
2113 3675 2198 3708 vestri
2216 3676 2250 3706 &
2262 3676 2372 3712 praefati

1337 3721 1463 3751 enescalli
1473 3720 1562 3751 nostri
1576 3720 1682 3750 intimis
1694 3719 1840 3750 affeetibus
1852 3719 1975 3749 zelemus
1989 3712 2146 3757 commoda
2161 3714 2194 3744 &
2206 3712 2346 3757 honores3

1357 3759 1417 3789 Vos
1430 3769 1560 3798 rogamus
1578 3758 1683 3789 obnixe
1695 3780 1705 3794 ,
1727 3759 1808 3788 vobis
1828 3754 2025 3787 nichilominus
2039 3762 2069 3781 1n
2082 3751 2138 3781 fide
2152 3752 2186 3783 &
2205 3751 2374 3795 diledhone,

1318 3798 1418 3836 quibus
1430 3798 1513 3830 nobis
1526 3797 1679 3835 tenemini,
1696 3795 1813 3831 firmiter
1825 3796 2015 3834 injungentes,
2032 3789 2110 3837 guod
2128 3789 2184 3820 sius
2196 3788 2231 3819 ad
2244 3798 2296 3832 nos
2305 3811 2315 3827 ‚
2331 3797 2373 3828 qr-

1317 3845 1358 3867 tra
1370 3835 1486 3867 Festum
1499 3835 1595 3867 Sanffi
1614 3834 1730 3866 Martini
1745 3836 1777 3866 in
1794 3833 1900 3865 Hieme
1917 3837 2053 3870 proximo
2070 3827 2195 3859 futurum
2211 3849 2222 3865 ,
2243 3827 2374 3858 ubicum-

1316 3884 1372 3914 que
1387 3883 1457 3905 tunc
1471 3874 1605 3905 fuerimus
1620 3874 1648 3903 in
1662 3873 1783 3912 Anglia,
1800 3871 1830 3902 ut
1848 3878 1916 3901 tunc
1930 3869 2002 3912 inter
2020 3876 2072 3897 vos
2084 3888 2094 3904 ,
2116 3866 2149 3896 &
2163 3865 2311 3905 praefatum
2323 3865 2376 3896 Se-

1315 3912 1466 3943 nescallum
1480 3911 1609 3943 nostrum
1624 3912 1681 3948 (cui
1693 3912 1815 3942 similiter
1827 3907 2020 3939 mandavimus
2030 3904 2108 3949 quod
2122 3903 2156 3935 ad
2170 3913 2237 3942 nos,
2255 3904 2295 3934 ob
2307 3914 2375 3935 cau-

1318 3952 1374 3981 sam
1394 3951 1558 3989 praediCtam
1572 3973 1582 3988 ‚
1604 3950 1719 3981 accedat
1736 3951 1805 3980 citra
1825 3944 1939 3977 Festum
1961 3944 1988 3988 su
2010 3942 2164 3988 radidtum)
2186 3941 2310 3986 caeteros
2327 3951 2375 3986 ..⁶³

1316 3989 1399 4022 vobis
1417 3990 1452 4022 &
1464 3990 1514 4022 fibi
1527 3988 1699 4021 adhaerentes
1710 4010 1723 4027 ,
1747 3988 1826 4026 super
1845 3983 1927 4016 dictis
1943 3953 2152 4033 disspenfiombus
2167 3981 2202 4015 &
2214 3979 2370 4035 flffcf'r**u⁵'
