2562 4279
811 150 924 194 ΕΤ
1008 155 1274 197 ACTA
1357 158 1833 212 PUBLICA.

173 248 255 278 rum,
273 238 473 272 Baionenfium
496 240 530 272 &
551 239 809 284 Norrnannorum,
824 239 859 270 ad
884 249 1073 285 communem
1089 241 1253 287 utilitatem,

30 266 102 300 Ann-
114 264 156 296 D·
173 278 240 308 hinc
263 278 294 308 δε
320 280 403 318 inde,
421 278 573 310 confoveri
586 276 765 317 affectantes,
783 288 816 309 ac
839 278 875 309 de
898 279 1028 310 fidelitate
1043 279 1134 311 vestra
1147 282 1181 312 ὃς
1197 291 1252 312 cir-

50 304 130 345 1313:
170 316 384 355 cumspetstione
400 316 519 355 provida
534 316 724 361 confidentes,
890 356 895 361 .
1063 356 1068 361 .
1194 359 1198 363 .

31 351 95 374 RV·
115 353 140 373 ²·
215 355 262 385 Ad
286 357 461 387 tractandum
481 355 516 385 de
537 355 657 390 Treuga
676 354 720 384 seu
743 354 914 385 Sufferentiii
933 355 1012 395 super
1026 355 1253 400 Dissensionibus

178 394 212 425 &
227 393 383 425 Discordiis
397 393 556 434 praedictis,
572 392 605 422 ad
621 392 836 436 Qinquaginta
850 393 966 437 Annos,
983 394 1029 424 vel
1041 395 1173 438 amplius:

214 431 270 463 Seu
285 432 364 471 super
378 432 450 462 finali
465 441 534 468 pace
553 431 587 461 &
609 429 781 474 concordia,
799 439 871 461 inter
884 431 970 476 ipsos,
990 431 1153 471 Majorem,
1167 434 1250 472 Jura-

177 480 235 509 tos,
254 470 340 502 Cives
353 494 364 510 ,
388 471 421 502 &
443 466 689 500 communitatem
712 468 825 500 Baionae
840 491 851 508 ,
878 470 912 500 &
932 470 1024 501 dictos
1050 471 1251 512 Normannos,

172 519 260 578 ¹1³}th
262 509 313 578 {zd-
326 546 473 583 Treugam
498 545 532 575 &
553 544 747 576 Sufferenti’am
769 545 870 590 illam,
894 546 938 577 seu
962 546 1066 578 Pacem
1088 547 1200 579 finalem
1216 549 1249 581 &

177 585 373 617 Concordiam
388 606 398 622 ,
424 582 505 613 *sub
527 583 625 614 Poenis
646 584 679 615 &
703 583 948 629 Conditionibusfl,
973 586 1120 625 modisque
1143 588 1176 618 &
1196 589 1250 618 viis

175 624 251 662 aliis,
269 623 367 690 quibius
375 622 452 659 juxta
464 621 645 653 discretiones
658 621 758 654 vestras
773 623 903 661 expedire
912 623 1068 665 videbitur,
1086 626 1247 657 vallandum

175 662 595 767 &isigglzrfollnnrli’bushgribus‚
610 698 645 729 &
668 698 778 767 ἀυῖὺέξ
792 699 936 769 νεβτδΐὲῐη,
954 709 1051 733 tenore
1066 702 1247 772 praesengium

175 744 756 813 53531132225122'32veieffiamffiffifz
767 746 1012 818 ssussmaaiiissimj'
1020 751 1164 811 ’vfflssss
1179 751 1248 820 ‚1555

171 814 312 858 firmatum
327 813 408 882 fuersict
422 813 452 843 in
467 811 623 851 praemiffis.

207 851 397 928 ‚Ifefflfflge
407 861 484 928 <{pud
501 889 661 930 Mortelak‚
681 890 799 923 octavo
815 892 862 923 die
875 892 986 932 Aprilis.

45 607 65 627 Ψ
82 608 135 635 111.

63 653 131 684 702-

236 1040 296 1076 Ad
310 1044 446 1088 Papam,
473 1041 510 1075 de
532 1041 720 1076 Fundatione
746 1045 865 1077 Domus
887 1047 1032 1080 Sororum
1056 1047 1181 1080 Ordinis

582 1090 828 1127 Praea'icatorum.

25 1180 99 1214 Am.
114 1178 154 1210 D.
172 1174 329 1236 PAPAE
348 1175 412 1207 Rex
429 1174 530 1208 devota
546 1175 652 1214 pedum
665 1176 761 1221 oscula
775 1178 932 1209 beatorum.
1038 1219 1042 1223 Ι

46 1220 128 1260 1318.
264 1215 343 1253 Qia
363 1215 567 1255 proponimus,
584 1213 694 1246 Divina
712 1214 760 1245 dis
793 1225 877 1247 nente
900 1216 1062 1249 Clementia
1104 1218 1246 1258 quandam

23 1263 75 1287 An.
94 1268 136 1286 ιι.
171 1252 307 1284 Domum
320 1254 455 1285 Sororum
489 1252 610 1284 Ordinis
623 1253 749 1285 Fratrum
787 1254 1007 1296 raedicatorum,
1022 1257 1054 1287 in
1101 1267 1179 1295 egno
1192 1269 1245 1290 no-‘

23 1302 55 1326 Ε.
72 1307 97 1324 2.
171 1291 245 1330 stro,
263 1292 396 1332 fundare,
413 1302 470 1332 qua
492 1292 632 1323 mediante
650 1291 812 1324 Elemosina
828 1293 943 1332 nostra,
961 1305 1046 1332 quam
1059 1297 1139 1327 annis
1150 1297 1246 1335 singu.

22 1334 132 1368 Rom&
169 1329 202 1360 lis
223 1331 354 1371 facimus,
371 1338 423 1369 pro
445 1330 527 1363 salute
546 1330 768 1368 progenitorum
787 1331 821 1362 &
844 1331 1045 1364 Successorum
1060 1334 1244 1376 nostrorum,

21 1378 62 1402 Fr.
85 1383 126 1404 ii.
167 1379 202 1399 ac
227 1370 323 1401 nostra
360 1370 495 1400 Fratribus
518 1368 635 1400 Ordinis
662 1368 814 1408 antediffl,
833 1371 882 1409 qui
900 1371 973 1409 apud
997 1372 1159 1413 Langeleye
1175 1375 1245 1406 Lin-

22 1416 53 1439 ε.
70 1422 96 1440 2.
114 1422 152 1443 m,
170 1406 304 1438 colniensi
323 1393 445 1439 Diocese
461 1415 678 1453 commorantur
689 1431 700 1447 ,
723 1410 905 1453 continuetur
930 1410 1118 1454 imposterum
1135 1425 1147 1457 5
1166 1413 1244 1458 super

168 1455 227 1484 quo
242 1445 366 1478 diffufius
379 1457 429 1485 per
444 1445 548 1477 nostras
563 1447 680 1478 Litteras
695 1446 760 1477 alias
778 1447 877 1479 vestrae
890 1447 1037 1480 scribimus
1050 1450 1214 1491 Sandfflan,

206 1484 315 1516 Vestrae
336 1485 495 1516 Paternitati
513 1484 688 1522 digniffimae
710 1485 855 1517 humiliter
881 1486 1066 1525 supplicamus
1090 1492 1219 1527 quatinus
1233 1514 1243 1530 ,

168 1522 285 1554 dilectos
303 1524 389 1554 nobis
412 1525 441 1554 in
457 1522 594 1563 Christo,
611 1523 734 1562 Fratres,
751 1523 930 1556 Richardum
947 1525 984 1556 de
997 1526 1114 1566 Birton,
1132 1529 1166 1559 &
1182 1529 1243 1561 An-

167 1562 263 1592 dream
284 1561 320 1593 de
344 1562 502 1602 Assakeby,
518 1563 669 1593 memorati
688 1562 809 1594 Ordinis
822 1562 1007 1604 Professores,
1026 1568 1243 1599 recommenda-

167 1608 210 1630 tos
229 1600 331 1632 habere
354 1601 531 1640 dignemini,
547 1610 618 1640 quos
640 1600 676 1631 ad
693 1599 815 1632 vestram
837 1600 1040 1634 Beatitudinem
1053 1604 1194 1644 misimus,
1214 1612 1244 1641 ut

165 1638 278 1670 dietum
292 1639 456 1679 Negotium
472 1646 655 1677 exequantur,
670 1639 826 1678 quibus,in
838 1639 962 1677 ejusdem
975 1643 1158 1680 promotione
1169 1643 1236 1675 Ne-

167 1678 258 1716 goni,
274 1677 373 1710 vestrae
387 1677 493 1716 placeat
505 1676 605 1709 Pietati
625 1678 745 1716 gratiam
756 1677 921 1717 impendere
938 1678 1100 1719 benigniter
1115 1682 1149 1714 &
1163 1682 1244 1716 favo-

165 1720 236 1747 rem.

199 1754 371 1793 Conservet,
387 1755 449 1786 &c.

27 1455 69 1487 13.
87 1451 112 1478 d.

250 1896 310 1926 Pro
333 1894 465 1927 Domino
491 1893 651 1925 Amaneno
672 1889 709 1924 de
733 1889 858 1935 Lebreto
880 1883 918 1925 de
941 1893 1076 1936 Pmfione
1089 1895 1153 1940 sud

586 1938 683 1973 debite
701 1938 861 1986 fhlvenu'a.

14 2042 92 2079 Ann-
108 2045 150 2078 D⁴
227 2025 295 2057 EX
326 2023 482 2058 Senescallo
500 2025 550 2057 suo
572 2025 737 2064 Vasconiae,
753 2025 788 2057 &
810 2024 1026 2058 Constabulario
1038 2028 1089 2058 suo
1102 2026 1244 2066 Burdega-

93 2085 109 2113 3
248 2065 308 2104 fiae,
325 2066 373 2104 qui
394 2075 470 2096 nunc
490 2063 573 2104 sunt,
591 2065 637 2096 vel
658 2066 709 2104 qui
730 2071 784 2104 pro
805 2072 936 2104 ternpore
955 2073 1054 2105 erunt,
1072 2073 1119 2098 aut
1139 2075 1242 2098 eorum

15 2095 119 2154 Aln31u·
167 2103 418 2150 locaxtenentibus²
435 2103 556 2148 salutern.

13 2167 37 2191 Ε
61 2173 76 2190 2
121 2145 128 2153 '
203 2140 284 2174 Cum
298 2153 404 2182 nuper,
421 2150 469 2180 per
484 2142 589 2173 Literas
603 2141 709 2173 nostras
723 2141 852 2173 Patentes

176 2213 178 2216 ,
201 2180 260 2212 Pro
279 2181 361 2212 bono
382 2181 414 2212 &
435 2180 565 2211 laudabili
584 2181 710 2220 servitio,
737 2180 814 2219 quod
826 2164 946 2212 dilectus
964 2179 998 2213 &
1020 2179 1241 2227 fidelis—noster,

164 2220 326 2251 Amanenus
340 2219 483 2250 Dominus
504 2219 541 2250 de
558 2219 701 2258 Lebreto,
719 2219 836 2251 celebris
848 2228 1014 2258 memoriae,
1031 2219 1166 2251 Domino
1181 2220 1238 2251 Ed-

163 2259 262 2290 wardo
275 2281 285 2297 ,
303 2257 445 2297 quondam
464 2256 541 2296 Regi
560 2257 674 2296 Angliae
688 2280 699 2297 ,
724 2256 797 2289 Patri
819 2257 917 2290 nostro
932 2281 942 2297 ,
967 2258 1001 2289 &
1024 2259 1108 2290 nobis
1128 2260 1240 2298 impen-

160 2297 430 2367 dltOoncessizrimus
452 2334 497 2372 ei,
515 2341 568 2372 pro
588 2334 671 2364 nobis
692 2334 727 2365 &
749 2333 919 2366 Haeredibus
938 2334 1054 2374 nostris,
1071 2336 1151 2375 quod
1163 2335 1238 2376 ipse,

161 2385 178 2405 a
193 2374 276 2404 Festo
290 2374 388 2405 Sancti
400 2372 522 2404 Andreae
538 2371 686 2412 Apostoli,
703 2383 778 2404 anno
792 2372 893 2410 Regni
906 2372 995 2417 nostri
1009 2376 1123 2418 primo,
1142 2374 1181 2406 fin
1205 2386 1238 2407 u-

162 2413 194 2444 lis
209 2413 303 2451 annu,
319 2412 353 2443 ad
369 2420 457 2443 totam
472 2412 562 2442 vitam
577 2411 672 2450 suam,
690 2412 828 2450 percipiet
840 2411 898 2443 duo
914 2412 988 2444 milia
1003 2412 1153 2445 Librarum
1193 2425 1238 2445 ur-

162 2451 354 2489 degalensium
370 2473 380 2490 ,
404 2449 441 2480 de
461 2447 588 2489 Pedagio
606 2449 643 2480 de
662 2449 768 2481 saneto
788 2450 956 2489 Machario,
975 2461 1024 2489 per
1047 2461 1147 2484 manus
1161 2452 1237 2492 suas,

162 2490 208 2522 vel
231 2501 281 2528 per
305 2500 402 2520 manus
417 2488 486 2520 illius
520 2497 606 2527 quern
627 2487 662 2519 ad
681 2488 755 2527 hoc,
773 2498 823 2527 per
838 2489 943 2520 Literas
956 2489 1013 2520 suas
1026 2489 1169 2530 Parentes,
1184 2491 1236 2523 de-

162 2530 300 2568 putaverit
322 2528 392 2559 loco
413 2527 469 2566 sui,
484 2512 518 2559 ἐζ
540 2537 589 2565 per
606 2527 697 2557 visum
716 2526 923 2572 Constabularii
939 2527 1026 2572 nostri
1048 2528 1236 2574 Burdegaliae,

162 2569 212 2607 ‘³⁰³
220 2576 408 2636 ‘'mr‘eeffifissffi
416 2565 514 2635 fffir
522 2565 650 2641 ἔέἕξέἳῗ
666 2565 818 2635 fficffiff
818 2576 854 2636 5¹1¹
855 2566 1146 2644 iffiss‘ap‘gi‘iss‘ssiss
1157 2570 1237 2639 ῗέεἳὲ

161 2615 324 2677 tXitiJigdenus
345 2644 421 2674 di&a
441 2643 513 2674 Duo
535 2640 622 2673 Milia
644 2627 791 2674 fibrarum
805 2628 1067 2689 Burdegaleiisium',
1084 2645 1120 2689 de
1133 2638 1237 2677 eodem

151 2683 293 2720 —Pedagio
316 2683 354 2714 fic
373 2683 544 2720 perceperit,
563 2682 598 2713 δε
615 2682 760 2720 habuerit,
775 2683 806 2712 in
821 2683 953 2713 manibus
968 2682 1097 2720 praediciti
1111 2683 1238 2716 Consta-

163 2718 264 2753 bularii
278 2726 431 2759 remaneat,
451 2728 481 2752 ut
495 2720 577 2752 nobis
592 2719 626 2752 &
645 2720 813 2751 Haeredibus
829 2720 928 2752 nostris
942 2721 1009 2753 inde
1024 2721 1112 2753 valeat
1125 2722 1238 2762 respon-

164 2761 248 2799 dere,
262 2768 345 2799 prout
358 2760 387 2790 in
402 2756 503 2790 Literis
515 2758 614 2789 nostris
629 2759 770 2797 praedietis
785 2758 891 2797 plenius
906 2761 1079 2804 continetur:

201 2798 246 2829 Ac
264 2799 326 2836 jam
347 2798 539 2836 acceperimus
557 2798 637 2837 quod
658 2799 745 2829 exitus
766 2797 884 2836 Pedagii
906 2798 1037 2836 praedieti
1050 2798 1146 2838 aliquo
1161 2810 1238 2843 anno

165 2834 307 2866 summam
322 2835 454 2867 Duorum
470 2835 587 2866 Milium
605 2836 754 2867 Librarum
774 2835 1019 2874 Burdegalensium
1032 2838 1186 2870 excedunt:
1205 2840 1239 2870 &

165 2875 258 2913 aliquo
278 2884 352 2904 anno
370 2874 509 2905 summam
536 2874 614 2905 illam
636 2876 666 2906 in
693 2875 817 2906 multum
837 2886 897 2906 non
917 2876 986 2907 attin
1007 2884 1074 2914 unt,
1090 2887 1140 2914 per
1161 2877 1238 2915 quod

165 2913 294 2951 praefatus
313 2912 474 2944 Amanenus
493 2913 627 2950 praedicta
647 2913 706 2944 duo
720 2912 804 2944 Milia
819 2913 971 2945 Librarum
1018 2915 1240 2952 urdegalensium

164 2951 201 2982 de
215 2951 295 2982 dieto
312 2949 440 2989 Pedagio
453 2952 575 2988 recipere
589 2961 648 2981 non
662 2951 771 2991 potest,
789 2961 818 2982 ut
832 2951 952 2983 deberet.

201 2990 284 3028 Nos,
302 2989 427 3020 volentes
447 2989 525 3027 quod
543 2988 638 3020 eidem
653 2991 820 3029 Amaneno,
836 2990 873 3021 de
889 2990 971 3021 dietis
985 2990 1106 3035 Duobus
1120 2991 1241 3037 Milibus

168 3022 261 3059 Libris
281 3027 544 3067 BurdegalensibuS,
559 3027 596 3059 de
618 3027 746 3067 Pedagio
760 3029 916 3068 praedieto,
935 3029 1060 3068 quohbet
1075 3041 1150 3062 anno
1166 3031 1239 3063 satis-

10 2184 88 2238 vase.⁸
101 2206 143 2233 ii.

11 2238 43 2269 ἓ.
67 2249 93 2268 2.
109 2251 147 2271 m.

18 2287 61 2306 ιο.

165 3066 210 3098 fiat

205 3090 296 3136 &obis
309 3105 474 3136 mandamus
487 3104 566 3144 quod
586 3104 624 3143 (fi
635 3106 721 3136 exitus
732 3104 851 3144 Pedagii
865 3105 1014 3147 praediffl,
1031 3107 1126 3146 aliquo
1143 3117 1235 3148 anno,

169 3140 311 3174 summam
328 3144 495 3182 praediehm
516 3153 577 3175 non
597 3145 782 3184 attingebant:
800 3144 834 3176 &
854 3145 949 3183 aliquo
963 3156 1040 3177 anno
1053 3147 1193 3178 summam
1207 3148 1241 3178 il-

169 3182 226 3213 lam
248 3182 435 3220 excedebant)
456 3190 539 3221 tunc,
557 3191 722 3221 computato
744 3193 803 3214 uno
825 3193 902 3215 anno
922 3185 953 3214 in
968 3184 1071 3224 alium,
1088 3184 1239 3217 Amaneno

168 3220 245 3251 duaa
264 3220 325 3251 duo
341 3221 417 3253 milia
432 3221 580 3252 Librarum
593 3220 835 3261 Burdegalensium
843 3246 853 3262 ,
871 3223 998 3262 quolibet
1010 3233 1103 3262 anno,
1121 3223 1157 3255 de
1172 3224 1239 3255 Exi-

167 3259 242 3290 tibus
277 3258 396 3290 raedietis
411 3282 421 3297 ,
443 3258 480 3290 de
501 3268 632 3298 ternpore
651 3261 792 3299 praeterito
806 3284 816 3299 ,
832 3263 867 3293 ὃς
883 3271 1012 3302 exnunc,
1029 3262 1099 3294 solvi
1116 3261 1239 3303 faciatis,

168 3298 249 3336 prov‘
262 3307 282 3327 o
299 3297 374 3337 quod
391 3297 427 3328 de
442 3297 567 3329 Residuo
585 3299 668 3329 nobis
684 3299 878 3337 respondeatur
892 3323 903 3340 ,
918 3301 994 3339 juxta
1011 3309 1143 3333 tenorem
1160 3302 1238 3335 Lite—

170 3346 262 3368 rarum
277 3335 437 3367 nostrarum
455 3336 664 3374 praedictarum.

204 3374 271 3409 Dat.
290 3373 364 3413 apud
381 3373 536 3414 Mortilak,
552 3384 634 3407 nono
651 3375 698 3407 die
709 3375 824 3414 Aprilisi

927 3457 981 3485 Per
997 3453 1080 3496 ipfiaem
1096 3458 1200 3495 Regem.

47 3601 66 3625 ἃ
84 3608 136 3639 ΠΙ.
235 3593 324 3628 *De
348 3596 498 3641 Homagio
522 3621 533 3636 ,
552 3604 606 3641 pro
628 3591 754 3629 Ducam
775 3599 966 3644 Aquitania,
986 3596 1158 3644 praestando.

23 3653 148 3715 Knog'D.
164 3680 338 3736 PHilippus
352 3700 362 3720 -‚
386 3676 443 3710 Dei
462 3678 567 3717 gratia,
587 3679 758 3712 Francorum
777 3682 810 3713 δε
827 3682 964 3715 Navarrae
984 3683 1064 3722 Rex,
1082 3685 1229 3725 universis,

49 3723 132 3760 1318.
221 3720 365 3758 praesentes
381 3719 488 3764 Literas
506 3717 686 3765 inspecturis,
701 3719 822 3765 salutem.
961 3761 965 3766 ι

21 3760 73 3787 Aa.
93 3770 134 3790 ii.
199 3759 316 3802 Notum
333 3758 450 3803 facimus
467 3757 564 3797 quod,
582 3757 776 3802 accedentibus
793 3760 829 3791 ad
843 3760 1014 3804 praesentiam
1027 3760 1152 3805 nostram
1166 3772 1231 3801 pru—

21 3799 54 3824 E.
74 3806 99 3826 2.
162 3796 290 3828 dentibus
313 3807 401 3834 viris,
439 3796 551 3826 ohanne
574 3795 648 3826 Abel
672 3796 760 3828 milite
774 3817 784 3836 ,
807 3799 841 3829 &
869 3798 1010 3836 Magistro
1028 3798 1177 3831 Richardo
1194 3801 1231 3832 de

21 3833 153 3870 claustri.
164 3835 268 3866 Burton
286 3835 407 3873 vLegum
450 3834 582 3865 rofeffore
598 3857 607 3873 ,
629 3830 864 3869 Embaffatoribus
881 3836 927 3869 seu
945 3837 1061 3868 Nuntiis
1078 3848 1112 3869 ex
1129 3849 1205 3878 parte
1218 3863 1229 3879 ,

23 3874 53 3898 Ε.
70 3882 96 3900 2.
113 3885 148 3902 m.
163 3873 293 3905 cariffimi
311 3874 412 3905 Fratris
427 3897 438 3912 ,
455 3873 587 3904 Edwardi
605 3872 694 3910 Regis
710 3872 839 3913 Angliae,
856 3875 948 3906 Ducis
965 3876 1140 3916 Aquitaniae,
1159 3877 1228 3909 fide-

27 3918 53 3946 3-
71 3911 96 3940 d·
162 3911 196 3942 lis
211 3912 313 3950 nostri,
329 3912 364 3943 ad
381 3923 432 3942 nos
449 3912 552 3950 rniffis,
569 3911 666 3943 auditis
682 3912 713 3942 in
730 3912 876 3955 praesentia
892 3913 1018 3958 nostras

45 3959 48 3962 ⁴
198 3949 328 3981 Necnon
342 3951 563 3982 excusationibus
578 3960 612 3981 ex
629 3955 705 3989 parte
721 3951 802 3988 ipsius
819 3950 911 3982 Ducis
923 3975 934 3990 ,
951 3954 1032 3986 nobis
1046 3962 1095 3991 pei·
1112 3964 1161 3985 eos
1177 3963 1226 3985 ex-

161 3988 269 4027 positis,
286 3990 363 4027 super
377 3999 413 4020 eo
430 3990 510 4028 quod
525 3989 559 4021 ad
575 3999 645 4028 nos,
662 3989 698 4020 ad
716 3989 879 4023 mandatum
896 3990 1041 4030 nostrum,
1057 3991 1138 4024 caula
1153 4004 1225 4032 prae*

160 4024 249 4061 stmdi
265 4028 349 4060 nobis
364 4028 551 4068 Hemagium
566 4038 621 4070 pro
635 4028 715 4062 dieto
732 4027 850 4062 Ducam
865 4051 876 4068 ,
890 4029 924 4064 &
938 4029 1014 4069 aliis,
1031 4039 1097 4071 qu&
1109 4032 1225 4071 anobis

2290 190 2367 230 149

1297 244 1326 273 in
1352 244 1455 285 Regno
1478 249 1574 279 nostro
1600 251 1724 283 Franciae
1744 264 1817 287 tenet
1835 257 1865 286 in
1884 256 2011 290 Feodum
2026 283 2036 298 ,
2062 255 2095 290 ad
2119 260 2235 298 praesens
2252 261 2278 292 se
2296 272 2366 293 cone>
2387 258 2461 290 Arm·
2478 255 2521 291 Di

1297 281 1370 313 ferre
1388 295 1446 315 non
1464 295 1589 331 poterat,
1606 300 1659 320 nec
1678 291 1810 324 hasterius
1830 304 1954 333 potuerat
1972 299 2054 329 certis
2071 300 2170 338 causis;
2408 300 2492 336 131&

1318 359 1323 363 .
1435 323 1628 370 Excuiationes
1648 329 1734 365 (cum
1753 332 1822 363 dieii
1839 334 1923 374 Regis
1943 336 2042 367 Fratris
2062 337 2149 368 nostri
2167 337 2255 376 aliqua
2274 339 2366 376 impe-
2388 338 2455 366 Edvs
2474 345 2502 365 20

1296 357 1420 391 dimeiita
1438 361 1569 408 sentiant)
1597 365 1662 396 licet
1681 368 1761 412 nobis
1777 393 1786 407 ,
1804 374 1860 402 tam
1878 373 1958 405 causa
1975 375 2121 406 dictorum
2140 375 2367 415 [mpedimento-²

1294 404 1356 441 rum
1368 422 1381 442 ¹,
1405 410 1490 439 quarn
1515 412 1584 445 non-
1597 404 1733 435 adventus
1749 430 1758 445 ,
1780 409 1860 446 ipsius
1888 412 1985 444 Fratris
2001 413 2113 453 nostri,
2138 425 2198 445 non
2216 415 2366 446 modicum

1294 435 1470 482 displiceant,
1488 440 1647 472 admisimus
1663 451 1754 474 tamen
1774 448 1892 478 easdem.

1330 474 1366 519 Et
1385 476 1452 507 ideo
1471 488 1522 521 nos
1534 501 1543 517 ,
1563 479 1597 509 ad
1615 481 1696 525 ipsius
1716 481 1804 514 Ducis
1820 486 2066 528 supplicationem,
2085 499 2133 529 per
2150 491 2222 530 ipsos
2237 492 2366 523 Nuntios

1293 513 1375 555 nobis
1401 520 1552 558 expolitam
1597 517 1766 561 *dilationem
1790 524 1823 554 &
1848 527 1999 563 respectum
2026 530 2157 560 veniendi
2183 531 2218 561 ad
2237 531 2364 561 nostram

1293 554 1486 599 praesentiam,
1505 565 1558 599 pro
1575 555 1653 587 disto
1670 558 1835 599 Homattio,
1854 566 1936 595 nobis
1953 567 2129 607 praestando,
2146 570 2179 600 &
2197 569 2268 608 aliis,
2285 580 2365 608 quae,

1293 592 1374 621 caula
1391 592 1547 635 hujusmodi
1564 616 1573 632 ,
1598 602 1705 638 tenetur
1721 599 1804 639 nobis
1821 600 1926 639 facere,
1946 604 2078 637 faciendis
2092 632 2102 644 ,
2119 608 2199 638 dieto
2217 607 2295 639 Duci
2313 609 2367 639 hiis

1292 629 1469 696 prefesentibus
1487 632 1688 672 concedimus,
1706 638 1788 674 usque
1809 639 1842 668 ad
1859 640 1961 672 nostrae
1979 644 2056 681 super
2076 646 2134 677 hoc
2155 646 2365 684 beneplacitum

1294 677 1332 697 vo
1344 677 1449 699 untatis.

1306 745 1311 749 ῃ
1328 706 1466 753 Volumus
1483 716 1576 740 tamen
1595 710 1690 749 quod,
1709 712 1781 742 infra
1801 714 1914 746 Festum
1934 721 2097 755 proximum
2113 722 2278 754 Nativitatis
2294 723 2362 755 Bm<

1291 752 1312 774 ti
1330 744 1467 782 johannis
1493 747 1623 786 Baptistae
1639 772 1649 787 ,
1675 760 1764 781 certos
1790 753 1823 783 &
1853 754 1980 791 speciales
1998 758 2122 790 Nuntios
2139 761 2173 792 ad
2190 772 2241 792 iios
2256 763 2364 799 mittat,

1292 793 1359 813 curn
1378 785 1540 829 austeritate
1557 788 1590 817 &
1609 790 1731 826 plenaria
1750 790 1882 829 potestate
1898 795 2042 830 praestandi
2062 799 2156 837 nobis,
2173 809 2207 830 ex
2226 808 2300 839 parte
2317 802 2362 839 ip·-

1291 821 1342 853 sius
1361 821 1452 854 Ducis
1466 847 1476 862 ,
1497 826 1530 856 ὃς
1547 836 1599 863 pro
1619 829 1676 865 ipso
1691 851 1700 866 ,
1722 828 1858 859 fidelitatis
1875 830 2001 863 debitum
2016 834 2211 872 juramentum
2229 849 2281 877 pro
2299 839 2363 870 Du-

1292 868 1377 900 catu,
1401 862 1434 892 ὃς
1461 863 1520 894 aliis
1546 866 1710 904 praedietis,
1736 877 1848 898 necnon
1874 879 1941 900 cum
1961 871 2058 902 Literis
2078 875 2155 911 ipsius
2172 876 2263 908 Ducis
2313 888 2363 916 pet

1292 906 1359 942 quas
1383 899 1546 933 confiteatur
1572 914 1644 943 nos,
1673 905 1707 936 ad
1731 906 1811 943 ipfius
1836 907 2065 945 supplicationem
2082 934 2091 949 ,
2115 913 2225 944 dietum
2250 901 2364 947 l-soma«¹

1292 946 1410 1007 81υὲξά
1422 939 1455 970 &
1473 940 1523 972 alia
1539 943 1672 979 praedieta
1690 945 1772 974 nobis
1787 945 1934 983 praestandi
1950 947 1999 977 sibi
2019 950 2183 982 conceffiffe
2199 953 2363 986 dilationem

1290 985 1348 1013 prae
1370 986 1379 1006 1
1411 987 1468 1008 am.

1328 1013 1363 1045 In
1388 1018 1467 1061 cujus
1492 1019 1531 1048 rei
1556 1019 1751 1052 testimonium
1779 1023 1958 1060 praesentibus
1979 1024 2079 1056 Literis
2100 1027 2228 1059 nostrum
2246 1030 2365 1063 fecimus

1290 1062 1397 1090 apponi
1416 1056 1547 1092 iigillum.

1328 1091 1437 1123 Aecum
1456 1093 1570 1126 Parisius
1587 1096 1634 1127 die
1650 1097 1765 1128 decimo
1782 1100 1881 1137 quinto
1900 1101 2019 1141 Aprilis,
2039 1102 2126 1134 Anno
2143 1099 2269 1137 Domini
2284 1108 2364 1139 mile-¹

1289 1128 1380 1169 fimo,
1398 1134 1613 1174 trecentefimo,
1630 1136 1750 1174 septimo
1768 1138 1894 1169 decimo.

1383 1260 1442 1290 Pro
1461 1257 1622 1293 Fratribus
1638 1263 1744 1308 Regis,
1768 1265 1804 1301 ὠ
1830 1262 2075 1297 Coexecusoribus
2096 1265 2273 1309 nstamenti

1515 1311 1721 1356 Mmgarem,
1746 1323 1838 1358 nuper
1861 1315 1975 1359 Reginae
1997 1314 2124 1360 Angliae.

1286 1390 1419 1462 REX
1438 1394 1586 1433 omnibus,
1606 1394 1640 1426 ad
1659 1406 1744 1435 quOS,
1759 1396 1819 1428 ὅτε.
1843 1396 1967 1429 salutem.

1397 1431 1497 1464 Sciatis
1517 1434 1615 1472 quod,
1632 1434 1668 1465 de
1690 1437 1780 1473 gratia
1801 1436 1895 1467 nostra
1914 1437 2024 1475 speciali
2041 1460 2052 1477 ‚
2078 1438 2264 1470 concessimus
2277 1440 2362 1472 Tho·
2380 1438 2456 1473 Ann.
2473 1437 2516 1481 Di

1287 1478 1361 1507 mae,
1379 1468 1493 1501 Comiti
1506 1471 1697 1511 Norffolciae,
1714 1475 1748 1505 &
1769 1473 1939 1506 Mai-escallo
1961 1476 2091 1514 Angliae,
2111 1479 2144 1508 ὃ(
2157 1477 2310 1509 Edmundo
2326 1479 2361 1510 de
2411 1481 2495 1521 1318.

1286 1506 1468 1547 Wodestok,
1487 1509 1624 1542 Fratribus
1648 1512 1749 1542 nostris
1769 1513 1929 1552 carissimis,
1945 1514 2148 1546 Executoribus
2163 1516 2356 1556 Testamenti,
2382 1521 2435 1546 An.
2455 1530 2497 1549 ιι.

1286 1545 1374 1576 bonae
1396 1550 1564 1587 memoriae,
1584 1549 1771 1589 Margarctae,
1790 1563 1877 1590 nuper
1898 1552 2017 1592 Reginae
2038 1554 2152 1591 Angliae
2167 1578 2178 1594 ,
2195 1555 2296 1586 Matris
2309 1567 2364 1586 no·
2383 1559 2412 1584 E·
2429 1567 2457 1584 2-

1286 1582 1351 1613 strae
1367 1585 1401 1615 &
1416 1584 1620 1618 Executoribus
1633 1589 1684 1619 suis
1697 1590 1876 1621 Testamenti
1892 1592 2040 1630 praedicti,
2383 1598 2441 1623 Par.
2470 1604 2513 1625 ιι.

1325 1622 1420 1662 QuOd
1437 1625 1502 1663 ipfi,
1520 1626 1554 1656 ad
1572 1629 1771 1658 executionem
1787 1629 1964 1660 Testamenti
1979 1630 2107 1670 praedicti
2119 1631 2296 1671 faciendam,
2314 1631 2365 1665 ha·
2385 1637 2414 1662 Ε.
2434 1643 2460 1661 2.
2477 1640 2505 1671 p.

1286 1661 1370 1691 beant
1384 1664 1480 1705 omnia
1495 1663 1573 1695 Bona
1587 1666 1620 1696 ὃς
1636 1665 1758 1704 Catalla,
1779 1678 1842 1705 quae
1858 1667 1968 1699 fuerunt
1982 1669 2103 1707 ejusdem
2119 1669 2263 1710 Reginae,
2282 1682 2364 1719 quar·
2386 1681 2457 1700 2·m-
2468 1680 2512 1708 ¹7³

1286 1708 1318 1730 to
1338 1700 1455 1731 decimo
1475 1701 1522 1733 die
1543 1703 1703 1744 Februarii,
1722 1706 1825 1736 ultimo
1844 1708 1983 1743 praeterito
2010 1708 2088 1746 (quo
2103 1708 2148 1738 die
2167 1710 2257 1748 obiit)
2285 1719 2364 1750 tam,

1285 1738 1434 1777 videlicet,
1453 1739 1534 1772 Blada
1547 1743 1574 1772 in
1587 1742 1700 1781 Terris,
1719 1754 1784 1782 quas
1798 1745 1886 1774 tenuit
1903 1746 1931 1774 in
1941 1744 2069 1784 Dotem,
2089 1747 2256 1787 crescentia,
2277 1759 2363 1787 quam

1284 1776 1384 1816 Blada,
1402 1778 1436 1808 &
1456 1779 1508 1810 alia
1531 1780 1625 1819 Bona,
1642 1782 1676 1812 &
1700 1781 1806 1813 Catalla
1848 1793 2016 1823 uaecumque
2030 1785 2060 1814 in
2075 1784 2233 1825 Maneriis,
2248 1797 2314 1827 quae
2330 1788 2365 1818 si-

1284 1815 1389 1846 militer
1403 1818 1491 1848 tenuit
1506 1820 1535 1848 in
1551 1819 1680 1859 Dotem,
1699 1829 1767 1852 tunc
1783 1822 1825 1852 exi
1854 1823 1941 1852 entia:

1324 1854 1371 1886 Ac
1390 1865 1491 1886 omnes
1511 1856 1607 1888 Exitus
1627 1858 1800 1898 Terrarum,
1818 1861 2084 1901 Tenementorurn,
2103 1863 2137 1894 ὃς
2160 1862 2359 1896 Maneriorum

1285 1893 1471 1933 eorumdem,
1490 1895 1550 1926 tam
1572 1897 1686 1928 illorum
1708 1898 1743 1929 ad
1764 1897 1876 1930 firmam
1897 1899 2082 1931 dimissorum
2098 1924 2108 1939 ,
2128 1902 2214 1939 quam
2228 1902 2361 1943 aliorum,

1284 1932 1315 1961 in
1328 1942 1444 1964 manum
1459 1933 1545 1965 dietae
1560 1935 1701 1976 Reginae,
1720 1937 1766 1967 dic
1779 1937 1918 1975 praedicto
1933 1937 2029 1969 obitus
2041 1938 2099 1978 sui,
2116 1940 2308 1972 existentium:

1319 1970 1448 2003 Necnon
1464 1981 1554 2004 totam
1569 1975 1719 2012 pecuniam
1728 1999 1739 2014 ,
1757 1985 1806 2014 per
1819 1976 1908 2014 ipsam
1920 1985 1980 2013 non
1994 1977 2114 2009 levatam
2129 1978 2165 2009 de
2180 1979 2264 2010 viridi
2279 1980 2343 2011 cera
2351 1984 2365 2020 ,‘

1286 2008 1320 2039 &
1334 2009 1520 2042 Libertatibus
1540 2013 1763 2052 quibuscumque
1781 2015 2026 2055 provenientibuS,
2042 2015 2078 2046 de
2101 2024 2164 2047 toto
2176 2024 2306 2058 tempore
2318 2020 2363 2058 ip-

1286 2047 1337 2078 fius
1353 2047 1497 2088 Reginae,
1515 2051 1550 2080 us
1565 2061 1598 2081 ue
1611 2052 1646 2082 ad
1659 2052 1735 2082 diem
1749 2053 1935 2090 praedietum:

1319 2086 1398 2126 Qiae
1421 2088 1535 2126 quidem
1545 2061 1638 2120 qBona
1662 2090 1696 2121 &
1721 2089 1843 2130 Catalla,
1862 2091 1925 2129 post
1942 2099 2066 2123 mortem
2080 2093 2205 2132 ejusdem
2218 2093 2362 2135 Reginae,

1286 2126 1367 2157 certis
1382 2124 1418 2156 de
1434 2126 1540 2165 causis,
1560 2129 1624 2166 capi
1639 2127 1761 2160 fecimus
1776 2130 1806 2160 in
1822 2139 1942 2161 manum
1956 2130 2093 2163 nostram.

1317 2163 1354 2195 Et
1366 2163 1476 2202 insuper
1492 2166 1680 2197 concessimus
1692 2166 1798 2199 eisdem
1812 2167 2034 2208 Executoribus‚
2053 2170 2132 2208 quod
2148 2173 2245 2204 omnia
2259 2173 2294 2204 &
2307 2172 2363 2204 sinss

1283 2202 1351 2240 gula
1365 2201 1488 2242 Debita,
1506 2214 1570 2243 quae
1585 2205 1705 2243 praefatae
1719 2205 1845 2244 Reginae
1870 2209 1898 2237 in
1915 2207 2024 2246 Regno
2036 2209 2070 2240 ὃς
2084 2208 2231 2241 Dominio
2243 2210 2363 2251 nostro,

1284 2241 1332 2272 die
1346 2242 1504 2281 praedieto,
1521 2243 1761 2282 qualitercumque
1774 2230 1964 2284 debebantur,
1984 2256 2052 2278 cum
2066 2249 2147 2279 omni
2167 2248 2360 2288 festinatione,

1284 2280 1319 2311 &
1335 2280 1437 2312 eodem
1449 2280 1559 2321 modo,
1579 2292 1637 2321 quo
1658 2282 1763 2315 Debita
1776 2283 1873 2315 nostra
1889 2286 2001 2323 propria
2014 2285 2100 2317 levari
2114 2286 2249 2328 facimus,
2265 2288 2361 2321 leven-

1279 2325 1332 2349 tur.

1321 2356 1520 2389 Conceffimus
1534 2360 1618 2390 etiam
1633 2359 1737 2391 eisdem
1752 2359 1971 2400 Executoribus,
1980 2371 2033 2399 pro
2047 2363 2131 2393 nobis
2146 2364 2179 2394 δε
2194 2364 2363 2396 Haeredibus

1281 2395 1401 2435 nostris,
1418 2397 1496 2434 quod
1510 2397 1578 2435 ipsi,
1593 2398 1629 2429 de
1644 2399 1823 2430 omnimodis
1838 2399 2043 2430 Esar-:tionibus
2058 2401 2258 2434 &Demandis
2281 2405 2360 2443 (quas

1281 2443 1349 2471 erga
1365 2435 1532 2473 praedietam
1548 2435 1711 2476 Reginam,
1731 2447 1765 2468 ex
1782 2437 1962 2476 quicumque
1977 2439 2072 2478 causa,
2098 2449 2162 2470 ante
2185 2441 2263 2472 diem
2285 2452 2360 2480 prae-

1283 2472 1413 2512 dietum,
1431 2474 1589 2512 habuimus)
1613 2476 1731 2506 totaliter
1747 2476 1797 2507 fint
1815 2477 1834 2496 *Ψ
1858 2477 1967 2516 Qeti,
1991 2478 2025 2508 &
2045 2479 2121 2518 quod
2141 2479 2221 2517 super
2238 2480 2291 2510 hiis
2310 2490 2359 2511 ex·
2395 2477 2413 2496 ⁸
2436 2476 2493 2507 mi

1283 2522 1359 2543 nunc
1374 2522 1434 2543 non
1448 2513 1662 2546 occasionentur
1680 2515 1710 2544 in
1725 2515 1834 2555 aliquo,
1852 2516 1896 2546 seu
1911 2524 2075 2555 graventur,
2092 2517 2164 2548 salva
2185 2527 2278 2549 tamen
2302 2530 2356 2550 no-
2414 2526 2479 2554 704·

1282 2548 1324 2581 bis
1339 2551 1463 2582 Aetione
1477 2551 1511 2582 ad
1526 2552 1663 2591 praestita,
1677 2553 1771 2584 eidem
1794 2553 1916 2593 Reginae
1930 2555 1959 2584 in
1973 2553 2141 2586 Garderoba
2155 2556 2250 2589 nostra
2265 2557 2338 2590 faeta
2348 2581 2358 2598 ,

1282 2589 1357 2628 fiqua
1372 2590 1402 2619 in
1418 2589 1518 2621 eadem
1533 2592 1687 2630 contigerit
1701 2593 1830 2624 inveniri.

1318 2628 1352 2658 In
1367 2630 1461 2667 cujus,
1480 2629 1539 2660 &c.

1318 2666 1407 2698 Teste
1422 2666 1508 2706 Rege
1520 2667 1593 2706 apud
1604 2667 1802 2708 >Wyndesoi·e‚
1820 2669 1936 2700 decimo
1950 2670 2055 2701 ociiavo
2071 2670 2116 2701 die
2132 2670 2245 2709 Aprilis.

1874 2749 1926 2777 Per
1939 2749 2031 2776 Breve
2050 2747 2081 2777 de
2091 2751 2206 2786 privato
2221 2749 2320 2788 sigillo.

1281 2897 1332 2929 De
1353 2898 1451 2930 Domo
1464 2925 1474 2940 ,
1494 2908 1549 2944 pro
1571 2898 1728 2932 Sororibus
1751 2899 1880 2934 Ordinis
1904 2899 2159 2944 Praea'icasorum,
2177 2901 2355 2946 fundanda.

1341 2985 1480 3017 Enerabili
1491 2986 1579 3025 Viro,
1599 2986 1730 3018 Domino
1746 2988 1914 3028 Nicholao,
1932 2989 2076 3021 Hostiensi
2092 2991 2125 3022 δε
2140 2991 2298 3022 Velletrensi
2312 2990 2350 3021 E-
2369 2983 2445 3015 Ann-
2462 2978 2506 3017 DA

1358 3025 1476 3064 piscopo
1489 3024 1647 3065 Cardinali,
1667 3026 1835 3066 Edwardus,
1853 3029 1914 3059 &c.
1933 3028 2053 3059 salutem.
2321 3068 2326 3074 Ι
2391 3025 2476 3062 ¹3¹3·

1321 3063 1399 3100 Quia
1422 3064 1597 3095 decrevimus
1610 3088 1620 3103 ,
1644 3075 1679 3096 ex
1697 3066 1850 3096 deliberato
1873 3067 2016 3106 Consilio,
2041 3067 2181 3105 quendam
2201 3067 2298 3097 locum
2318 3078 2347 3098 in
2368 3065 2420 3090 An.
2444 3072 2487 3090 ¹1⁶

1280 3101 1389 3139 Regno
1403 3103 1501 3133 nostro
1517 3102 1632 3134 fundare
1646 3114 1699 3141 pro
1713 3104 1918 3135 inhabitatione
1932 3106 2067 3135 Sororum
2076 3129 2085 3145 ,
2094 3106 2210 3135 Ordinis
2224 3105 2347 3136 Fratrum
2370 3105 2399 3128 E.
2421 3110 2447 3129 2·

1279 3140 1516 3172 Praedicatorum:
1536 3142 1569 3173 &
1588 3142 1711 3173 eundem
1726 3142 1897 3174 Redditibus
1911 3144 1948 3173 fic
1960 3144 2075 3181 dotare,
2095 3143 2185 3186 quod,
2204 3143 2284 3174 Dote
2299 3144 2351 3174 hu·
2369 3143 2440 3166 Rom.
2457 3137 2493 3172 (5⁹

1276 3178 1402 3217 jusmodi
1417 3180 1575 3219 mediante,
1593 3180 1748 3213 Elemosina
1762 3182 1873 3220 nostra,
1888 3192 1972 3221 quam
1991 3182 2126 3212 Fratribus
2153 3181 2278 3225 ejusdem
2292 3182 2352 3227 Or·
2369 3181 2409 3204 Fr.
2433 3187 2476 3205 ¹¹·
2501 3220 2502 3223 Ἰ

1279 3218 1370 3257 dinis,
1386 3219 1461 3256 apud
1475 3218 1621 3258 Langelye
1635 3222 1893 3259 commorantibus,
1911 3221 2082 3250 conferimus
2099 3229 2246 3251 annuatim
2261 3222 2290 3251 in
2305 3232 2349 3252 vi-
2370 3219 2400 3241 E.
2418 3224 2445 3243 2·
2462 3221 2502 3245 ΜΔ

1281 3265 1317 3288 tae
1342 3257 1513 3297 subsidium,
1531 3259 1690 3289 continuari
1712 3259 1795 3297 poffit
1807 3260 2013 3296 competentius
2028 3260 2057 3288 in
2072 3258 2183 3296 futuro,
2202 3259 2279 3296 super
2295 3269 2352 3297 quo
2374 3262 2417 3290 ¹3·

1279 3294 1404 3364 dififfusiils
1417 3296 1565 3328 scribimus
1572 3296 1754 3328 Sanfflffimo
1770 3297 1844 3328 Patri
1859 3296 1954 3328 nostro
1959 3320 1969 3336 ,
1988 3296 2121 3328 Domino
2134 3297 2257 3328 Summo
2270 3296 2349 3328 Pon-

1280 3342 1301 3366 ti
1322 3345 1358 3365 ei.

1318 3373 1514 3405 Dilestio'nem
1534 3373 1656 3405 ‘vestram
1672 3372 1827 3405 affectuose
1847 3384 1991 3414 rogamus,
2006 3375 2133 3418 quatinus
2154 3383 2217 3412 erga
2232 3373 2347 3418 Patrem

1278 3412 1312 3443 &
1327 3411 1491 3443 Dominum
1504 3412 1659 3443 Summum
1674 3412 1842 3444 Pontificem
1859 3423 2050 3444 memoratum
2073 3412 2170 3454 instare
2192 3412 2297 3455 velitis,
2315 3420 2346 3444 ut

1277 3460 1478 3489 promoveatur
1493 3451 1656 3491 Negotium
1670 3461 1867 3491 praetaxatum,
1885 3452 1918 3483 &
1929 3462 1981 3490 pro
2002 3452 2178 3488 expeditione
2197 3450 2267 3481 illius
2280 3451 2346 3482 dare

1275 3499 1391 3528 operam
1401 3489 1563 3521 efficacem.
2017 3528 2021 3532 Ι
2119 3528 2123 3534 1
2140 3528 2144 3533 ¹

1312 3527 1381 3560 Dat.
1394 3528 1468 3566 apud
1481 3528 1689 3568 Waiyngford,
1708 3527 1844 3559 vicesimo
1857 3527 1979 3558 secundo
1994 3526 2039 3556 die
2056 3526 2167 3564 Aprilis.

1448 3604 1558 3636 Eodem
1576 3604 1668 3636 modo
1686 3605 1814 3636 scribitur
1832 3603 2002 3641 subscriptis,
2019 3602 2167 3642 videlicet,

1310 3684 1428 3712 Domino
1441 3681 1592 3721 Nicholao,
1612 3680 1698 3711 Tituli
1716 3681 1810 3710 Sanni
1827 3679 1935 3719 Eusebii
1954 3679 2105 3709 Preshitero
2127 3680 2288 3720 Cardinali,

1310 3722 1428 3751 Domino
1444 3724 1479 3750 G.
1497 3720 1636 3760 Sabinenfi
1651 3721 1774 3762 Epijcopo
1792 3717 1943 3750 Cardinali.

1305 3861 1365 3896 Ad
1383 3861 1574 3909 Magistrum
1593 3861 1726 3908 praediffi
1749 3859 1893 3904 Ordinis,
1917 3860 1953 3898 de
1973 3862 2104 3907 praefatis
2126 3862 2293 3903 Sororibus.
2352 3877 2429 3909 Am,
2445 3877 2487 3917 Di

1267 3952 1406 4008 REX,
1429 3952 1588 3990 approbatae
1609 3950 1767 3989 Religionis
1786 3950 1879 3990 viro,
1904 3949 2045 3990 Magistro
2066 3953 2182 3985 Ordinis
2206 3955 2333 3985 Fratrum
2351 3926 2403 3983 A1n3.
2411 3918 2466 3992 1¹831

1340 3991 1582 4029 praedicatorum,
1598 3990 1719 4021 salutem.
1995 3995 2003 4002 ·
2352 3997 2384 4021 Ε.
2401 4003 2428 4036 .²·

1304 4032 1383 4072 Qia
1391 4028 1565 4069 intendimus
1571 4051 1583 4070 ‚
1597 4028 1734 4070 Domine
1748 4027 1930 4102 disrmpente,
1947 4028 2080 4068 Domum
2097 4030 2236 4071 quandam
2249 4028 2339 4098 {322‘
2366 4030 2433 4067 ibat,¹
