2562 4279
131 73 187 125 Q

0 164 58 188 lnn.
73 156 115 188 D.

3 204 87 234 1323.

0 235 49 263 lilv.
74 244 100 262 2.

8 273 60 300 IV.
74 282 114 308 15.

131 243 225 278 *ΛΑ
250 247 356 289 Regem
388 243 564 286 Aragoniae‚
589 237 626 271 de
653 237 828 272 Marcandi
855 240 995 272 Licentia
1022 247 1079 268 non
1099 245 1199 267 conce-

604 286 709 320 dendo.

0 380 33 405 ln.
53 387 93 412 17.
130 374 350 435 MAgnifico
371 371 512 410 principi,
535 371 671 404 Domino
681 369 813 411 Jacobo,
832 369 890 403 Dei
903 372 1009 411 gratie,
1029 370 1069 401 Ar
1103 371 1196 407 oniae,

0 421 11 441 ·.
27 425 52 441 2.
225 413 384 450 lalenciae,
409 412 561 448 Sardiniae,
588 412 621 442 &
641 411 770 442 Corsicae
791 411 866 451 Regi
887 411 1001 448 illustri,
1026 420 1060 440 ac
1111 409 1194 439 omiti

0 453 113 488 'l.ws.17.
131 451 344 489 Barcliinoniae,
359 452 393 482 ὃ(
416 450 529 481 Sanctae
550 450 695 481 Romanae
715 450 849 481 Ecclesiae
864 449 1035 486 Vexillario,
1051 447 1195 478 Ammira-

4 513 10 518 .
31 501 56 519 2.
130 501 160 521 to
171 514 181 529 ,
200 490 234 521 &
249 489 407 529 Capitaneo
422 489 555 519 Generali
571 511 582 527 ,
603 488 824 528 Confiinguineo
839 488 889 519 suo
904 487 1061 524 carisfirno,
1075 484 1193 517 Edwar-

0 539 14 556 ι·
32 530 109 566 39.d.
122 530 193 599 slus,
210 528 431 597 eagdepirgratia,
450 527 510 558 &c.
531 527 643 558 salutem
652 551 662 566 ,
679 529 712 559 ὃς
727 526 864 558 succeffus
877 526 912 558 ad
925 534 992 559 vota
1006 527 1113 563 semper
1126 534 1195 565 pro-

153 577 215 598 eros
252 576 263 584 t
291 577 306 596 e
317 576 381 596 ices.

132 579 151 606 p
162 606 274 637 Delatas
290 605 389 644 nobis,
407 615 457 644 per
472 604 674 643 Berengcirium
691 605 811 643 Lecois,
827 603 935 635 Civem
949 601 1111 639 Minousae,
1123 600 1193 631 Cel-

125 645 248 676 situdinis
269 642 372 674 vestrae
392 644 492 674 litteras
503 653 591 680 nuper
608 645 782 682 recepimus,
800 644 872 674 inter
886 643 937 673 alia
953 642 1132 672 continentes
1147 641 1192 677 ip-

124 685 184 714 sum
200 683 400 719 Berengarium
413 682 524 713 diversis
542 682 628 712 Bonis
643 683 675 713 δε
693 682 894 712 Mercimoniis
908 682 959 711 iuis
975 681 984 717 (
993 690 1056 719 quae
1067 680 1095 708 in
1108 679 1192 717 parti-

126 723 177 753 bus
199 722 221 751 F
223 721 335 752 landriis
347 730 469 759 emerat,
485 722 519 752 &
534 722 563 750 in
579 720 685 752 duabus
698 720 793 751 Galeis
809 718 905 759 Regni
923 718 1123 755 Majoricarum
1138 726 1191 756 po-

122 762 230 799 suerat,
249 761 283 790 ad
326 769 394 790 artes
414 761 469 790 suas
483 760 606 798 proprias
619 759 837 795 transvehenda)
856 768 905 798 per
917 756 1053 796 quosdam
1070 755 1192 785 Malefa-

123 800 234 837 stores,
253 799 289 829 de
306 770 417 838 lRegno
431 798 547 836 nostro,
563 798 640 836 supra
655 797 754 836 Mare,
773 799 843 827 inter
859 796 998 827 Calesium
1015 795 1047 825 &
1063 794 1192 824 Sandwi-

123 848 209 875 cum,
229 839 309 868 fuisle
332 839 458 875 nequiter
478 838 644 876 spoliatum,
663 837 788 876 petendo
808 844 839 865 ut
860 835 952 866 eidem
976 833 1142 871 Berengario
1155 833 1191 863 de

122 876 331 916 quadringentis
346 876 438 906 Libris
455 875 661 913 sterlingorum
681 876 724 906 lad
739 884 805 912 quas
818 874 891 904 dieta
904 873 998 910 Bona,
1018 881 1086 902 cum
1100 871 1191 901 Dam—

125 917 202 953 pnis,
217 915 400 953 Sumptibus,
415 915 448 945 ὃς
461 915 603 952 intereffe,
612 914 777 944 auctoritate
791 912 891 943 vestrae
903 912 1017 949 Curiae,
1026 910 1103 940 fuere
1118 918 1192 940 taxa-

121 957 166 988 ta)
185 954 392 984 restitutionem
407 953 464 983 fieri
478 953 640 983 faceremus.

161 992 252 1032 Super
273 1003 331 1030 quo
356 992 502 1022 Serenitati
521 991 621 1021 vestrae
641 991 773 1021 duximus
791 989 980 1020 intimandum
997 1010 1007 1026 ,
1037 986 1116 1026 quod
1139 997 1191 1018 nos

122 1032 255 1062 universis
277 1034 310 1061 ὃς
333 1030 443 1069 singulis
460 1030 584 1061 Subditis
597 1029 711 1068 vestris,
729 1029 765 1059 de
780 1028 917 1066 aliquibus
933 1026 1122 1057 Subditorum
1137 1037 1191 1056 no-

121 1068 245 1100 strorum
268 1070 405 1107 conqueri
427 1069 587 1099 volentibus
600 1092 609 1107 ,
635 1068 721 1108 parati
743 1067 837 1098 sumus
852 1089 861 1104 2
889 1067 921 1098 ὃς
941 1067 1048 1104 semper
1069 1066 1192 1104 erimus,

120 1118 190 1139 cum
204 1110 300 1139 favore
317 1109 350 1138 &
367 1107 594 1147 mansuetudine,
607 1107 720 1145 plenam
737 1107 769 1137 ὃς
786 1105 907 1136 celerem
919 1103 1064 1143 justitiam
1078 1104 1107 1134 in
1121 1114 1191 1144 que-

121 1147 184 1177 relis
199 1147 249 1178 suis
260 1147 391 1176 exhibere
404 1157 409 1176 :

158 1186 206 1216 Set
229 1186 313 1222 (quia
335 1185 371 1215 de
392 1186 557 1216 nominibus
578 1182 827 1224 Transgressorum
844 1206 853 1220 ,
879 1182 915 1213 de
938 1183 1038 1222 quibus
1060 1182 1190 1220 praefatus

121 1223 300 1263 Berengarius
318 1226 519 1264 conqueritur,
536 1233 583 1255 aut
605 1223 640 1254 de
662 1225 720 1262 ipsa
733 1222 907 1262 Spoliatione
922 1220 1189 1263 nobis-aliquatenus

120 1273 182 1294 non
197 1262 339 1300 constitit,
358 1273 411 1293 nec
426 1264 483 1302 ipse
498 1273 548 1293 nos
563 1262 628 1293 iride
642 1261 796 1292 secundum
805 1260 880 1299 juris
895 1261 1082 1299 exigentiam,
1096 1260 1190 1292 voluit

119 1301 291 1340 informare,
307 1311 367 1331 non
392 1303 531 1339 potuimus
545 1302 663 1340 aliquam
679 1298 982 1336 Condempnationern
997 1298 1043 1328 seu
1059 1297 1188 1329 Restitu-

119 1341 231 1371 tionem
261 1341 352 1371 facere
380 1341 408 1370 in
436 1340 564 1377 certum)
592 1339 744 1378 optulimus
774 1346 869 1368 tamen
890 1337 982 1367 eidem
1001 1336 1186 1377 Berengario,

117 1380 216 1417 quod,
235 1388 268 1408 ex
282 1378 394 1408 Officio
409 1378 525 1416 nostro,
543 1378 577 1408 ad
594 1376 793 1416 inquirendum
805 1377 954 1406 veritatem
966 1376 1185 1417 praemissorum,

116 1418 255 1454 quosdam
268 1417 360 1447 fideles
370 1416 482 1447 nostros
496 1416 628 1456 assignare
643 1416 809 1446 volebamus
821 1415 1012 1455 (quamquam
1026 1414 1184 1446 secundum

117 1456 318 1487 Communem
343 1455 453 1495 Legem
474 1455 569 1493 Regni
591 1453 697 1493 nostri,
715 1454 750 1484 ad
763 1453 990 1492 prosecutionem
1006 1454 1106 1492 partis,
1125 1454 1183 1485 hoc

138 1497 212 1526 otius
232 1495 289 1525 fieri
309 1494 439 1532 deberet)
459 1495 489 1525 in
508 1495 622 1525 veritate
642 1501 802 1530 comperta,
820 1493 880 1522 tam
897 1492 991 1530 quoad
1003 1493 1183 1531 punitionem

146 1534 340 1565 Ialefa&orum
353 1533 485 1572 illorum,
503 1534 589 1572 quarn
603 1532 696 1571 quoad
711 1530 935 1562 Restitutionem
950 1530 1096 1561 Bonorum
1111 1542 1184 1572 prce-

117 1572 274 1609 dierorum,
290 1572 316 1602 ei
332 1571 463 1602 exhibere
478 1573 509 1602 in
522 1570 655 1602 omnibus
667 1570 764 1601 celeris
776 1569 896 1609 Justitiae
909 1569 1163 1610 complementum.

156 1612 207 1643 Set
226 1612 281 1651 ipse
301 1610 447 1648 expediare
464 1621 525 1641 non
545 1611 654 1641 curavit
676 1618 707 1640 ut
727 1608 869 1650 praemiffa
890 1608 1002 1646 possent
1024 1610 1185 1640 executioni

117 1649 220 1681 debitae
234 1649 415 1687 demandari,
430 1650 525 1679 immo
538 1648 626 1689 magis
640 1648 732 1679 voluit
748 1647 781 1678 ad
794 1648 906 1688 propria
919 1657 987 1678 cum
1003 1647 1055 1678 hac
1068 1649 1185 1687 respon-

117 1691 194 1720 sione
208 1688 305 1720 nostra
323 1697 453 1719 remeare.

154 1727 267 1758 Placeat
281 1727 364 1757 ivitur
378 1724 603 1767 Magnificentiae
616 1724 887 1764 vestrae,praemiffis
899 1725 1096 1763 :equanimiter
1110 1735 1184 1763 pon-

117 1766 234 1804 deratis,
255 1767 334 1805 ipius
355 1765 386 1795 Β.
408 1766 525 1796 incuriae
538 1766 692 1802 imputare,
708 1764 799 1804 potius
818 1767 902 1801 quam
911 1764 1033 1802 Justitiae
1045 1763 1185 1803 defectui,

116 1806 198 1849 quod
218 1804 441 1836 Restitutionem
456 1803 602 1834 Bonorum
617 1803 731 1834 suorum
745 1802 951 1840 praedictorum
964 1812 1025 1833 non
1039 1804 1131 1834 extitit
1146 1804 1186 1834 as-

117 1848 225 1875 secutus
238 1857 243 1862 ·

157 1869 287 1913 Nec’est
306 1882 459 1913 Marcandi
477 1881 609 1920 licentia,
627 1881 656 1911 in
673 1880 728 1912 hac
748 1889 825 1919 parte
836 1904 845 1920 ,
859 1891 874 1912 a
894 1879 993 1920 vobis,
1011 1890 1112 1912 contra
1132 1890 1186 1911 no-

119 1920 189 1952 stros
210 1922 357 1959 Subditos,
375 1921 529 1959 aliqualiter
549 1919 750 1957 concedenda,
773 1930 842 1951 cum
865 1919 1009 1957 defectus,
1027 1929 1074 1950 aut
1096 1920 1185 1958 negli-

118 1961 231 2003 gentia,
249 1961 332 1990 nobis
345 1969 404 1990 nori
419 1958 519 1998 poffit,
536 1967 583 1989 aut
596 1958 713 1998 debeat,
733 1959 762 1990 in
774 1958 933 1989 exhibenda
942 1957 1075 1998 Justitia,
1092 1959 1184 1998 inpin-

114 2008 142 2037 gi
156 1998 374 2038 quoquomodo.

150 2036 220 2068 Dat.
235 2037 307 2077 apud
323 2035 464 2067 Grenhou
473 2058 483 2075 ,
501 2035 643 2067 tricesimo
657 2034 703 2066 die
719 2034 847 2076 Augusti.

269 2166 328 2198 Pro
350 2164 461 2197 Comiti
482 2160 702 2196 Richemundiae
718 2164 750 2194 in
770 2164 870 2195 Scotia
887 2163 1024 2207 Captivo-

0 2269 42 2290 Ἱῃ,
53 2259 94 2290 D,
114 2249 241 2305 REX
260 2250 412 2287 omnibus,
428 2249 461 2279 ad
476 2258 564 2288 quos,
582 2249 642 2279 &e
659 2247 793 2278 Salutem.

6 2308 68 2338 *23·
222 2289 320 2319 Sciatis
345 2288 441 2327 quod,
459 2288 495 2317 de
515 2286 601 2326 grati&
622 2286 715 2316 nostra
730 2287 857 2326 speciali,
875 2286 1063 2318 conceffimus
1075 2286 1182 2318 dilecto

0 2320 18 2364 ,ἶ
37 2348 77 2373 ,7-
113 2324 350 2366 Consanguineo,
375 2327 407 2356 ὃς
428 2325 517 2356 Fideli
539 2325 655 2363 nostro,
677 2325 801 2362 Johanni
822 2326 857 2355 de
879 2325 1021 2356 Britannia
1035 2349 1044 2364 ,
1068 2325 1182 2356 Comiti

17 2385 42 2403 2·
113 2362 354 2407 Richemundiae‚
374 2374 464 2403 nuper
484 2373 533 2401 pei·
555 2364 675 2399 Scotos,
691 2363 827 2393 Inimicos
848 2364 882 2393 ὃς
904 2363 1034 2393 Rebelles
1054 2364 1182 2404 nostros,

2 2421 21 2442 t.
36 2423 75 2450 ,7-
114 2412 145 2432 in
165 2403 302 2441 obsequio
322 2402 420 2431 nostro
441 2410 524 2440 capto
540 2423 549 2437 ‚
567 2402 600 2432 ὅ(
619 2401 711 2431 adhuc
731 2411 814 2439 penes
833 2410 881 2430 eos
899 2401 1032 2439 detento,
1053 2402 1134 2442 quod
1151 2404 1180 2433 in

16 2462 41 2481 2·
114 2441 330 2472 subventionem
351 2440 567 2477 Redemptionis
586 2439 658 2477 stiae,
677 2439 758 2469 dictis
778 2440 903 2469 inimicis
918 2439 1037 2478 nostris,
1054 2451 1106 2478 pro
1118 2441 1181 2472 De-

10 2500 32 2518 l·
114 2479 279 2511 liberatione
299 2479 345 2510 sua
359 2503 368 2518 ,
397 2478 553 2515 faciendae,
579 2477 751 2508 Custodiam
765 2477 917 2508 Terrarum
933 2480 967 2510 &
985 2479 1182 2511 Tenemento-

114 2528 179 2548 rum

21 2529 64 2556 ¹6⁶
151 2542 230 2596 (21³1ae
250 2558 362 2588 fuerunt
379 2555 517 2594 Johannis
537 2554 571 2585 de
595 2554 798 2593 Northwode,
816 2554 960 2593 defuncti,
979 2556 1027 2594 qui
1047 2557 1084 2588 de
1099 2557 1182 2588 nobis

113 2598 207 2626 tenuit
219 2598 248 2626 in
263 2596 382 2633 Capite,
400 2596 433 2626 δε
447 2604 529 2634 qure,
548 2594 656 2624 ratione
672 2595 790 2624 minoris
803 2595 889 2624 aetatis
904 2593 1035 2625 Haeredis
1048 2595 1179 2634 praedicti

111 2635 265 2673 johannis,
284 2635 311 2664 in
328 2643 414 2664 manu
428 2632 525 2664 nostra
537 2632 675 2669 existunt,

152 2673 282 2703 Necnon
303 2673 335 2703 &
353 2671 537 2710 Maritagium
553 2671 673 2710 ejusdem
693 2670 841 2709 Haeredis,

151 2712 231 2750 Qiae
245 2721 333 2749 nuper
342 2721 407 2748 ‚per
423 2710 540 2741 Litteras
553 2709 659 2740 nostras
672 2708 955 2747 Patentes‚dedimus
967 2711 1084 2749 praefato
1097 2711 1182 2742 Con-

117 2750 268 2788 sanguineo
279 2749 377 2780 nostro
384 2773 394 2788 ,

156 2788 285 2819 Vendere
300 2787 384 2826 poffit
399 2788 569 2825 cuicumque
588 2786 725 2823 volucrit,
743 2785 775 2816 H
784 2797 802 2817 A
813 2795 832 2816 Β
842 2796 860 2817 F,
870 2795 893 2816 N
902 2796 922 2817 D
934 2797 951 2817 A
969 2787 1041 2818 adeo
1054 2789 1134 2829 plane
1147 2790 1181 2821 δε

116 2828 224 2866 integre
239 2827 306 2857 sicut
319 2837 350 2857 ea
363 2824 553 2857 concessimus
566 2827 682 2863 praefato
694 2825 914 2863 Consanguineo
929 2826 1046 2865 nostro,

154 2866 189 2896 In
202 2866 296 2902 cuim,
315 2867 375 2896 &c.

190 2904 278 2936 Teste
294 2903 375 2943 Rege
389 2903 462 2943 apud
477 2901 618 2933 Grenhou
630 2925 640 2941 ‚
654 2902 797 2933 tricesimo
810 2904 903 2941 primo
918 2902 963 2933 die
979 2902 1108 2942 Augusti.

757 2981 810 3009 Per
824 2979 905 3019 ipfitm
919 2982 1024 3017 Regem.

0 3131 34 3157 [V
60 3129 102 3157 15.
144 3107 170 3133 ἢ*
187 3111 233 3142 De
259 3106 391 3151 Sulfidio
413 3117 468 3153 pro
486 3104 690 3151 Redemptione
706 3103 779 3137 dieti
803 3108 927 3138 Comitis
947 3102 1162 3138 Richmundiae.

3 3214 48 3233 nn.
62 3203 101 3233 D.
126 3193 181 3248 R

0 3252 86 3315 ἔβα-1371
121 3275 190 3299 tem·
587 3307 592 3312 ,
697 3306 702 3310 ,
757 3305 761 3310 ,
900 3305 905 3310 ,

0 3340 2 3344 ,
19 3330 44 3346 2,
163 3309 352 3344 Recolentes,
367 3317 427 3337 non
443 3307 499 3337 fine
513 3307 607 3338 cordis
618 3303 817 3342 amaritudine,
833 3304 949 3342 qualiter
962 3304 1092 3344 praefatus
1107 3304 1191 3335 Con-

0 3366 30 3383 ῃ,
48 3367 89 3384 μ,
128 3348 288 3389 sanguineus
303 3345 412 3383 noster,
431 3345 500 3374 dum
520 3345 621 3374 nostris
643 3343 781 3380 obsequiis
800 3342 978 3381 intendebat,
995 3353 1042 3379 per
1061 3344 1191 3382 inopina-

0 3417 5 3422 ,
26 3405 50 3423 2⁴
65 3378 72 3392 ¹
128 3395 191 3418 tum
213 3388 247 3418 ὃς
270 3386 449 3423 repentinum
463 3383 632 3419 Scotorum,
650 3382 837 3412 Inimicorum
852 3381 885 3411 &
899 3380 1064 3411 Rebellium
1080 3381 1193 3412 nostro-

20 3442 42 3460 ι,
128 3435 210 3464 rum,
232 3423 411 3465 aggressum,
427 3429 523 3462 captus
543 3422 649 3459 extitit,
669 3422 702 3452 &
723 3420 814 3450 adhuc
835 3428 919 3459 penes
940 3419 1012 3459 ipsos
1032 3419 1072 3450 est
1093 3419 1193 3451 deten-

0 3481 2 3492 1
127 3471 170 3494 tus
189 3476 194 3481 ·

6 3493 12 3499 ⁸
36 3481 77 3507 η’
165 3487 236 3532 blec
249 3502 285 3532 ab
301 3509 400 3532 eorum
414 3499 560 3536 manibus,
579 3497 636 3528 fine
651 3495 751 3536 magni
769 3497 803 3527 &
821 3494 986 3526 intolerabili
1000 3494 1192 3534 Redemptio-

128 3550 182 3578 ne,
200 3541 301 3578 poterit
321 3538 482 3574 deliberari3
502 3536 539 3567 de
560 3537 640 3573 ipsius
661 3534 792 3573 angustiis
815 3536 852 3564 eo
873 3533 972 3564 fortius
990 3534 1191 3574 molestamur,

126 3589 186 3616 quo
207 3578 307 3608 nostris
327 3577 473 3607 affeffibus
495 3575 623 3605 intimius
645 3574 843 3612 conjungitur,
864 3573 897 3602 &
920 3571 1191 3614 ipsius'fidelitatis&

128 3616 271 3647 industriae
291 3616 398 3656 semper
420 3616 450 3644 in
473 3613 575 3645 nostris
597 3613 709 3652 agendis
721 3610 876 3642 evidentius
892 3611 1073 3648 probavimus
1085 3613 1190 3649 purita-

123 3661 199 3684 tem:

167 3691 204 3722 Et
223 3694 303 3732 quia,
319 3692 354 3722 ad
370 3691 612 3722 Deliberationem
633 3689 704 3720 dieti
727 3688 853 3719 Domini
873 3687 958 3718 vestri
970 3687 985 3717 ὲ
1000 3688 1130 3719 manibus
1146 3689 1191 3719 di-

130 3728 244 3759 &orum
257 3730 463 3767 Inimicorum,
479 3731 536 3760 tam
551 3729 667 3759 naturali
683 3729 828 3767 mquitate,
845 3728 929 3766 qu-“am
943 3735 977 3756 ex
991 3725 1128 3757 fidelitatis
1139 3737 1190 3758 ve-

132 3766 197 3797 strae
208 3767 320 3805 debito,
338 3778 435 3798 manus
445 3767 594 3799 extendere
608 3767 745 3797 tenemini
757 3766 920 3804 adjutricem,

171 3804 249 3842 Vos,
266 3805 298 3834 ὅ(
312 3807 465 3842 quemlibet
479 3805 608 3837 vestrsim
623 3814 757 3843 rogamus
767 3827 776 3841 ,
790 3805 824 3834 &
841 3805 1006 3843 requirimus
1020 3812 1054 3833 ex
1068 3802 1171 3834 affeetu
1180 3826 1190 3842 ,

132 3843 269 3882 quatenus
288 3844 471 3882 unusquisque
491 3843 637 3880 vestrum,
652 3843 731 3881 juxta
749 3843 889 3873 facultates
909 3842 983 3880 suaS,
1001 3842 1034 3872 &
1054 3843 1190 3881 quantita-

133 3890 194 3912 tem
216 3880 341 3910 Tenurae
363 3881 434 3923 suae,
449 3890 502 3919 pro
520 3882 733 3918 Redemptione
745 3881 815 3911 dicti
831 3880 956 3911 Domini
969 3879 1072 3918 vestri,
1090 3881 1143 3910 tale
1156 3881 1190 3911 &

134 3927 245 3950 tantum
274 3918 432 3948 Subsidium
450 3919 556 3950 studeat
580 3919 750 3956 ministrare,
769 3928 800 3956 ut
820 3919 896 3949 idem
917 3919 1063 3949 Dominus
1080 3918 1190 3956 vester,

132 3957 228 3991 vestro
241 3955 344 3988 auxilio
359 3956 514 3995 mediante,
531 3959 547 3988 a
560 3958 707 3992 dietorum
718 3956 907 3989 Iiiimicorum
922 3957 1050 3989 manibus
1065 3957 1192 3988 celeriter

193 3193 258 3223 EX
269 3217 278 3231 ,
297 3192 426 3222 universis
446 3192 480 3222 δε
500 3190 624 3230 singulis,
641 3189 818 3220 Tenentibus
828 3190 965 3229 Johannis
977 3190 1013 3220 de
1030 3189 1188 3228 Britannia,

203 3231 326 3261 Comitis
348 3229 587 3266 Richemundiae,
612 3228 821 3267 Consanguinei
840 3229 928 3259 nostri
949 3227 1097 3267 carissimi,
1120 3228 1189 3259 salu-

559 52 1814 112 eoNvENTioNEs‚L1TERAE‚

1234 148 1378 193 deliberari
1400 150 1504 187 valeat;
1523 142 1561 181 de
1599 161 1639 181 uo
1657 150 1778 182 vestram
1800 149 1938 188 possimus
1959 150 2179 184 benivolentiam
2192 152 2225 184 δε
2237 152 2307 184 fide·
2321 148 2398 180 Ann.
2408 150 2450 182 D.

1238 187 1367 226 litatem,
1382 198 1450 225 erga
1463 189 1574 219 didrum
1620 191 1753 221 ominum
1766 188 1891 220 vestrum
1900 212 1910 227 ,
1925 198 1959 219 ex
1972 190 2076 220 merito
2086 191 2307 230 commendare,
2343 197 2425 228 1323.

1238 227 1272 256 &
1293 227 1376 257 vobis
1396 228 1479 258 etiam
1501 237 1593 265 grates
1607 227 1711 258 referre
1724 228 1894 265 debeamus;
1913 227 1946 258 &
1961 236 1991 258 ut
2006 227 2085 258 idern
2098 228 2243 260 Dominus
2255 240 2306 262 ve·
2317 229 2386 256 Edv.
2407 239 2433 256 2·

1237 264 1309 308 ¹ster,
1325 275 1393 296 cum
1408 266 1538 305 redierit,
1556 265 1654 297 vestris
1668 267 1865 305 Profec'tibus,
1882 266 1924 296 ob
1938 265 2098 304 impensum
2111 267 2189 300 fibira
2199 269 2302 308 vobis,

1236 313 1265 334 in
1284 311 1364 334 tanto
1382 305 1550 336 neceffitatis
1569 304 1690 336 articulo
1696 329 1706 344 ,
1722 305 1902 343 praesidium,
1919 304 2066 344 specialiter
2076 303 2248 346 astringatur.

1271 341 1363 374 Teste
1379 343 1462 383 Rege
1476 344 1550 384 apud
1566 343 1727 382 Grenhou,
1743 345 1838 381 primo
1849 343 1896 374 die
1910 342 2091 383 Septembris.

1901 421 1956 450 Per
1968 418 2050 459 ipfiaem
2062 422 2168 459 Regem.
2195 400 2198 403 -

1430 459 1532 500 Duppl.

1360 586 1420 618 Pro
1441 585 1581 632 Epifiopo
1599 585 1796 629 Wintoniensi
1807 583 1897 617 Bulla
1916 582 1952 617 de
1969 582 2164 631 Excufhndo.

1266 667 1401 713 Ohannes
1414 670 1585 711 Episcopus,
1600 671 1692 703 servus
1711 670 1856 702 servorum
1871 669 1945 709 Dei,
1966 669 2118 701 Cariffimo
2131 670 2160 701 in
2175 669 2294 702 Christo
2311 665 2388 697 Ann-
2401 665 2445 699 D·

1276 707 1348 738 Filio
1369 708 1532 748 Edwardo,
1549 709 1630 748 Regi
1649 710 1760 750 Angliae
1781 708 1898 749 Illustri,
1915 709 2031 741 salutern
2046 709 2080 740 &
2094 708 2292 750 Apostolicam
2333 714 2419 746 1323-

1254 744 1501 778 Benedifflonem.
2258 762 2259 765 ¹
2310 748 2362 772 An.
2383 755 2423 781 ¹72

1251 784 1409 828 ‚Quamvis
1428 786 1593 817 venerabilis
1613 787 1708 818 Frater
1721 785 1818 818 noster
1847 786 1994 826 Johannes
2007 786 2162 828 Episeopus
2172 787 2294 819 Wint'o-
2312 787 2340 811 E.
2360 793 2386 812 2·

1227 826 1344 866 meniis,
1364 824 1599 868 tuaesserenitatis
1619 825 1772 864 Nuncius,
1797 810 1835 855 ad
1850 825 1975 857 nostram
1999 825 2108 857 dudum
2122 826 2294 867 praesentiam
2311 826 2350 848 Ex
2362 825 2421 849 Au-

1227 860 1392 900 destinatus,
1411 873 1487 893 eirca
1507 864 1735 902 prosecutionem
1755 866 1942 901 negotiorum
1962 864 2122 904 Regiorum
2145 865 2218 903 apud
2241 876 2296 897 nos
2310 868 2375 896 mgr,

1227 903 1369 942 oportune
1384 901 1531 940 instando,
1549 913 1583 934 ac
1597 904 1680 933 etiam
1693 904 1859 941 importune
1875 904 1904 934 di
1917 904 1922 909 “
1944 904 2048 934 entiam
2056 903 2221 934 adhibuerit
2236 903 2295 936 stu-

1226 937 1348 982 diosam,
1366 948 1480 980 propter
1501 942 1704 978 occupationes
1721 950 1818 972 tamen
1834 942 1934 981 multip
1945 942 2016 981 'ce5,
2032 943 2135 982 quibus
2147 943 2296 974 anxiamur

1227 980 1365 1008 continue
1379 978 1458 1016 supra
1472 979 1561 1018 vires,
1576 979 1667 1020 ipsum
1683 980 1862 1027 nequivimus
1874 981 1956 1011 citius
1970 982 2099 1019 expedire
2108 1005 2118 1019 ,

1267 1015 1449 1055 Qapropter
1463 1027 1547 1056 eum,
1564 1017 1643 1056 super
1657 1028 1739 1049 mora
1754 1017 1880 1057 prolixa,
1898 1020 1983 1059 quem
1996 1020 2026 1050 in
2040 1019 2129 1051 Curia
2142 1020 2295 1052 contraxis-

1228 1052 1255 1083 se
1276 1055 1418 1094 noscitur,
1437 1057 1614 1088 excusantes:
1637 1056 1671 1088 &
1691 1057 1727 1087 de
1745 1056 1905 1095 diligentia,
1922 1067 2008 1096 quam
2027 1058 2059 1088 in
2073 1058 2213 1098 praedietis
2226 1069 2294 1100 pru-

1226 1092 1325 1124 denter
1336 1095 1479 1133 adhibuit,
1495 1094 1687 1133 multipliciter
1701 1094 1955 1133 commendantes,
1981 1111 1984 1116 ·

1254 1131 1390 1177 xRegiam
1409 1133 1648 1171 magnificentiam
1668 1143 1799 1173 rogamus
1811 1133 1957 1172 attentius,
1975 1133 2008 1164 &
2021 1134 2183 1175 hortamur,
2201 1138 2294 1176 quati-

1225 1172 1420 1218 nusqeundem
1441 1172 1636 1211 Episcopum,
1658 1183 1744 1215 quem
1764 1172 1843 1212 super
1864 1173 1965 1203 eisdem
1983 1174 2103 1212 negotiis
2124 1175 2293 1207 remittimus

1224 1208 1431 1253 favorabiliter,
1449 1220 1533 1249 prout
1553 1211 1710 1244 secundum
1726 1210 1828 1242 Deum
1841 1210 1901 1242 fieri
1915 1211 2027 1250 potuit,
2044 1211 2224 1254 expeditum,
2240 1215 2293 1246 be-
2329 1230 2333 1234 ·

1224 1257 1251 1277 ni
1274 1249 1310 1278 ne
1325 1250 1438 1289 recipiat
1454 1250 1544 1287 Regia
1557 1250 1724 1290 sublimitas,
1740 1250 1774 1281 &
1787 1249 1879 1289 Regia
1892 1250 1990 1281 favore
2004 1250 2162 1289 pertractet.

1297 1295 1332 1318 at.
1347 1289 1482 1320 Avinion.
1497 1288 1539 1320 Id.
1552 1289 1727 1329 Septembris
1735 1311 1745 1328 ‚
1753 1286 1938 1320 Pontificatfis
1949 1288 2037 1320 nostri
2054 1288 2144 1321 Anno
2156 1290 2270 1323 oCtavo.

1829 1366 1921 1405 sigillo
1939 1365 2043 1406 avuffi'i.

1290 1490 1437 1536 Responsio
1467 1494 1550 1538 Papae
1572 1492 1665 1538 fhper
1690 1493 1828 1525 Portione
1855 1494 2021 1525 Comitatus
2041 1494 2216 1527 Provinciis.

1254 1572 1388 1620 Ohannes
1402 1577 1561 1616 Episcopus
1570 1601 1580 1616 ,
1597 1577 1689 1610 servus
1702 1577 1848 1610 servorum
1862 1577 1937 1616 Dei,
1957 1576 2110 1608 Cariffimo
2124 1580 2154 1609 in
2168 1577 2288 1610 Christo
2305 1566 2382 1599 Ann-
2396 1568 2439 1600 Dss

1267 1612 1340 1659 Filio
1361 1615 1522 1655 Edwardo,
1541 1617 1617 1656 Regi
1636 1616 1751 1656 Angli-ae
1773 1616 1891 1656 illustri,
1908 1616 2023 1648 salutem
2037 1617 2071 1648 &
2086 1616 2285 1656 Apostolicam
2331 1615 2417 1647 1323·

1221 1652 1461 1686 benedictionem.
2303 1649 2357 1675 An.
2378 1657 2420 1683 Ι7-

1259 1693 1338 1733 Qia
1360 1702 1466 1725 certam
1482 1693 1734 1733 informationem,
1753 1693 1832 1732 super
1846 1694 1926 1725 fadlzo
1939 1695 2011 1725 illius
2025 1693 2168 1726 Portionis
2182 1694 2288 1727 Comi-
2303 1689 2335 1714 E.
2352 1695 2380 1713 ²·

1220 1731 1293 1763 tatsis
1312 1731 1476 1763 Provinciae
1489 1735 1595 1771 (quarn
1611 1733 1645 1768 ad
1668 1741 1696 1763 te
1711 1734 1850 1770 pertinere
1868 1732 1957 1763 miffae.
1971 1734 2053 1764 nobis
2065 1733 2175 1765 dudum
2190 1735 2289 1766 litterae
2305 1728 2346 1752 Ex
2360 1725 2419 1752 ΑΨ

1220 1771 1322 1810 Regiae
1340 1772 1543 1807 continebant)
1563 1771 1645 1801 nobis
1666 1780 1713 1801 tua
1733 1771 1868 1803 Serenitas
1881 1781 1942 1804 non
1956 1771 2100 1803 transmisit
2136 1783 2190 1804 nec
2206 1774 2290 1804 nobis
2305 1770 2370 1799 '⁰3'-

1219 1811 1311 1841 extitit
1332 1810 1415 1840 etiarn
1436 1820 1487 1850 per
1508 1811 1630 1849 aliquem
1650 1810 1821 1849 ministrata,
1836 1810 1968 1841 conferre
1985 1819 2071 1848 cum,
2090 1795 2244 1842 dariffimo
2257 1813 2288 1843 in
2311 1814 2314 1817 '

1221 1847 1338 1879 Christo
1361 1848 1436 1879 Filio
1455 1847 1570 1887 nostro,
1588 1847 1739 1888 Roberto,
1757 1849 1839 1888 Rege
1862 1848 1964 1880 Siciliae
1983 1847 2101 1887 filastri,
2126 1849 2204 1895 super
2226 1850 2286 1882 hoc

1221 1886 1391 1956 {mmcd}c
1399 1888 1549 1957 nlerlUimUS
1563 1910 1573 1926 ,
1597 1896 1652 1918 nec
1673 1887 1762 1928 ipsum
1782 1889 1866 1919 etiarn
1887 1887 2019 1919 inducere
2034 1910 2044 1925 ‚
2070 1888 2139 1919 [icut
2157 1888 2285 1920 instantia

1254 1935 1314 1965 egia
1327 1935 1366 1965 po
1395 1937 1410 1956 u
1421 1937 1436 1956 a
1459 1934 1503 1964 at,

1258 1965 1332 2004 Sed,
1347 1965 1366 1995 fi
1382 1975 1434 1996 nos
1447 1965 1513 1995 velit
1526 1964 1560 1995 ad
1575 1965 1715 2002 praemiffa
1728 1965 1820 2005 Regia
1834 1964 2011 2004 providentia
2025 1965 2217 2005 processuros,
2231 1966 2287 1998 cla-

1219 2013 1280 2034 ram
1296 2004 1530 2035 informationem
1542 2004 1624 2034 nobis
1636 2003 1772 2034 destinare
1786 2013 1935 2042 procuret,

1255 2042 1324 2073 Nos
1344 2043 1421 2072 enim
1441 2043 1526 2080 parati
1547 2042 1656 2080 sumuS,
1674 2043 1707 2073 ὃ(
1723 2044 1828 2073 erimus
1848 2052 1902 2082 pro
1927 2042 2069 2081 utriusque
2083 2042 2287 2082 tranquilitate,

1218 2081 1253 2113 &
1275 2080 1449 2120 concordia,
1468 2081 1486 2099 *¹
1505 2081 1590 2119 (quas
1603 2082 1714 2111 intenfis
1725 2081 1849 2112 zelamus
1863 2080 2019 2116 desideriis)
2038 2081 2185 2119 vigilanter
2199 2082 2287 2112 inter-

1219 2129 1341 2190 poneris
1359 2129 1444 2159 prout
1464 2119 1634 2150 ministrabit
1646 2119 1818 2158 Altiffimus,
1838 2119 2016 2160 Apostolicae
2028 2118 2209 2151 solicitudinis
2225 2131 2288 2159 par-

1219 2168 1260 2190 tes
1272 2170 1312 2190 no
1339 2169 1385 2190 ras.

1257 2197 1326 2230 Dat.
1346 2197 1484 2230 Avinion.
1500 2197 1543 2229 Id.
1559 2196 1749 2237 Septembris,
1763 2195 1947 2228 Pontificatfis
1962 2196 2049 2227 nostri
2063 2207 2140 2228 anno
2153 2198 2268 2230 odtavo¹

2303 2086 2436 2123 *IV.17{

1846 2274 1901 2305 Sub
1904 2273 1966 2316 filis
1985 2274 2120 2305 canabeis.

1220 2405 1278 2438 Pro
1302 2401 1526 2450 Archiepifiopo
1548 2402 1757 2444 Cantuarienfi
1769 2429 1778 2443 ,
1805 2400 1841 2434 de
1857 2403 2091 2447 QuinquenniO,
2111 2399 2202 2445 fhper
2218 2398 2286 2445 Ju-

1265 2463 1419 2495 rasnemo,
1446 2457 1477 2484 in
1498 2454 1667 2497 Receptione
1682 2451 1779 2484 Pallei
1795 2449 1937 2497 praestito,
1962 2447 2134 2483 renovanda
2146 2449 2287 2494 peisbna-

1269 2502 1338 2533 liter
1350 2526 1361 2544 ,
1384 2499 1583 2548 prorogando.

1277 2585 1334 2616 ΑΡ
1344 2586 1386 2617 AE
1406 2586 1473 2617 Rex
1486 2586 1589 2617 devota
1603 2584 1709 2622 pedum
1723 2583 1817 2614 oscula
1831 2584 1992 2613 beatorum.
2299 2579 2377 2612 Ann.
2394 2581 2436 2616 D,

1328 2625 1450 2694 Qppnto
1473 2624 1503 2654 in
1517 2623 1635 2661 nostris,
1653 2623 1687 2654 ὃς
1701 2622 1797 2661 Regni
1810 2622 1897 2651 nostri
1909 2620 2059 2659 dirigendis
2072 2630 2108 2651 ne
2128 2622 2206 2660 otiis,
2224 2619 2284 2652 Ve-
2325 2629 2412 2662 1323.

1218 2663 1347 2695 nerabilis
1387 2662 1529 2701 atris,VV.
1545 2660 1748 2692 Cantuariensis
1762 2660 2086 2698 Archiepiscopi,totius
2128 2660 2211 2700 ngliae
2225 2659 2288 2690 Pri·
2305 2663 2358 2688 An.
2376 2671 2418 2697 17.

1220 2704 1301 2733 matis
1315 2726 1324 2741 ‚
1345 2700 1583 2740 circumspectam
1603 2699 1779 2740 prudentiam
1801 2700 1884 2730 nobis
1906 2699 1992 2737 magis
2015 2699 2113 2729 utilem
2126 2699 2286 2737 intuemur,
2305 2703 2336 2726 Ε.
2358 2708 2383 2726 2.

1219 2744 1298 2772 tanto
1321 2751 1374 2779 pro
1394 2741 1474 2777 ipsius
1492 2739 1695 2778 indempnitate
1707 2738 1838 2769 solicitius
1852 2737 2000 2778 providere
2015 2747 2067 2767 nos
2079 2739 2229 2776 convenit,
2247 2748 2284 2768 ne
2302 2741 2374 2764 Rom.
2394 2747 2436 2773 17.

1219 2788 1285 2819 aut,
1301 2780 1330 2810 in
1353 2779 1557 2810 detrimentum
1572 2778 1696 2818 ipsorum
1711 2777 1894 2816 negotiorum
1906 2775 2088 2814 nostrorum,
2104 2776 2186 2814 ipfius
2200 2777 2286 2807 nobis
2299 2780 2331 2804 E.
2353 2784 2378 2803 2.

1218 2818 1307 2849 desint
1325 2818 1456 2856 consilia,
1473 2825 1519 2847 aut
1539 2817 1611 2855 ipse,
1629 2816 1733 2846 eisdem
1755 2815 1894 2853 insistens,
1910 2824 1994 2853 penes
2015 2814 2134 2845 vestram
2150 2813 2288 2847 Clemen-
2306 2824 2342 2843 7¹2·
2359 2814 2421 2850 7·d-

1220 2858 1289 2888 tiam
1300 2858 1423 2888 incurrat
1438 2855 1615 2895 dispendium
1628 2855 1760 2893 lionoris,
1777 2862 1823 2885 aut
1839 2854 1961 2884 nominis
1976 2853 2130 2884 laesionem.

1258 2895 1339 2926 Cum
1359 2897 1468 2934 itaque,
1486 2902 1518 2925 ut
1542 2894 1745 2932 intelleximus,
1770 2893 1845 2923 idem
1868 2892 2120 2930 Archiepiscopus,
2138 2893 2168 2922 in
2189 2902 2287 2932 recep-

1221 2935 1300 2966 tione
1321 2933 1424 2972 Pallei,
1443 2934 1494 2964 sibi
1507 2934 1543 2963 ab
1557 2932 1726 2971 Apostolica
1741 2932 1813 2962 Sede
1829 2931 1899 2961 olim
1913 2930 2074 2968 transmissi,
2088 2930 2288 2968 Juramentum

1220 2973 1379 3013 praestiterit
1398 2971 1579 3003 transferendi
1600 2971 1627 3002 se
1649 2970 1823 3012 personaliter
1845 2970 1880 3000 ad
1894 2969 2000 3000 Sedem
2014 2968 2198 3007 praedietam,
2210 2968 2288 3000 infra

1221 3013 1387 3050 proximum
1406 3012 1648 3051 Qiinquennium
1661 3012 1675 3041 a
1690 3018 1819 3049 tempore
1833 3007 2072 3046 difflJuramenti
2087 3005 2200 3045 praestiti
2209 3029 2219 3045 ,
2230 3006 2285 3045 Ju-

1221 3059 1383 3081 ramentum
1398 3050 1465 3080 illud
1478 3058 1660 3080 renovaturus
1677 3048 1773 3079 eidem
1787 3058 1794 3077 2

1260 3090 1324 3128 Ac,
1341 3089 1430 3120 felicis
1450 3088 1653 3120 recordationis
1666 3111 1676 3126 ,
1701 3086 1739 3117 C.
1769 3085 1845 3124 Papa
1871 3084 2014 3122 Qiintus‚
2031 3082 2218 3122 praedecessor
2236 3093 2288 3115 ve-

1222 3129 1277 3158 ster
1291 3152 1300 3166 ,
1321 3129 1447 3168 primum
1470 3127 1710 3167 Qiinquennium
1723 3147 1732 3163 ,
1759 3121 2008 3161 subsequenterque
2029 3121 2119 3152 vestra
2142 3122 2290 3153 Beatitudo

1223 3167 1297 3198 aliud
1321 3168 1577 3206 Qiinquennium‚
1596 3172 1713 3201 precum
1729 3161 1887 3191 nostrarum
1911 3161 2046 3199 obtentu,
2064 3161 2158 3191 eidem
2170 3161 2290 3192 Archie-

1225 3206 1344 3245 piscopo
1365 3204 1486 3240 gratiose
1499 3202 1711 3244 prorogandum
1725 3200 1851 3238 duxerit,
1869 3198 1964 3238 quod,
1983 3207 2014 3230 ut
2027 3199 2227 3238 intelleximus,
2245 3198 2288 3230 est

1225 3246 1255 3275 in
1270 3244 1352 3274 brevi
1366 3242 1525 3273 finiendum
1541 3251 1547 3270 :

1265 3282 1349 3318 Nos,
1364 3280 1399 3310 ad
1417 3289 1514 3310 exorta
1530 3288 1618 3319 nuper
1635 3279 1665 3309 in
1685 3277 1792 3316 Regno
1812 3276 1912 3307 nostro
1932 3275 2071 3315 Dissidia,
2085 3286 2150 3316 quae
2163 3275 2291 3307 nondum

1229 3320 1359 3352 radicitus
1376 3319 1545 3357 extirpantur
1561 3341 1570 3356 ‚
1594 3319 1713 3348 internae
1729 3315 1957 3347 considerationis
1973 3316 2092 3346 oculum
2115 3315 2287 3351 dirigentes:

1230 3355 1464 3396 advertentesque
1502 3357 1579 3395 ubd,
1598 3357 1618 3387 si
1639 3356 1715 3386 idem
1734 3354 1973 3392 Archiepiscopus
1992 3355 2008 3384 a
2025 3353 2131 3393 Regno
2152 3352 2249 3383 nostro
2262 3349 2289 3380 se

1230 3397 1400 3433 absentaret,
1419 3367 1518 3426 exinde
1532 3394 1627 3426 nostra
1641 3396 1755 3434 negotia
1769 3393 1973 3424 retardarentur
1986 3404 1997 3431 ς
2016 3427 2017 3430 ¹
2200 3427 2205 3432 ⁸
2235 3425 2244 3433 x

1269 3435 1413 3466 Sanc‘titati
1442 3435 1543 3465 vestrae
1577 3434 1687 3464 devotis
1714 3432 1862 3464 affectibus
1894 3430 2079 3470 supplicamus
2092 3453 2102 3468 ‚
2132 3435 2260 3467 quatinus
2278 3448 2290 3464 ,

1229 3473 1374 3513 praemiffis
1391 3474 1524 3503 clementi
1541 3473 1723 3503 meditatione
1742 3470 1872 3511 pensatis,
1891 3479 2003 3507 tempus
2016 3466 2182 3509 praedidlum
2197 3463 2290 3496 adhuc

1227 3523 1276 3553 per
1294 3511 1368 3542 aliud
1389 3512 1628 3582 Qiigquennium
1647 3510 1803 3550 dignemini
1817 3518 1975 3549 prorogare.

1265 3549 1421 3581 Conservet
1490 3561 1517 3581 c.

1302 3588 1371 3620 Dat.
1388 3573 1604 3628 api’idJeroval,
1621 3587 1738 3619 decimo
1754 3587 1830 3618 sexto
1842 3587 1889 3618 die
1904 3582 2084 3623 Septembris,

1381 3713 1440 3748 Ad
1454 3713 1630 3747 Cardinales
1640 3713 1731 3760 siaeper
1748 3712 1955 3758 Prorogatione
1971 3704 2132 3740 antediHa.
2297 3718 2375 3750 Arm·
2388 3719 2430 3753 D.

1227 3799 1441 3861 VEnerabili
1464 3801 1494 3829 in
1516 3798 1634 3830 Christo
1654 3797 1750 3843 Patri,
1768 3795 1902 3837 Domino
1920 3792 1960 3836 R..
1983 3790 2042 3821 Dei
2056 3788 2157 3834 gratis,
2175 3788 2288 3835 Sangftae
2297 3768 2411 3834 24323213'.

1313 3838 1416 3869 Mariae
1430 3848 1461 3868 in
1475 3837 1641 3879 Cosmedyn
1656 3836 1794 3867 Diacono
1812 3830 1955 3863 Cardinah
1968 3852 1978 3869 >
1998 3829 2108 3859 Am¹c⁰
2121 3828 2171 3859 suo
2182 3829 2289 3874 ,cmff’
2298 3840 2329 3863 Ε·
2344 3845 2371 3863 2·

1229 3887 1299 3923 mo,
1317 3875 1488 3915 Edwardus,
1506 3876 1630 3916 ejusdem
1645 3874 1747 3918 gratie,
1762 3874 1823 3904 δίε-
1838 3871 1969 3907 salutem,
1987 3867 2022 3898 &
2034 3866 2148 3898 smeerae
2159 3866 2289 3899 dflefflo·
2297 3879 2369 3903 Rom.
2385 3883 2429 3912 17·

1225 3914 1550 3991 mffiiissdfuilneherabnis
1564 3945 1647 3985 Fater
1655 3974 1664 3990 ‚
1680 3950 1734 3984 w.
1748 3944 1952 3982 Canmariensss
1965 3944 2200 3985 Archiepiscopus
2214 3953 2286 4016 ³151}
2296 3918 2335 3980 ᾗ.
2344 3922 2374 3986 ²7.
2387 3951 2414 3980 a.
