2562 4279
759 134 864 176 ET
941 135 1203 178 ACTA

17 221 91 254 Anti.
105 218 144 249 D.
164 222 228 251 inde
245 221 418 260 commissis,
433 221 592 259 Johannem
608 219 746 250 Odidacis
761 219 886 250 Militem
898 243 906 258 ‚
923 220 955 251 ὅ(
966 220 1141 251 Fernandum
1151 220 1237 251 Gun-

40 266 122 298 1317.
164 260 282 297 lii'solin,
302 261 454 291 Familiares
470 260 546 296 suos,
563 259 595 289 ad
610 258 731 288 nostram
749 258 922 295 priesentiam
938 258 1102 288 destinaret:

18 300 84 326 Eriza.
94 307 120 323 1.-
203 299 334 337 Qubus,
351 309 384 329 ex
399 306 473 336 parte
489 297 561 327 dieti
579 296 667 333 Regis
683 296 830 334 Castellae,
848 297 909 326 cito
920 296 1105 334 postmodum
1114 319 1124 335 ,
1141 296 1174 326 ad
1184 307 1235 327 nos

164 337 265 374 millis,
283 338 366 375 licet,
1124 359 1134 377 .'

204 375 333 414 Habitis,
351 385 400 413 per
413 373 472 404 illos
487 372 523 403 de
539 371 674 402 Concilio
689 371 801 410 nostro,
819 382 886 402 cum
911 372 1014 402 eisdem
1029 372 1171 409 Nunciis,
1191 372 1235 402 su-

167 422 215 450 per
234 413 462 444 contentionibus
482 412 515 442 &
532 411 676 441 discordiis
691 433 701 448 ,
727 411 799 440 inter
821 411 950 440 homines
977 410 1086 440 nostros
1110 411 1144 440 86
1166 410 1235 441 dicti

169 452 259 487 Regis
273 453 341 482 hinc
357 451 423 481 inde
440 449 557 487 exortis,
576 447 770 486 pacificandis,
789 448 907 478 consilio
922 449 955 478 &
970 449 1104 487 11361310,

205 490 301 521 Certae
315 489 455 528 personae,
469 488 525 517 tam
539 496 573 517 ex
590 494 664 524 parte
680 486 794 524 nostra,
813 487 899 523 quam
915 496 948 516 ex
964 496 1039 523 parte
1059 487 1129 517 (11611
1146 486 1236 524 Regis

168 526 313 566 Castellae,
332 527 365 558 ad
380 533 539 566 perpetuam
556 535 657 562 pacem
674 526 706 555 ὃ(
720 525 907 555 concordiam
917 547 926 563 ,
946 525 1024 562 super
1039 526 1173 555 omnibus
1187 535 1235 555 ex-

170 567 287 597 ceffibus
309 567 342 596 ὅ(
366 564 593 595 contentionibus
615 563 842 601 quibuscunque,
862 573 925 601 quae
947 571 1015 593 tunc
1037 564 1107 594 inter
1128 563 1236 593 nostros

169 605 203 635 &
218 604 297 642 ipfius
311 603 397 641 Regis
411 602 542 632 homines
555 609 641 631 motae
662 609 753 640 erant,
777 611 810 632 ac
826 602 908 631 etiam
927 601 1047 639 dampna
1069 601 1149 639 paffis
1165 602 1236 632 satis-

169 642 325 673 factionem
340 641 482 678 debitam,
500 640 519 659 ³*
536 639 836 678 complementumque
849 640 963 677 justitiae
978 639 1235 678 faciendum2hinc

169 680 234 711 inde
246 679 384 718 affignatae
398 677 528 715 fuissent,

206 717 244 748 Et
256 717 405 755 praedictus
420 715 619 754 Guillielmus,
637 725 734 747 coram
757 715 860 746 eisdem
882 716 1021 754 assignatis
1033 741 1042 754 ,
1070 716 1236 747 sufficienter

164 756 325 794 probaverit
344 754 423 794 quod
441 755 586 792 homines,
610 754 646 784 de
664 753 765 785 Castro
789 754 927 791 Dordial,
952 755 988 785 de
1009 755 1119 785 Sanito
1140 756 1237 786 Ande-

164 795 225 831 rio‚
242 793 275 824 &
297 794 333 824 de
353 795 378 824 la
398 792 482 823 Redo
503 793 614 822 notorie
637 793 670 823 &
691 793 727 823 de
746 793 793 823 die
813 793 1033 831 depraedaverunt
1058 795 1134 823 bona
1154 795 1237 831 iplius

165 831 325 862 Guillielmi
338 855 349 870 ,
380 831 415 861 ad
441 830 593 861 valentiam
618 830 697 861 mille
734 831 868 862 librarum
893 832 1107 862 Turonensium
1133 831 1238 863 Parvo-

162 881 246 908 rum,

199 908 289 939 Iidem
312 915 407 937 tamen
429 906 575 945 assignati,
590 906 787 938 Procuratores
806 908 1004 945 praedierarum
1024 908 1175 948 Villarum,
1200 909 1237 940 de

165 946 266 977 Castro
281 944 401 976 Dordial
411 968 419 982 ,
437 946 472 976 (16
488 946 595 976 8311610
611 946 757 985 Anderio,
775 947 808 977 &
822 946 856 976 de
872 946 896 977 la
915 946 1016 984 Redo,
1033 947 1063 977 in
1086 947 1236 978 medietate

163 985 284 1016 summae
298 982 460 1021 praedietae,
478 984 595 1022 praefato
610 984 777 1016 Guillielmo
791 985 941 1024 solvenda,
956 986 1158 1016 tantummodo
1166 996 1238 1016 con-

164 1022 351 1059 demnarunt,
369 1022 520 1053 adiciendo
536 1023 566 1053 in
582 1023 716 1054 sententis.
731 1024 776 1054 sua
792 1022 884 1062 quod,
902 1024 922 1054 fi
941 1024 1090 1062 praedidtus
1105 1024 1237 1055 Guilliel-

164 1071 244 1099 mus,
261 1060 308 1098 qui
321 1068 389 1091 tunc
402 1061 496 1091 absens
509 1070 585 1100 erat,
604 1061 690 1092 nollet
705 1062 812 1092 (11613111
833 1061 999 1093 sententiam
1012 1070 1174 1101 acceptare,
1190 1063 1237 1094 seu

164 1099 258 1130 eidem
273 1099 465 1137 acquiescere,
480 1100 535 1138 juri
555 1100 636 1137 ipsius
652 1099 812 1131 Guillielmi
828 1101 855 1130 in
869 1101 923 1131 hac
939 1109 1015 1138 parte
1034 1111 1094 1130 non
1109 1102 1238 1131 intende-

165 1138 239 1206 bants
252 1138 281 1167 in
296 1137 389 1176 aliquo
403 1138 554 1178 derogare,
571 1139 610 1170 set
632 1139 727 1169 eidem
750 1138 917 1170 Guillielmo
927 1141 972 1178 jus
992 1139 1073 1169 suum
1091 1140 1237 1177 integrum

163 1186 220 1208 con
234 1186 340 1207 ervare.

199 1214 237 1245 Et
252 1215 316 1253 quia
335 1214 464 1252 praefitus
472 1214 667 1254 Guillielmus,
682 1214 867 1253 postmodum
882 1224 984 1246 coram
992 1216 1090 1254 nobis,
1110 1217 1140 1246 in
1156 1215 1236 1247 Can-

164 1253 272 1283 cellaria
289 1253 384 1284 nostrii.
398 1276 408 1291 ,
433 1253 610 1291 personaliter
630 1254 815 1292 constitutus,
847 1253 1006 1284 constanter
1027 1254 1136 1285 afferuit
1159 1255 1236 1294 quod

165 1291 220 1329 ipse
232 1292 373 1322 sententiae
386 1291 547 1330 praedietae,
566 1292 601 1322 de
623 1292 772 1323 medietate
794 1292 947 1331 praediCta,
971 1302 1025 1330 pro
1046 1293 1107 1324 tota
1126 1293 1238 1324 summai

164 1330 299 1368 praedicsta
313 1330 494 1368 recipiendai,
510 1330 589 1361 nullo
604 1338 734 1368 tempore
749 1330 910 1369 adquievit,
931 1341 984 1361 nec
1002 1331 1091 1369 ipsam
1113 1332 1237 1371 aliquali-

166 1376 207 1399 ter
222 1370 396 1408 acceptavit,
414 1368 567 1406 supplicans
586 1377 616 1399 ut
632 1370 700 1409 sibi,
718 1369 753 1400 de
775 1369 856 1400 (116113
873 1369 949 1400 mille
971 1369 1063 1407 libris,
1081 1381 1145 1408 quae
1161 1372 1240 1410 juxta

165 1408 365 1444 probationem
387 1408 554 1445 praedietam
572 1407 725 1446 adjudicari
750 1408 800 1438 sibi
823 1407 985 1439 debuissent
998 1431 1009 1447 ,
1029 1409 1240 1450 recuperandis,

167 1445 322 1477 faceremus
337 1445 372 1476 de
386 1456 517 1483 congruo
532 1446 658 1477 remedio
672 1447 831 1484 provideri:

203 1484 286 1523 Nos,
305 1484 511 1515 considerantes
529 1484 608 1524 quod
628 1484 762 1516 sententia
780 1485 932 1524 praedidta,
949 1495 1002 1523 pro
1017 1484 1136 1523 praefato
1156 1485 1241 1515 Guil-

166 1522 282 1561 lielmo,
301 1531 330 1554 ut
352 1524 546 1562 praemittitur,
563 1524 635 1562 lata,
655 1525 836 1564 probationi,
855 1534 941 1563 quam
963 1523 1041 1554 idem
1062 1523 1241 1554 Guillielmus

169 1561 238 1592 fecit
249 1561 284 1592 de
300 1562 383 1593 bonis
402 1562 455 1592 suis
471 1561 651 1601 depraedatis,
668 1571 698 1594 ut
719 1562 886 1600 praedidmm
908 1561 966 1600 est,
985 1563 1161 1592 concordans
1181 1572 1242 1592 non

167 1601 257 1631 extitit
272 1610 325 1631 nec
342 1600 518 1639 conformis,
534 1600 574 1631 set
587 1601 666 1639 quod
687 1601 818 1638 praedicti
833 1600 963 1638 assignati
978 1601 1093 1639 praefato
1109 1600 1243 1631 00111161-

168 1648 222 1669 mo
234 1638 383 1670 defuerunt
396 1640 425 1669 in
441 1639 614 1669 exhibitione
626 1638 740 1678 justitia:
755 1641 784 1669 in
800 1639 961 1677 praemiffis:

205 1677 407 1708 Mandavimus
417 1677 537 1716 Johanni
551 1677 588 1708 de
602 1677 737 1716 Ferariis,
762 1687 829 1709 tunc
844 1677 1001 1709 Senescallo
1024 1677 1121 1708 nostro
1137 1677 1244 1709 Vasco-

167 1717 279 1755 coniae,
297 1718 333 1748 &
349 1715 565 1746 Constabulario
585 1716 683 1746 nostro
698 1716 889 1755 Burdegaliae,
908 1717 954 1747 vel
975 1726 1077 1750 eorum
1102 1716 1182 1747 Loca
1203 1725 1246 1747 te-

168 1755 298 1785 nentibus
312 1777 322 1793 ,
347 1754 428 1792 quod
450 1754 543 1785 eidem
563 1753 749 1793 Guillielmo,
776 1755 855 1793 super
878 1756 1084 1793 recuperatione
1104 1755 1245 1786 dictarum

167 1793 246 1824 mille
259 1793 410 1824 Librarum
428 1791 464 1823 de
484 1793 648 1824 hominibus
667 1793 805 1824 dictarum
820 1793 975 1832 Villarum,
993 1793 1029 1824 de
1045 1793 1146 1825 Castro
1166 1794 1247 1825 Dor-

166 1831 240 1870 dial,
258 1831 294 1862 de
314 1831 420 1862 saneto
442 1831 589 1870 Anderio,
605 1832 639 1863 &
654 1831 690 1862 de
713 1832 738 1862 la
754 1831 839 1862 Redo
856 1832 938 1871 (quos
958 1833 1031 1863 infra
1050 1833 1173 1864 Terram
1191 1843 1246 1863 no-

166 1869 253 1900 stram
275 1870 424 1901 Vasconiae
442 1870 566 1901 inveniri
589 1871 780 1908 contingeret)
808 1881 857 1909 per
881 1871 1078 1902 arestationem
1100 1872 1243 1902 bonorum

165 1908 346 1947 eorumdem,
363 1919 396 1939 ac
417 1908 476 1939 aliis
494 1909 605 1948 modis,
624 1910 724 1948 quibus
744 1910 876 1948 expedire
899 1910 1043 1948 viderent,
1062 1910 1186 1941 facerent
1208 1910 1245 1942 de

165 1947 249 1978 celeri
264 1947 392 1978 remedio
405 1947 567 1986 provideri,
585 1948 633 1978 nisi
653 1948 714 1986 ipsis
737 1948 864 1979 constare
878 1949 968 1987 poffet
984 1948 1137 1987 praefatum
1160 1948 1246 1980 Guil-

165 1986 292 2016 lielmurn
308 1985 477 2024 adquievisse
492 1986 634 2018 sententiae
650 1995 826 2018 memoratae.

205 2024 287 2059 Cum
303 2026 395 2063 itaque
411 2035 481 2064 vos,

204 2062 289 2094 Facta
304 2064 386 2093 vobis
398 2073 487 2101 nuper
501 2063 573 2103 fide,
590 2064 650 2095 tam
663 2074 712 2102 per
726 2063 891 2103 processum
906 2064 1051 2096 dierorum
1066 2063 1244 2096 Commissa-

168 2101 293 2140 riorum,
313 2102 399 2139 quam
414 2103 499 2132 etiam
515 2113 563 2143 per
577 2103 766 2140 juramentum
781 2104 910 2141 praediCii
934 2103 1095 2133 Guillielmi
1111 2103 1246 2142 Arnaldi‚

38 654 57 673 ’¹‘
80 654 133 681 111.

57 694 122 729 643.

168 2149 267 2170 coram
288 2141 370 2170 vobis
393 2140 565 2179 praestitum,
587 2141 667 2179 quod
689 2141 766 2170 idem
784 2141 956 2172 Willielmus
978 2141 1124 2180 probavit,
1142 2151 1243 2172 coram
1280 2146 1284 2149 ’

168 2178 272 2208 eisdem
287 2177 509 2217 Commiffariis,
528 2179 554 2209 se
566 2179 758 2217 depraedatum
774 2179 873 2218 fuisse,
893 2190 942 2217 per
956 2188 1050 2218 gentes
1073 2179 1105 2210 ὃ(
1120 2179 1244 2211 subditos

166 2216 239 2247 dieti
255 2216 346 2253 Regis
361 2216 507 2255 Castellae,
525 2217 561 2247 de
582 2219 664 2247 bonis
684 2218 750 2256 suis,
767 2217 802 2248 ad
821 2218 972 2248 valentiam
997 2217 1076 2248 mille
1093 2218 1243 2249 Librarum

168 2253 322 2285 Parvorum
336 2254 545 2285 Turonensium
560 2256 777 2293 praedictorum:
796 2256 972 2295 recitatisque
994 2266 1091 2288 coram
1105 2257 1186 2287 vobis
1199 2257 1244 2287 di-

167 2294 250 2362 (11161Ἱὲ13
272 2293 424 2331 mandatis,
449 2294 478 2322 in
501 2292 582 2324 (11ἃο
603 2295 723 2331 negotio
745 2294 825 2325 factis
839 2317 850 2333 ,
876 2303 992 2333 totoque
1017 2295 1145 2333 processu
1170 2305 1244 2334 prae-

199 2346 216 2363 c
229 2342 248 2362 o

206 2354 316 2401 Gehtes
336 2370 370 2400 &
385 2369 538 2409 Subditos,
552 2370 623 2401 dic‘ti
647 2369 740 2408 Regis
761 2370 911 2409 Castellae,
929 2371 958 2401 in
981 2371 1064 2409 ipsius
1087 2371 1193 2410 Regis,
1211 2372 1244 2404 &

165 2409 313 2440 diCtorum
329 2408 598 2439 Commiffiiriorum
614 2409 777 2449 desedium,
794 2410 829 2440 ad
851 2409 1052 2440 restituendum
1069 2411 1103 2441 &
1125 2411 1244 2442 redden-

166 2447 238 2478 dum
254 2448 334 2478 dieto
350 2447 519 2478 Guillielmo
534 2448 651 2478 Arnaldi
666 2449 812 2486 praedictas
825 2449 902 2479 mille
919 2449 998 2479 Libr.
1010 2449 1123 2480 Turon.
1135 2448 1244 2480 Parvo-

166 2496 231 2518 rum
245 2486 433 2517 comunicato
448 2486 596 2526 Consilio,
614 2497 661 2524 per
682 2486 867 2518 diffinitivam
890 2487 1058 2518 sententiam
1081 2488 1244 2526 condemp-

166 2526 315 2564 naveritis;
333 2524 368 2555 (16
383 2524 441 2555 aliis
453 2525 583 2563 dampnis
601 2526 635 2556 &
654 2526 794 2564 expensis,
812 2526 892 2556 factis
914 2536 963 2564 per
978 2526 1088 2556 (11610111
1110 2526 1243 2557 Guilliel-

166 2573 253 2594 mum
274 2565 305 2593 in
320 2562 513 2601 prosecutione
528 2565 636 2601 negotii
651 2565 820 2603 memorati,
837 2564 1053 2595 declarationem
1076 2565 1109 2596 &
1125 2567 1244 2596 taxatio-

164 2612 234 2634 nem
253 2603 334 2633 vobis
349 2602 527 2634 reservando:
545 2603 579 2633 &
600 2603 711 2633 ulterius
731 2602 918 2634 concedendo
942 2603 1036 2633 eidem
1058 2603 1245 2643 Guillielmo,

167 2640 320 2672 Marcham
334 2642 364 2671 in
377 2641 498 2679 personis
533 2641 567 2672 &
582 2641 663 2672 bonis
683 2641 827 2672 Gentium
850 2642 883 2673 &
900 2641 1085 2673 Subditorum
1100 2642 1193 2678 Regis
1210 2643 1243 2674 &

168 2678 268 2718 Regni
289 2678 418 2710 Castellae
441 2680 474 2711 &
495 2664 630 2718 fl‘panniae
649 2680 870 2719 praedietorum,
886 2681 1050 2718 ubicunque
1064 2681 1133 2711 infra
1146 2681 1246 2713 Duca—

168 2725 229 2749 tum
244 2718 412 2757 praedietum
431 2726 563 2757 poterunt
583 2719 721 2757 inveniri,
750 2719 892 2758 quousque
912 2719 1051 2758 praediCto
1075 2719 1245 2752 Guillielmo

168 2756 206 2787 de
220 2757 361 2795 praedietis
375 2757 452 2787 mille
466 2757 558 2787 Libris
571 2757 780 2788 Turonensium
794 2757 949 2788 Parvorum
958 2781 968 2797 ,
986 2759 1019 2789 &
1029 2758 1065 2789 de
1079 2758 1137 2789 aliis
1143 2759 1247 2797 damp-

169 2795 214 2825 nis
228 2796 261 2826 &
277 2795 413 2834 expensis,
430 2805 478 2833 per
493 2806 544 2826 vos
559 2796 588 2826 in
602 2796 656 2826 hac
679 2805 753 2834 parte
776 2796 951 2832 taxandis&
973 2796 1162 2837 declarandis,
1177 2799 1245 2830 ess'et

170 2832 267 2863 debite
279 2833 465 2873 satisfactum,
481 2843 566 2875 prout
580 2835 644 2865 haec
658 2836 756 2866 omnia
777 2837 806 2866 in
827 2835 992 2874 quibusdam
1016 2835 1111 2866 litteris
1126 2838 1247 2873 patenti-

170 2871 238 2909 bus,
256 2871 346 2908 sigillo
360 2871 474 2910 nostro,
491 2872 525 2902 ad
540 2872 700 2903 contractus
714 2875 742 2903 in
758 2873 881 2911 Burdeg.
895 2873 1046 2914 deputam,
1064 2874 1244 2915 consignatis,

171 2919 206 2940 ex
218 2909 313 2940 vestris
327 2909 422 2941 litteris
438 2911 572 2949 sumptis,
590 2911 714 2942 vidimus
729 2913 877 2943 contineri.

208 2946 260 2978 De
272 2948 371 2988 quibus
386 2948 501 2986 quidem
522 2949 598 2980 mille
621 2949 711 2980 Libris
725 2951 875 2988 praedictus
889 2950 1070 2981 Guillielmus
1091 2952 1245 2991 quicquam

169 2985 261 3018 adhuc
277 2996 337 3016 non
352 2987 444 3017 eXtitit
458 2986 591 3017 assecutus
601 3010 610 3025 ,
628 2997 682 3017 nec
700 2999 750 3018 vos
770 2989 821 3020 alia
835 2989 956 3026 dampna
973 2989 1007 3020 &
1023 2990 1166 3029 expensas,
1181 3000 1244 3029 quae

170 3026 201 3055 in
216 3024 410 3063 prosecutione
426 3025 495 3055 (116ὶί
515 3027 623 3064 negotii
645 3025 787 3065 sustinuit,
801 3029 877 3066 juxta
894 3026 1106 3058 reservationem
1121 3029 1244 3061 vestram

169 3063 335 3102 praedictam
344 3087 354 3103 ,
370 3062 507 3094 declarare
521 3064 554 3095 ὃς
568 3073 675 3102 taxare,
692 3074 723 3095 ut
737 3066 847 3104 asserit,
861 3066 994 3096 hactenus
1008 3066 1159 3097 curavistis¹

208 3101 341 3132 Volentes
362 3103 446 3139 igitur
467 3102 562 3133 eidem
585 3101 754 3133 Guillielmo
776 3104 854 3142 super
881 3105 1090 3141 recuperatione
1117 3107 1244 3145 pecuniae

171 3139 317 3178 praedictae
330 3162 340 3179 ,
364 3141 553 3179 dampnorum
572 3141 605 3172 &
628 3142 808 3179 expensarum
831 3141 1031 3181 praedie‘iorum
1049 3153 1119 3173 cum
1140 3144 1244 3182 justitia

170 3178 333 3216 subvenire,
351 3180 433 3209 vobis
448 3179 610 3210 mandamus
624 3180 719 3217 quod,
737 3180 756 3210 si
773 3183 809 3211 ita
830 3182 878 3218 sit,
898 3189 965 3211 tunc
976 3204 985 3217 ,
1001 3180 1143 3212 declaratis
1159 3183 1192 3214 &
1205 3191 1245 3213 ta-

171 3218 239 3247 xatis
252 3225 351 3247 coram
365 3217 446 3247 vobis
459 3217 590 3256 dampnis
612 3218 644 3248 ὃ(
659 3218 780 3256 expensis
795 3218 951 3257 praediCtis,
969 3221 1168 3251 executionem
1183 3222 1245 3252 sen-

170 3257 267 3285 tentiae
282 3253 397 3293 vestrae‚
414 3255 659 3294 declarationisque
672 3258 705 3289 ὃ(
719 3259 860 3289 taxationis
875 3258 1075 3295 praedictarum
1085 3281 1095 3296 ,
1111 3269 1163 3296 pro
1172 3270 1243 3298 prte-

170 3294 231 3324 fato
250 3292 435 3332 Guillielmo‚
453 3303 534 3332 prout
552 3296 656 3333 justum
680 3295 781 3335 fuerit,
798 3296 857 3327 fieri
880 3296 1001 3334 faciatis,
1019 3297 1053 3327 &
1074 3306 1157 3334 prout
1177 3299 1242 3329 alias

171 3332 201 3362 in
222 3331 286 3362 casu
309 3331 450 3362 consimili
468 3332 527 3363 fieri
543 3333 707 3372 consuevit,
727 3336 764 3364 ita
788 3335 863 3373 quod
888 3345 936 3372 ca,
954 3345 1018 3372 quae
1042 3345 1090 3373 per
1114 3346 1164 3367 vos
1183 3337 1243 3368 sunt

172 3371 202 3400 in
216 3370 298 3400 (116ὶο
312 3370 447 3412 negotio,
464 3379 494 3401 ut
506 3373 701 3410 praemittitur,
717 3373 848 3404 inchoata
857 3396 867 3412 ,
877 3372 1016 3403 effectum
1031 3374 1160 3405 debiturn
1175 3386 1243 3406 cum

169 3409 273 3447 justitia
283 3408 438 3438 sortiantur.

210 3447 277 3478 Dat.
293 3446 367 3485 apud
382 3445 681 3488 Westmoriasterium,
698 3449 834 3481 vicesimo
849 3458 948 3488 quarto
968 3449 1013 3480 die
1029 3449 1113 3482 Maii,

49 3578 65 3597 ⁰
82 3580 138 3608 111.
192 3575 213 3595 *
231 3576 280 3608 De
304 3568 554 3606 conventionibus
573 3569 683 3606 habitis
703 3577 780 3606 inter
803 3577 911 3622 Regem
933 3578 969 3613 &⁶
995 3578 1162 3609 Dominum
1185 3576 1222 3610 de

66 3619 132 3654 ⁶44·
233 3620 406 3670 Egremond
419 3621 511 3667 Jitper
534 3623 746 3668 Maritaginm
772 3621 920 3669 Jolmnnae
943 3625 1048 3670 AVeptis
1076 3627 1175 3671 Regis.

34 3719 159 3754 Arm-D·
230 3706 294 3738 EX
308 3707 449 3755 .0‘.¹¹¹¹³b¹†⁸
482 3706 620 3752 adqquos,
637 3706 834 3739 (ξω-(31016111.
868 3748 872 3753 ⁵

53 3769 67 3790 1
93 3770 105 3791 1
267 3746 365 3777 Sciatis
384 3757 443 3784 quo
468 3769 478 3784 ,
496 3756 565 3777 cum
589 3754 661 3775 inter
683 3747 822 3788 nos,·&,
846 3746 980 3777 dileetum
1002 3748 1035 3778 ὃ(
1058 3746 1170 3778 fidelem
1193 3759 1245 3779 no-

35 3769 87 3827 Ars.
105 3769 147 3828 ¹70
178 3783 282 3823 strum,
299 3785 448 3828 Thomam
470 3783 506 3814 de
521 3783 657 3827 Multon,
672 3782 836 3816 Dominum
852 3785 888 3816 de
911 3786 1098 3824 Egremond,
1115 3787 1245 3826 quaedam

35 3839 64 3864 E.
85 3846 111 3865 2-
179 3821 390 3854 Conventiones
403 3824 483 3854 initae
498 3822 559 3854 sunt
572 3833 601 3852 iii
615 3823 690 3852 hunc
707 3823 835 3853 modum.

37 3877 153 3950 ῗζῖἕ]
183 3898 304 3960 CEste
326 3898 486 3930 Endenture
506 3900 663 3944 tesmoigne
684 3908 756 3943 que,
775 3898 798 3929 le
831 3907 877 3938 25.
896 3903 960 3940 jour
979 3901 1014 3932 de
1032 3900 1120 3945 Maii,
1137 3902 1190 3932 l'an
1211 3902 1249 3933 du

39 3956 64 3976 2·
77 3960 102 3978 m
125 3960 155 3978 η
259 3938 362 3975 Regne
379 3938 470 3969 nostre
490 3938 610 3976 Seignur
624 3938 650 3967 le
671 3937 729 3967 R01
742 3937 893 3981 'Edivard,
913 3939 958 3968 filz
979 3939 1006 3969 le
1029 3939 1090 3969 Ror
1110 3940 1249 3979 Edward,

106 3973 113 3980 “
161 3972 169 3980 '
182 3974 287 4013 disme,
303 3976 422 4007 accorde
436 3976 491 4007 sust
507 3986 585 4007 entre
607 3975 700 4006 nostre
719 3976 761 4006 dit
774 3976 893 4013 Seignur
907 3977 932 4006 le
952 3977 1013 4008 Roi
1025 3977 1107 4008 d'une
1122 3987 1198 4017 part,
1216 3981 1249 4010 &

181 4010 326 4044 Monsieur
337 4014 465 4046 Thomas
478 4014 515 4047 de
531 4014 650 4047 Multon
665 4014 783 4053 Seignur
805 4014 841 4045 de
857 4014 1024 4054 Egremond
1047 4015 1150 4048 d'autre
1170 4027 1248 4057 part,

1284 139 1761 191 PUssLioA.
2265 162 2343 208 127

1274 234 1328 262 <isse
1344 226 1473 265 Masiage
1485 231 1512 260 se
1526 231 1583 263 fera
1597 242 1674 266 entre
1681 235 1790 274 Johan,
1808 236 1887 268 einez
1899 234 1948 267 filz
1962 236 1996 268 &
2017 234 2076 269 heir
2088 238 2114 268 le
2127 236 2170 268 dit
2189 237 2337 271 Monsieur
2362 236 2435 270 Ann.
2451 234 2493 270 l]a

1272 262 1419 303 Thomas,
1437 268 1470 297 ὅ(
1486 269 1612 310 johane,
1634 273 1659 303 la
1677 275 1740 305 feile
1760 275 1906 307 Monsieur
1923 276 2000 307 Piers
2021 277 2057 308 de
2077 275 2238 317 Gavaston,
2257 279 2336 320 jadys
2385 285 2467 319 ¹3¹7-

1272 300 1388 333 Counte
1400 305 1435 333 de
1451 305 1593 352 Cornwall
1603 333 1612 348 ,
1632 311 1651 340 fi
1666 312 1721 341 tost
1735 323 1820 344 come
1834 315 1872 345 les
1882 315 1942 345 ditz
1954 314 2088 347 enfauntz
2104 315 2229 347 serrount
2241 327 2333 349 venuz
2355 318 2423 345 Edv-
2442 321 2469 345 ²u

1271 349 1287 368 a
1303 350 1356 373 aee
1370 344 1543 388 covenable,
1562 348 1599 384 qil
1614 350 1743 385 poussent
1758 352 1828 382 estre
1842 355 1966 385 marietz.

1309 377 1346 408 Et
1367 379 1408 423 ei’t
1429 380 1544 427 affavoir
1561 395 1595 422 qe
1609 387 1634 416 le
1651 387 1693 418 dit
1713 389 1859 422 Monsieur
1871 392 2001 424 Thomas
2020 392 2056 424 ad
2070 401 2169 431 grante
2182 392 2219 424 de
2241 394 2306 425 faire
2323 406 2338 427 a

1272 416 1363 446 nostre
1376 418 1418 448 dit
1429 420 1550 465 seignur
1563 424 1589 453 le
1604 424 1662 454 Roi
1677 426 1741 456 tiele
1754 428 1841 459 seurte
1854 441 1901 468 par
1916 432 2112 471 reconisance,
2130 441 2218 463 come
2230 432 2251 463 il
2265 433 2337 464 mes-

1272 463 1331 484 mes
1346 456 1452 498 voudra
1466 459 1585 500 devrser,
1605 463 1662 500 quil
1678 465 1740 495 nule
1753 473 1838 505 terre,
1856 470 1913 506 quil
1928 472 1996 501 tient
2010 480 2074 509 ore,
2087 480 2125 501 ne
2139 472 2186 509 qui
2201 470 2240 501 lui
2255 481 2336 509 POrra

1272 492 1376 523 escheir
1391 503 1438 532 pir
1452 496 1569 530 decente
1586 500 1622 531 de
1634 502 1776 542 heritage,
1795 515 1842 542 par
1857 510 2012 547 reveriion,
2030 519 2068 540 ou
2089 519 2125 540 en
2142 518 2217 540 autre
2240 520 2337 541 mane-

1272 539 1318 599 {je’
1337 541 1372 561 ne
1392 533 1547 577 esloignera
1562 539 1681 575 jammes
1703 541 1740 571 de
1752 542 1808 581 lui,
1825 554 1860 574 en
1878 545 2016 587 damage,
2033 558 2070 579 ne
2089 558 2126 579 en
2147 547 2338 581 denieritance

1292 579 1307 599 e
1323 569 1372 599 son
1388 571 1430 602 dit
1445 572 1508 611 fliz,
1526 586 1562 605 ne
1577 576 1612 606 de
1628 578 1666 607 ses
1681 578 1760 609 heirs.

1296 607 1348 651 *Et
1365 608 1426 640 doit
1446 610 1472 641 16
1485 612 1526 642 dit
1546 613 1692 657 Monsieur
1713 617 1860 658 Thomas,
1878 620 1914 651 de
1938 625 2107 656 maintenant
2140 624 2261 663 affigner
2282 636 2297 657 a
2314 624 2340 658 la

1272 645 1331 676 dite
1344 646 1473 688 Johane,
1492 661 1520 680 es
1534 651 1600 684 licus
1621 655 1787 697 covenables
1808 658 1842 688 &
1859 658 2009 692 suffissantz
2044 647 2139 701 quat13e
2160 671 2246 695 centz
2259 664 2339 695 Mar-

1274 684 1355 715 chees
1368 685 1405 716 de
1418 688 1527 727 Terre,
1545 700 1560 720 a
1575 699 1645 722 tenir
1658 703 1673 723 a
1689 702 1777 726 terme
1798 695 1835 725 de
1853 696 1878 726 sa
1892 699 1955 736 vie,
1973 710 2007 730 en
2017 686 2098 732 ²noun
2114 702 2149 733 de
2169 702 2325 734 Douwaire

1273 733 1350 792 ἰιὲἆξῗ
1368 723 1759 800 ἓῼῖτεξᾶἒῑίῑῖἐὲᾟὲἷεῶ
1778 734 1899 774 avenist,
1914 746 1970 774 que
1986 737 2061 770 Dieu
2080 740 2217 781 defende,
2236 741 2293 781 quil
2311 725 2339 772 (ἔ

1312 799 1350 844 Et
1370 801 1427 832 deit
1443 803 1542 836 auffint
1559 806 1584 836 16
1606 807 1646 838 dit
1671 807 1818 840 Monsieur
1833 810 1962 843 Thomas
1975 821 2067 845 trouer
2082 825 2098 845 a
2112 816 2160 846 son
2182 818 2223 848 dit
2243 817 2305 857 fflz,
2322 828 2339 849 a

1274 838 1299 868 la
1321 839 1379 869 dite
1395 840 1541 886 johanne,
1565 845 1597 875 ὃ(
1614 856 1629 875 3
1650 845 1712 877 lour
1733 849 1925 888 engendrure,
1951 851 2102 883 honurable
2121 855 2281 887 sustenance
2303 867 2341 888 en

1274 884 1344 906 tores
1359 878 1471 922 choses,
1492 884 1599 913 licome
1610 893 1713 922 appent
1728 896 1743 916 a
1758 886 1817 917 leur
1832 888 1934 925 estatz,
1951 899 1986 926 qe
2006 890 2031 920 16
2046 891 2146 930 heure,
2165 895 2203 931 qil
2225 895 2305 933 pleise
2324 906 2340 926 a

1275 915 1368 946 nostre
1382 917 1503 955 Seignur
1514 920 1539 951 le
1555 920 1629 960 Roi,
1648 933 1686 953 ou
1701 935 1716 954 a
1729 924 1767 955 les
1782 934 1868 956 autres
1882 928 1951 957 amis
1963 928 1988 958 la
2004 928 2060 959 dite
2070 929 2215 971 Johanne,
2232 943 2286 972 que
2299 932 2341 964 ele

1273 953 1428 992 demoerge
1442 956 1539 988 devers
1553 959 1579 990 le
1594 961 1637 992 dit
1653 961 1798 994 Monsieur
1813 964 1951 996 Thomas.

1311 991 1368 1036 Et,
1384 1004 1438 1031 por
1452 1005 1507 1040 ceo
1527 997 1657 1042 Mariage
1677 1003 1818 1040 acomplir
1837 1014 1873 1034 en
1894 1004 1920 1034 13
1942 1004 2054 1035 fourme
2075 1007 2231 1046 avantdite,
2250 1008 2343 1040 nostre

1273 1029 1392 1075 Seignur
1406 1033 1432 1063 le
1447 1032 1506 1077 Roi
1520 1036 1579 1068 deit
1593 1037 1702 1070 donner
1715 1050 1749 1070 au
1765 1041 1808 1071 dit
1829 1041 1974 1073 Monsieur
1989 1042 2122 1074 Thomas
2137 1046 2187 1075 mil
2206 1046 2287 1077 livres
2305 1057 2342 1078 cn

1273 1069 1399 1109 deniers,
1416 1081 1432 1101 a
1447 1081 1523 1109 paler
1538 1086 1553 1105 a
1571 1077 1636 1107 treis
1651 1085 1768 1117 termes,
1785 1079 1852 1110 c’est
1867 1091 1882 1111 a
1898 1081 2005 1121 saveir,

1312 1107 1399 1147 Cynk
1414 1119 1499 1140 centz
1511 1111 1609 1144 Mares
1622 1125 1657 1145 en
1673 1117 1765 1147 main:

1274 1145 1401 1224 avgii‘?
1415 1158 1500 1180 cent-z
1516 1150 1604 1183 Mari<
1617 1164 1632 1184 a
1646 1154 1670 1185 la
1686 1155 1721 1185 N
1723 1156 1816 1187 ativite
1831 1155 1910 1188 Seint
1922 1157 2013 1196 Johan
2028 1158 2054 1190 le
2069 1159 2190 1199 Baptiste
2203 1160 2342 1199 prochein

1313 1223 1349 1255 Et
1364 1225 1441 1266 cynk
1456 1236 1538 1272 centz
1555 1228 1651 1261 Mai-cs
1665 1242 1680 1262 3
1693 1231 1718 1263 13
1731 1232 1809 1263 Seint
1826 1233 1940 1264 Michel
1956 1235 2093 1272 prochein
2106 1237 2200 1269 suiant.

1314 1262 1359 1293 En
1382 1263 1594 1303 tesmoignance
1609 1269 1646 1300 de
1665 1280 1738 1308 queu
1759 1271 1844 1302 chose
1865 1272 1905 1302 est
1925 1272 1974 1304 fait
1998 1274 2074 1304 ceste
2099 1276 2266 1316 endenture,
2281 1275 2351 1309 sede

1276 1300 1324 1332 des
1337 1302 1403 1333 seals
1414 1303 1507 1336 nostre
1521 1306 1641 1345 Seignur
1657 1308 1682 1339 16
1698 1309 1776 1348 Roi,
1793 1311 1826 1342 &
1841 1310 1879 1342 du
1893 1311 1935 1342 dit
1950 1311 2097 1344 Monsieur
2109 1314 2236 1346 Thomas
2255 1323 2348 1347 entre·

1277 1340 1546 1378 chaungeallernent.

1316 1378 1407 1411 Done
1418 1391 1434 1411 a
1449 1381 1676 1424 westmonster,
1698 1384 1724 1418 le
1735 1387 1800 1425 jour
1813 1388 1846 1419 &
1860 1387 1915 1419 l’an
1930 1387 2072 1421 desusditz.

1279 1455 1464 1517 Acssdem
1476 1459 1624 1507 Thomas,
1639 1463 1715 1500 juxta
1738 1462 1951 1496 Conventiones
1973 1466 2139 1507 praedictas,
2155 1468 2185 1498 iri
2205 1466 2353 1500 (331166113-

1357 1506 1397 1526 ria
1412 1496 1522 1543 nostra,
1539 1501 1678 1538 praedieto
1693 1503 1829 1534 vicesimo
1844 1506 1941 1543 quinto
1955 1505 2002 1535 die
2026 1505 2101 1536 Maii
2115 1529 2126 1545 ,
2153 1509 2353 1544 recognoverit

1279 1532 1306 1564 se
1327 1533 1533 1581 debere-nobis
1549 1538 1651 1570 decem
1672 1541 1749 1571 milia
1771 1541 1941 1582 Librarum,
1968 1544 2099 1576 solvenda
2113 1545 2195 1576 nobis
2217 1547 2248 1576 in
2269 1545 2353 1578 Festo

1280 1571 1377 1602 8311611
1395 1572 1548 1618 Michaelis
1562 1580 1693 1615 proximo
1704 1579 1815 1619 futuro,

1327 1611 1401 1656 Nos.
1412 1614 1492 1650 ipsius
1511 1615 1640 1647 Thomae
1657 1618 1794 1649 securitati
1814 1620 1844 1649 in
1867 1619 1921 1650 hac
1950 1629 2025 1658 parte
2045 1622 2193 1660 providere
2213 1622 2357 1663 volentes,

1278 1651 1485 1697 concedimus,
1502 1664 1554 1691 pro
1576 1656 1657 1686 nobis
1679 1656 1712 1687 &
1731 1656 1902 1689 Haeredibus
1924 1659 2038 1698 nostris,
2054 1662 2149 1700 quod,
2167 1661 2187 1692 si
2206 1662 2357 1700 praedie‘cus

1280 1688 1416 1735 Thomas·
1431 1691 1520 1722 dietas
1541 1692 1773 1734 Conventiones,
1794 1697 1873 1734 juxta
1894 1697 2075 1730 Indenturam
2096 1700 2263 1738 praedietarn
2304 1702 2359 1732 ob·-

1281 1727 1447 1769 servaverit,
1465 1731 1541 1768 quod
1554 1733 1630 1764 dieta
1645 1733 1822 1774 Recognitio
1841 1736 1984 1768 dictarum
1998 1738 2102 1768 decem
2124 1739 2236 1770 milium
2257 1725 2359 1772 ssibra-

1280 1776 1345 1797 rum
1361 1777 1412 1805 pro
1427 1769 1506 1814 nullo·
1519 1771 1666 1811 habeatur,
1683 1774 1721 1804 set
1735 1775 1820 1805 omni
1835 1784 1928 1806 careat
1941 1776 2050 1807 roboris
2063 1776 2206 1809 firmitate:

1320 1805 1376 1846 Et,
1396 1807 1415 1837 si
1428 1818 1579 1853 contingat
1595 1812 1675 1850 quod
1697 1812 1774 1843 idem
1790 1813 1924 1845 Thomas
1944 1824 2043 1846 contra
2064 1815 2154 1847 dietas
2178 1815 2360 1848 Conventio-

1283 1855 1349 1884 nes,
1373 1846 1417 1890 seu
1438 1848 1558 1886 aliquam
1574 1851 1757 1890 earumdem,
1773 1851 1818 1883 seu
1839 1862 1935 1883 contra
1955 1862 2084 1884 tenorem
2108 1854 2268 1886 Indenturae
2289 1855 2361 1886 illius

1282 1895 1407 1924 venerit,
1423 1894 1468 1917 aut
1483 1897 1528 1917 eas
1541 1898 1600 1919 non
1612 1889 1818 1929 observaverit,
1835 1900 1902 1922 tunc
1919 1892 1996 1923 dista
2008 1892 2187 1930 Recognitio
2209 1894 2359 1932 praedicta-

1282 1934 1349 1955 rum
1362 1924 1462 1956 decem
1476 1926 1586 1958 milium
1601 1927 1732 1959 librarum
1747 1929 1785 1960 sui
1800 1931 1911 1960 roboris
1929 1932 1958 1960 in
1979 1932 2111 1963 omnibus
2126 1933 2251 1971 optineat
2271 1931 2359 1964 firmi-

1282 1970 1367 1995 tatem
1379 1986 1389 2001 ,
1407 1964 1439 1994 &
1455 1966 1616 1997 executioni
1632 1966 1740 1998 debitae
1754 1968 1949 2000 demandetur.

1319 2001 1355 2033 In
1376 2012 1454 2039 cnjus
1488 2003 1549 2034 &a

1357 2040 1446 2072 Teste
1457 2025 1543 2079 kege
1555 2042 1629 2080 apud
1643 2043 1933 2076 Westmonasterium
1948 2068 1959 2084 ,
1975 2045 2112 2078 vicesimo
2126 2046 2204 2078 sexto
2218 2046 2363 2079 dieMaii.

1924 2124 1979 2152 Per
1996 2121 2079 2162 ipfinn
2095 2125 2201 2161 Regem.

1408 2245 1458 2277 De
1476 2243 1616 2291 potestate
1636 2245 1712 2280 data
1736 2246 1893 2294 recipiendi
1916 2251 2017 2282 Scotos
2039 2248 2084 2282 ad
2106 2252 2225 2284 Pacem.

1285 2326 1470 2394 OMnibus
1483 2352 1492 2368 ,
1505 2330 1539 2361 ad
1555 2340 1640 2370 quos,
1661 2332 1722 2363 &c.
1739 2331 1861 2364 salutern.
2375 2332 2452 2365 Ann.
2468 2330 2511 2365 D.

1327 2406 1332 2410 Ι
1387 2367 1484 2398 Sciatis
1500 2370 1598 2408 quod,
1615 2380 1684 2400 cum
1698 2381 1745 2409 per
1759 2371 1859 2402 litteras
1877 2370 1983 2402 nostras
1994 2380 2134 2412 patentes,
2153 2372 2260 2404 dileeco
2275 2372 2309 2406 &
2321 2373 2355 2404 fi-
2402 2381 2485 2414 ¹317-

1279 2403 1336 2449 deli
1347 2406 1461 2450 nostro,
1481 2406 1575 2439 David
1590 2408 1627 2438 de
1641 2408 1805 2451 Strabolgy,
1821 2410 1935 2441 Comiti
1957 2410 2112 2451 d'Asceles,
2131 2410 2295 2450 potestatem
2312 2422 2355 2444 re·
2372 2415 2427 2441 An.
2453 2421 2494 2440 ιο.

1280 2444 1404 2482 cipiendi
1421 2446 1454 2476 ad
1467 2456 1568 2483 pacem
1581 2448 1614 2478 &
1627 2448 1796 2479 voluntatem
1812 2448 1950 2489 nostram,
1968 2450 2101 2481 homines
2116 2451 2149 2481 ὅ(
2164 2459 2287 2483 tenentes
2294 2452 2355 2483 suos
2374 2453 2403 2478 Ε-
2424 2460 2451 2478 2·

1280 2482 1419 2527 detTerra
1432 2484 1530 2515 nostrai
1545 2486 1667 2525 Scotiae,
1686 2489 1734 2526 qui
1748 2489 1778 2517 in
1793 2487 1921 2527 Guerrfi,
1949 2490 2022 2519 inter
2036 2499 2088 2520 rios
2108 2490 2142 2521 ὅ(
2162 2490 2280 2530 Scotos,
2298 2490 2357 2521 Ini-
2374 2494 2442 2517 Scot.
2468 2493 2513 2519 10:

1279 2531 1373 2553 micos
1388 2523 1421 2553 &
1436 2522 1567 2555 Rebelles
1584 2525 1710 2564 nosti-05,
1728 2526 1824 2566 motii,
1839 2527 1944 2557 eisdem
1961 2528 1979 2547 ²*
1995 2527 2126 2560 Inimicis
2140 2528 2240 2560 nostris
2259 2537 2359 2561 contra
2377 2531 2409 2555 E·
2430 2537 2457 2555 2·

1279 2570 1331 2591 nos
1354 2562 1523 2593 adhaeserunt
1539 2587 1549 2602 ,
1575 2565 1710 2603 quamdiu
1732 2566 1816 2596 nobis
1836 2566 1986 2605 placuerit,
2006 2575 2088 2605 prout
2105 2568 2136 2598 in
2156 2568 2240 2600 literis
2260 2568 2360 2600 nostris
2381 2576 2420 2625 ⁷7¹4
2435 2574 2482 2633 {rh

2419 2644 2473 2682 645
2478 2662 2486 2670 2

1280 2601 1424 2638 praedietis
1439 2601 1548 2639 plenius
1566 2604 1744 2644 continetur,

1318 2639 1405 2678 Nos,
1424 2640 1548 2671 volentes
1563 2641 1658 2672 eidem
1674 2641 1786 2674 Comiti
1800 2644 1915 2682 gratiam
1932 2643 1961 2674 in
1975 2643 2028 2675 hac
2042 2652 2119 2682 parte
2132 2644 2223 2677 facere
2237 2645 2359 2684 amplio-

1280 2687 1358 2716 rem,
1373 2678 1502 2709 dedimus
1517 2681 1542 2710 ei
1561 2680 1727 2718 potestatem
1741 2681 1892 2722 recipiendi
1903 2682 1938 2712 ad
1952 2693 2053 2721 pacem
2069 2682 2193 2715 nostram
2215 2684 2361 2722 hujusmo-

1280 2717 1315 2786 ιέἰζ
1324 2717 1455 2786 110110ῐέ63
1471 2718 1505 2750 &
1520 2727 1644 2750 tenentes
1658 2719 1720 2751 suos
1733 2720 1770 2751 de
1782 2720 1853 2752 terra
1867 2720 1963 2752 nostra
1977 2721 2133 2762 praedieta,
2150 2721 2229 2755 salvis
2243 2724 2283 2754 eis
2299 2721 2360 2756 viti

1330 2766 1408 2786 mem
1430 2767 1474 2787 [IS.

1319 2793 1446 2865 In'fgiiles
1453 2796 1542 2873 ’Rffgce
1555 2834 1628 2874 apud
1642 2835 1932 2868 westmonasterium
1939 2859 1950 2877 ,
1969 2836 2125 2869 undecimo
2141 2837 2188 2869 die
2197 2837 2284 2878 Junii.

1998 2916 2052 2944 Per
2068 2915 2151 2955 ipsum
2167 2917 2274 2955 Regem.

1340 3044 1390 3076 De
1410 3040 1550 3076 Marcha
1567 3054 1624 3075 non
1642 3041 1842 3086 concedenda,
1862 3053 1965 3076 contra
1986 3041 2116 3076 homines
2132 3042 2169 3077 de
2184 3043 2296 3092 Bifiay.

1282 3127 1493 3189 SEreniffimo
1520 3126 1643 3168 Principi
1665 3128 1698 3159 ὅ(
1722 3126 1833 3158 Potenti
1883 3139 1916 3160 ac
1940 3138 2038 3160 eorum
2064 3128 2196 3159 Domino
2218 3126 2353 3166 naturali,
2373 3131 2448 3163 Αῃῃ,
2463 3130 2505 3165 Β,’

1341 3167 1475 3197 Domino
1490 3165 1716 3205 Edwardo,Dei
1730 3167 1834 3205 gratis,
1846 3151 1927 3205 ²Regi
1944 3167 2075 3205 Angiiae,
2089 3167 2221 3197 Domino
2244 3166 2350 3197 Hiber·
2394 3178 2480 3211 1317-

1280 3207 1351 3244 niae,
1367 3207 1399 3237 &
1415 3206 1494 3236 Duci
1517 3206 1695 3244 Aquitanniae
1710 3228 1720 3244 ,
1743 3205 1784 3235 sui
1803 3205 1923 3244 devoti,
1944 3205 2040 3244 Major
2061 3206 2094 3236 &
2112 3205 2199 3245 jurati
2220 3204 2350 3236 Civitatis
2371 3213 2423 3238 An.
2442 3218 2488 3246 ¹0!

1281 3245 1437 3275 Baionensis
1451 3268 1461 3283 ,
1493 3244 1605 3275 salutem
1620 3267 1629 3282 ,
1658 3245 1709 3282 &,
1731 3254 1798 3274 cum
1824 3244 2123 3282 recommendatione,
2142 3243 2256 3282 seipsos,
2278 3253 2346 3274 cum
2369 3252 2396 3275 E.
2412 3258 2440 3277 2.

1279 3284 1499 3322 promptitudine
1516 3283 1635 3321 servitii,
1650 3283 1684 3313 ad
1698 3283 1754 3320 ejus
1769 3282 1851 3320 pedes
1865 3284 1954 3322 regios
1975 3282 2116 3312 humiliter
2131 3283 2293 3313 inclinatos:
2325 3320 2330 3325 1
2366 3289 2439 3314 Penes

1316 3322 1425 3353 Vestrae
1447 3322 1552 3359 Regite
1575 3321 1755 3358 Celsitudini,
1771 3321 1834 3351 serie
1849 3322 2024 3358 praelentium
2041 3321 2212 3359 innotescat,
2235 3330 2288 3350 nos
2312 3319 2346 3349 li-
2364 3324 2433 3353 cler.

1279 3369 1349 3391 teras
1366 3361 1499 3399 recepisse
1516 3372 1532 3392 a
1550 3360 1655 3391 Nobili
1674 3361 1706 3389 &
1723 3359 1837 3390 Potenti
1856 3359 2001 3397 Domina,
2018 3359 2147 3390 Domina
2164 3357 2346 3397 Maria,Do-
2404 3362 2464 3392 pell,

1280 3401 1358 3430 mina
1372 3400 1407 3430 de
1426 3400 1538 3440 Biscaye
1555 3423 1565 3438 ,
1585 3407 1786 3437 conquerentes
1803 3398 1839 3428 de
1857 3398 1992 3428 Domino
2013 3396 2167 3428 Senescallo
2182 3396 2346 3435 Vasconiae‚

1279 3440 1327 3476 qui
1342 3439 1379 3469 de
1395 3439 1527 3469 mandato
1541 3438 1651 3475 vestro,
1669 3446 1698 3466 ut
1714 3436 1831 3475 dicitur,
1848 3435 2001 3467 Marcham
2018 3435 2155 3467 conceffit
2172 3434 2299 3473 Johanni
2311 3434 2349 3465 de

1280 3477 1429 3507 Bainheriis
1442 3500 1452 3515 ,
1474 3478 1507 3507 &
1535 3476 1660 3508 Arnaldo
1685 3476 1721 3506 de
1743 3475 1848 3506 Saneto
1869 3475 2015 3512 Martino,
2033 3474 2083 3504 sub
2105 3473 2201 3503 colore
2222 3473 2348 3505 Viciniae

1280 3516 1421 3553 Baioiiiae,
1436 3524 1532 3545 contra
1543 3515 1684 3555 Yspanos:
1942 3552 1946 3556 Ι
2001 3550 2006 3556 ,
2101 3549 2106 3554 .
2161 3550 2166 3555 ι
2212 3549 2218 3555 ¹

1320 3555 1382 3593 Qii
1394 3554 1536 3593 johannes
1548 3555 1581 3585 &
1596 3552 1748 3591 Amardus,
1762 3562 1821 3583 non
1834 3552 1894 3583 sunt
1909 3551 2007 3581 Vicini
2021 3548 2107 3593 nostri
2121 3548 2264 3594 Baiomae,
2271 3551 2345 3590 ymo

1280 3592 1341 3624 sunt
1357 3593 1475 3623 totaliter
1490 3601 1565 3622 extra
1577 3601 1680 3630 partes,
1689 3594 1722 3622 &
1735 3604 1750 3622 a
1763 3591 1857 3621 nostr&
1873 3589 1985 3631 Vicinizi
1998 3588 2097 3626 alieni,
2111 3588 2192 3618 nobis
2206 3588 2345 3618 Baionen-

1280 3633 1366 3669 libus,
1381 3640 1512 3670 tanquam
1527 3631 1636 3662 Amicis
1650 3640 1750 3661 eorum
1766 3630 1798 3659 &
1821 3629 1905 3671 caris,
1919 3625 2099 3665 significantes
2119 3649 2128 3665 ,
2157 3626 2234 3665 quod
2254 3627 2345 3657 Terra

1281 3671 1433 3708 praedic'ta,
1448 3678 1547 3700 vocata
1563 3669 1729 3708 Biscaye,&
1744 3668 1820 3697 locus
1833 3666 1955 3711 ejusdem
1970 3665 2068 3695 Terrae
2085 3664 2221 3709 Beijmeyo
2234 3674 2345 3696 nuncu-

1282 3718 1373 3746 patus,
1388 3709 1447 3739 sunt
1462 3710 1516 3739 suae
1530 3708 1726 3745 jurisdictionis
1745 3707 1778 3735 ὃ(
1795 3704 1954 3746 (1111116103,
1974 3704 2006 3734 &
2028 3704 2104 3741 quod
2127 3714 2156 3733 in
2178 3704 2271 3742 aliquo
2284 3712 2345 3733 non

1280 3747 1341 3777 sunt
1357 3750 1392 3777 de
1408 3747 1512 3786 Regno
1526 3746 1672 3782 Castellae,
1690 3754 1745 3774 1166
1765 3744 1821 3780 ipie
1843 3742 1905 3772 Rex
1924 3742 2008 3772 ullam
2029 3743 2112 3772 habet
2120 3742 2348 3781 jurisdictionem

1282 3786 1390 3822 inhibi,
1403 3795 1455 3814 nec
1470 3784 1645 3820 (1ίῆ11610014
1664 3781 1739 3820 quod
1756 3791 1850 3812 revera
1864 3782 1893 3811 in
1911 3780 1937 3810 se
1951 3781 2076 3811 continet
2098 3781 2257 3812 veritatem:

1320 3824 1400 3854 Nam
1421 3823 1468 3852 6111
1492 3832 1558 3852 60111
1578 3832 1629 3851 nos
1650 3820 1790 3851 Guerram
1806 3820 1983 3851 habuerimus
1998 3829 2068 3850 cum
2083 3819 2219 3858 Yspanis,
2233 3829 2292 3850 tem

1283 3864 1358 3893 ribus
1380 3861 1540 3897 retroactis,
1561 3859 1619 3898 illi,
1633 3860 1680 3897 qui
1695 3867 1772 3889 erant
1783 3858 1818 3888 de
1837 3857 1991 3898 ssermeyo,
2013 3857 2106 3889 secure
2123 3859 2271 3889 veniebant
2332 3873 2347 3900 ‘.

1284 3903 1374 3938 ionae,
1394 3899 1438 3929 sua
1461 3898 1655 3928 MercImonia
1669 3897 1839 3935 deferentes,
1857 3897 1908 3935 &‚
1925 3906 1993 3927 cum
2012 3897 2217 3935 reperiebantur
2229 3898 2260 3927 in
2277 3903 2347 3926 man

1284 3950 1334 3978 per
1350 3937 1512 3974 Nostrates,
1527 3936 1707 3967 dimittebant
1730 3946 1776 3966 eos
1790 3935 1946 3966 incolumes
1958 3935 2088 3966 recedere
2106 3936 2139 3967 δε
2158 3936 2244 3966 abire.
2327 3970 2333 3976 ι

1323 3978 1421 4017 Qare
1439 3975 1541 4011 Regiae
1558 3974 1657 4006 vestrae
1675 3974 1814 4012 Majestati
1831 3974 1997 4005 reverentius
2009 3974 2251 4013 supplicamus,ut
2263 3971 2349 4002 vobis

1285 4027 1346 4048 non
1364 4016 1469 4054 placeat
1486 4013 1551 4045 tales
1568 4011 1701 4045 Marchas
1719 4013 1884 4044 Dominum
1901 4012 2088 4045 Senescauum
2106 4011 2231 4046 vestrum
2248 4009 2353 4077 Vasa-⁰}
