2562 4279
214 111 263 162 58

62 226 140 258 Ami.
154 223 195 255 D.

60 273 178 339 '3232’
211 277 238 304 *ἓ
265 277 320 313 Ad
339 281 472 323 Papam,
490 275 580 322 sitper
604 272 766 330 Poffiffione.
785 278 941 332 Prioratrts
963 273 998 307 de
1013 277 1126 309 Monte
1145 276 1266 316 Aemo,

62 343 80 358 ο
98 345 150 369 IV.
451 335 553 356 contra
571 326 695 356 Petrum
706 349 717 365 ‚
741 335 807 362 cyr.
828 322 1033 357 Cardmalem.

60 382 130 445 ‘3163
142 426 168 453 5.
214 409 358 471 PAPAE
377 408 442 439 Rex
454 407 557 438 devota
567 406 682 439 Pedum
695 407 790 439 oscula
802 408 962 439 beatorum.

58 461 90 483 Ε.
113 465 139 493 3.

302 450 422 486 Quanto
438 447 537 485 majori
547 445 684 478 desiderio
696 447 748 478 sub
761 446 921 477 commisso
936 447 1019 478 nobis
1032 454 1163 485 optamus
1178 441 1268 481 Regi-

59 498 132 521 Rom.
151 501 177 527 5.
213 488 290 517 mine
306 486 425 517 Cultum
437 484 538 515 Divini
552 484 693 515 Nominis
705 486 739 517 ὃς
755 485 913 524 Religionis
923 486 1129 518 observantiam
1150 483 1270 520 adauge-

59 536 90 559 E.
118 541 143 568 3,
212 525 252 563 ri,
271 535 301 556 ut
322 525 435 555 Divinis
457 523 611 561 mancipati
625 523 793 562 Obsequiis,
812 534 865 561 pro
877 523 975 554 nostra
985 525 1176 562 omniumque
1191 520 1270 564 Salu-

59 579 97 597 m,
112 579 140 605 5,
213 573 259 602 te,
277 575 292 594 a
309 561 455 593 mundanis
469 563 719 599 perturbationibus
732 562 882 601 segregati,
900 564 937 593 eo
951 563 1100 601 devotius,
1116 571 1174 600 quo
1188 569 1268 597 quie-

209 603 280 641 tius,
296 601 399 632 Preces
413 600 527 631 assiduas
540 602 574 631 &
588 600 854 631 HostiasvDomino
868 600 936 631 Deo
952 601 1051 632 nostro
1065 600 1188 631 offerant
1199 598 1268 630 salu-

207 648 277 671 tares
287 649 380 677 ,tanto
396 639 543 670 molestius
557 639 671 670 ferimus
686 639 757 670 dum
769 649 872 670 eorum
884 640 1080 678 quietudinem
1099 639 1181 671 novis
1196 649 1269 669 con-

204 679 334 717 spicimus
350 678 608 716 Adinventionibus
623 678 786 719 perturbari.

244 717 367 748 Dudum
382 716 519 755 siquidem
529 739 538 755 ,
554 716 636 747 Pater
647 716 966 755 Sanctiffimeflacante
978 715 1108 746 Prioratu
1122 715 1158 745 de
1173 714 1266 746 Mon-

205 763 234 786 te
250 756 347 787 Acuto
365 756 428 794 (qui
440 755 481 793 de,
491 755 712 795 Progenitorum
724 754 887 785 nostrorum
902 754 1094 792 Fundafione,
1111 755 1146 785 δε
1164 754 1264 785 nostro

198 793 322 824 existere
336 794 491 825 dinoscitur
504 794 668 831 Patronatu)
686 793 843 833 Religiosus
855 792 924 830 Vir,
942 795 975 824 ὃς
992 792 1090 823 Nobis
1104 794 1131 822 in
1147 792 1264 824 Christo

203 832 339 871 diledms,
356 832 452 864 Frater
475 832 657 863 Guichardus
677 832 714 862 de
729 832 787 870 Jou
799 855 808 870 ,
827 831 990 861 Monachus
1009 831 1125 862 Ordinis
1147 831 1264 862 Clunia-

203 871 310 910 censis,
328 870 410 902 clasae
434 873 601 909 memoriae,
620 871 755 901 Genitori
776 869 876 900 nostro
899 869 933 900 ad
947 870 1070 900 eundern
1084 868 1264 909 Prioratum,

202 919 253 947 per
267 918 335 940 tunc
348 909 492 940 Abbatem
506 909 720 939 Cluniacensem
729 933 739 944 ,
757 909 919 938 nominatus
931 908 1036 946 extitit,

196 946 202 949 “
242 947 280 978 Et
297 971 306 987 ‚
325 957 410 987 prout
430 948 489 978 fieri
507 948 621 985 assolet,
639 947 762 986 ejusdem
785 946 932 976 Genitoris
952 946 1039 977 nostri
1060 947 1265 978 interveniente

206 985 341 1025 Assensu,
360 988 388 1016 in
407 986 527 1025 ejusdem
549 986 605 1015 loci
627 985 757 1016 Priorem
780 984 919 1016 admiss'us
930 985 985 1016 fuit
998 1007 1008 1023 ,
1027 985 1060 1016 &
1082 985 1265 1024 Temporalia

205 1025 328 1063 ejusdem
351 1026 491 1057 Prioratus
506 1049 515 1062 ,
545 1033 580 1055 ex
600 1023 764 1055 liberatione
785 1023 855 1054 diCti
876 1023 1024 1054 Genitoris
1045 1023 1155 1062 nostri,
1188 1025 1264 1062 opti-

194 1073 269 1095 nuit

244 1087 286 1133 Et³
303 1103 362 1132 tam
384 1101 432 1139 ipsi
453 1100 588 1131 Genitori
609 1099 708 1131 nostro
723 1123 732 1139 ‚
752 1101 838 1138 quam
859 1100 958 1130 Nobis
982 1100 1171 1138 postmodum
1188 1126 1197 1139 ,
1217 1101 1265 1132 Fi-

203 1140 344 1208 ‹slclitatem
359 1141 483 1170 debitam
496 1140 581 1178 fecit,
599 1148 682 1178 prout
695 1140 760 1170 totis
775 1140 917 1170 retroaffls
931 1140 1104 1177 temporibus
1119 1139 1176 1170 fieri
1192 1150 1265 1171 con-

217 1189 291 1209 uevit

204 1257 210 1261 ι
242 1202 346 1286 ὃίεέῗε
358 1217 518 1248 Prioratum
532 1216 610 1248 illum
622 1217 680 1256 jam
697 1215 844 1254 perlonga
863 1224 990 1254 tempora
1009 1217 1115 1254 tenuit,
1133 1217 1166 1248 &
1185 1225 1263 1249 tenet

202 1266 233 1286 in
268 1266 306 1286 rae
318 1264 388 1286 enti:

238 1266 362 1333 fiamque
380 1294 463 1325 nobis
485 1293 601 1324 relatum
622 1293 663 1324 est
681 1303 695 1323 a
709 1292 849 1323 nonnullis
884 1292 958 1332 uod,
975 1292 1148 1324 Venerabilis
1163 1294 1261 1335 Pater,

201 1331 349 1363 Dominus
374 1333 406 1363 P.
427 1333 517 1363 Tituli
538 1332 631 1363 Sancti
655 1331 787 1369 Stephani
807 1332 837 1361 in
887 1332 956 1362 oelio
986 1331 1093 1362 Monte
1121 1331 1259 1364 Presbiter

203 1369 374 1410 Cardinalis,
393 1380 527 1410 praetexm
548 1370 686 1409 cujusdam
710 1370 879 1401 Pi'ovisionis
894 1393 903 1409 ,
919 1370 970 1400 sibi
992 1380 1007 1400 a
1028 1370 1122 1401 vestra
1141 1371 1259 1402 liberali-

203 1417 258 1440 tate
278 1411 360 1441 faetae
381 1412 416 1440 de
437 1410 563 1440 Prioratu
585 1408 737 1451 praedi&o,
757 1408 927 1446 praedic‘tum
948 1408 1164 1448 Guicliardum,
1180 1411 1258 1448 super

203 1447 379 1480 Posseffione
397 1448 463 1478 dic‘lti
483 1447 642 1486 prioratus,
662 1457 710 1485 per
731 1447 879 1478 Processus
901 1449 1011 1486 varios,
1027 1449 1055 1477 iii
1071 1447 1172 1479 vestrae
1188 1450 1258 1480 San-

146 1488 148 1491 '
203 1486 302 1518 &itatis
323 1486 429 1525 Curia,
447 1487 580 1524 inquietat
601 1486 791 1524 multipliciter
810 1486 843 1516 &
859 1485 1005 1525 molestat,
1024 1496 1056 1516 ac
1073 1488 1151 1517 variis
1166 1487 1260 1528 fatigat

200 1524 341 1556 laboribus
354 1526 386 1556 δε
407 1525 529 1563 expensis
543 1547 552 1562 ,
570 1526 599 1554 in
612 1524 833 1555 diminutionem
851 1523 1095 1556 Eleemolinarurn
1109 1527 1138 1555 in
1154 1527 1257 1558 eodem

201 1563 329 1595 Prioratu
366 1574 414 1602 per
428 1564 520 1593 diffitos
535 1563 732 1603 Progenitores
747 1563 859 1594 nostros
875 1562 1052 1594 stabilitarum
1062 1588 1071 1602 ,
1090 1564 1123 1595 δε
1145 1564 1259 1603 depres-

199 1602 308 1634 sionem
324 1587 416 1633 S'tatfis
430 1601 551 1641 ejusdem
563 1601 738 1632 manifestam
747 1625 756 1640 ,

233 1641 302 1673 Nos
314 1643 411 1681 igitur,
430 1642 478 1679 qui
491 1640 659 1671 Defenlioni
672 1640 791 1677 ejusdem
799 1639 941 1671 Prioratus
956 1639 1152 1680 astringimur,

235 1680 454 1712 Considerantec
473 1689 534 1710 non
554 1679 611 1709 effe
640 1680 798 1709 consonum
820 1680 920 1709 rationi
948 1679 1027 1717 quod
1057 1680 1090 1710 ad
1112 1679 1256 1720 Regimen

197 1718 341 1751 Prioratfis
354 1717 483 1757 praediffi
506 1717 566 1756 (ubi
587 1715 757 1748 Conventus
778 1716 837 1755 est,
853 1717 886 1748 δε
910 1717 1057 1756 Regulai‘is
1071 1717 1256 1751 Observantia

198 1759 295 1798 vigere
317 1756 481 1794 dinoscitur)
502 1756 614 1794 aliquis,
632 1756 680 1794 qui
702 1755 918 1786 Observantiam
939 1756 1096 1796 Religionis
1117 1757 1255 1795 professus

198 1806 259 1827 non
273 1797 375 1834 fiierit,
394 1794 559 1834 praeficiatur
573 1794 678 1824 ibidem
692 1795 720 1823 in
738 1793 887 1831 Priorem,

236 1835 305 1865 Nec
320 1834 408 1864 visum
423 1833 464 1863 est
477 1833 620 1870 hucuique
633 1834 662 1862 in
676 1832 781 1871 Regno
793 1831 910 1870 nostro,
929 1831 1010 1870 quod
1022 1831 1198 1865 Provifiones
1207 1835 1255 1866 ali-

197 1884 280 1912 quae,
307 1873 342 1903 de
363 1871 520 1910 hujusmodi
542 1871 710 1901 Prioratibus
730 1870 964 1910 Monachorutn,
981 1871 1065 1902 faetae
1079 1871 1193 1905 fuerunt
1206 1875 1255 1905 ali-

197 1913 298 1951 quibus
313 1911 488 1949 temporibus
502 1909 660 1947 retroaffls,

234 1949 395 1980 Paternirati
408 1948 508 1980 vestrae
523 1948 625 1986 quanta
640 1947 785 1986 possumus
799 1946 970 1986 affe-itione,
988 1948 1175 1987 supplicamus
1186 1961 1255 1990 qua-

195 1989 269 2019 tinus
281 2011 290 2026 ‚
307 1987 340 2017 ad
360 1987 501 2026 praerniffa
520 1987 650 2026 benignae
670 1986 898 2017 considerationis
912 1987 1044 2017 intuitum
1058 1990 1253 2029 porrigentes,

215 2026 310 2057 rxfato
330 2025 470 2056 Cardinali
485 2047 494 2063 ‚
513 2033 542 2056 ut
561 2026 599 2055 ab
621 2023 827 2063 Inquietatione
847 2025 953 2065 praefati
972 2024 1077 2056 Prioris
1089 2051 1099 2065 ,
1117 2037 1254 2064 praetextu

220 2065 365 2096 rovisionis
379 2064 558 2103 supradiche,
576 2065 697 2094 omnino
718 2062 843 2101 desistat,
860 2064 1006 2103 injungere
1027 2065 1135 2104 velitis,
1152 2069 1255 2107 praeci-

192 2104 249 2141 pue
270 2113 327 2143 pro.
343 2103 500 2141 Scandalis,
517 2112 581 2141 quae
600 2101 702 2132 exinde
720 2102 906 2134 verisimiliter
925 2102 1000 2141 sequi
1021 2113 1153 2141 poterunt
1167 2130 1177 2144 ,
1195 2107 1254 2138 evi-

193 2143 298 2181 tandis3
319 2143 381 2181 quia
395 2152 456 2172 non
470 2141 550 2173 decet
583 2151 637 2172 nec
651 2141 784 2172 sustinere
796 2142 948 2179 poterimus
957 2141 1054 2179 ,quod
1067 2143 1164 2181 aliquis
1170 2143 1255 2176 Con-

192 2182 289 2211 ventui
309 2180 447 2220 praedieto
469 2164 610 2218 praesideat
623 2204 632 2218 ,
658 2181 707 2218 qui
729 2179 903 2219 Regularem
924 2181 1012 2210 vitam
1033 2181 1169 2218 professus
1192 2194 1254 2215 non

192 2219 293 2259 fuerit,
311 2221 344 2252 &
359 2220 473 2251 noverit
487 2219 726 2251 Observationum
739 2218 927 2259 Regularium
941 2217 1134 2258 Disciplinam.

233 2296 412 2336 Conservet-²
431 2297 494 2329 δίς.

230 2372 322 2404 Teste
336 2373 418 2413 Rege
429 2373 504 2412 apud
520 2373 643 2413 Langele
652 2396 662 2412 ‚
677 2373 784 2404 octavo
798 2372 843 2404 die
857 2373 1007 2404 Februarii.

290 2495 349 2529 Ad
364 2495 477 2529 diflum
500 2495 692 2530 Cardinalcm
704 2523 714 2539 ‚
733 2496 823 2543 fitper
834 2495 989 2542 Poffiffione
1001 2496 1156 2543 praediffa.

194 2581 400 2643 VEnerabili
414 2583 442 2611 in
456 2580 573 2612 Christo
589 2580 664 2612 Patri
695 2581 830 2611 Domino
843 2580 874 2611 P.
889 2580 948 2612 Dei
982 2582 1065 2622 tatia,
1084 2584 1251 2615 TituliSan-

277 2621 316 2651 &i
333 2620 465 2658 Stephani
481 2622 510 2650 in
523 2619 624 2650 Coelio
640 2604 764 2658 M'onte,
783 2619 943 2650 Presbitero
994 2622 1124 2660 ardinali,
1144 2623 1251 2654 Amico

190 2659 244 2689 suo
256 2659 416 2697 cariffimo,
434 2658 603 2696 Edwardus,
618 2658 738 2697 ejusdem
752 2658 856 2698 gratia,
873 2659 934 2689 &c.
955 2659 1096 2699 Salutem,
1114 2661 1148 2692 &
1163 2662 1253 2692 lince-

193 2707 233 2728 1·ae
246 2698 403 2728 dilectionis
415 2696 560 2727 affeetum.

230 2736 288 2767 Etsi
308 2736 393 2767 vestri
414 2736 541 2766 Honoris
554 2736 587 2766 δε
602 2734 789 2766 Profe6mum
804 2736 978 2767 incrementa
992 2736 1099 2768 sincero
1114 2736 1252 2769 desidere-

190 2782 257 2805 mus
270 2774 374 2806 affeetu
383 2798 392 2813 ,
410 2774 533 2812 impensa
546 2773 644 2804 Nobis
657 2784 673 2803 a
687 2774 779 2804 vestra
794 2773 961 2804 Dilestione
974 2775 1106 2814 obsequia
1120 2786 1252 2807 contem-

192 2812 314 2852 plando,
329 2814 356 2843 in
373 2814 422 2843 hiis
438 2822 550 2851 tamen,
569 2823 632 2851 quae
645 2823 660 2842 a
675 2813 786 2843 rationis
797 2813 907 2843 tramite
919 2813 1031 2844 deviare
1052 2814 1199 2853 videntur,
1215 2816 1250 2847 &

191 2850 310 2889 Nobis,
327 2862 360 2882 ac
370 2852 431 2888 Jiiri
444 2851 572 2882 Coronae
585 2851 705 2889 nostrae,
723 2851 971 2882 animadvertimus
985 2852 1088 2883 cedere
1101 2854 1132 2883 in
1151 2854 1252 2892 praeju-

191 2889 301 2920 dicium
323 2889 517 2927 manifestum,
534 2892 655 2920 annuere
674 2899 734 2920 non
756 2889 902 2927 poffumus
922 2895 997 2921 votis
1020 2891 1134 2930 vestris,
1151 2893 1190 2922 set
1202 2903 1250 2923 ur-

192 2936 280 2965 gente
294 2929 428 2965 cogimur
443 2927 628 2958 Conscientia
642 2926 899 2965 Circumipectioni
911 2929 1012 2960 vestrae
1021 2953 1031 2968 ,
1050 2931 1129 2969 quod
1145 2931 1250 2962 incor-

190 2966 229 2996 de
263 2968 382 3004 erimus,
400 2968 514 3004 aperire.

229 2975 353 3035 &udum
373 3005 526 3043 liquidem,
542 3012 659 3035 vacante
677 3004 806 3035 Prioratu
829 3005 864 3035 de
884 3005 994 3037 Monte
1018 3006 1132 3046 Acuro,
1151 3010 1199 3046 qui
1213 3007 1250 3039 de

189 3041 408 3082 Progenitorum
423 3043 586 3074 nostrorum
601 3042 782 3081 fundatione,
800 3044 833 3074 δε
849 3043 945 3075 nostro
960 3044 1077 3076 existere
1097 3046 1248 3078 dinoscitur

190 3080 360 3121 patronatu,
376 3081 534 3119 Religiosus
554 3081 573 3101 *Ε
592 3080 660 3119 Vir,
678 3082 711 3111 &
727 3082 809 3111 nobis
822 3083 851 3111 in
866 3082 984 3113 Christo
998 3084 1132 3124 dilestuS,
1151 3085 1247 3117 Frater

190 3119 370 3151 Guichardus
392 3121 429 3151 de
445 3120 522 3159 jou,
539 3117 598 3154 ὅγε.
618 3127 697 3157 prout
703 3120 806 3158 supra,
825 3126 937 3150 mutatis
953 3130 1124 3160 competenter
1138 3132 1249 3155 mutan-

187 3159 231 3188 dis
268 3160 348 3199 usqae
362 3159 419 3189 haec
431 3159 618 3194 verbasw'z.

229 3181 428 3228 Paternitatem
443 3197 565 3229 vestram
579 3205 729 3234 rogamuS,
747 3197 780 3227 &
795 3197 960 3235 requirimus
973 3207 1006 3228 ex
1017 3199 1140 3239 affeetu,
1156 3203 1248 3240 quati-

190 3236 244 3266 nus
267 3237 302 3266 ab
324 3236 482 3274 hujusmodi
504 3235 755 3273 Inquietationibus
777 3236 810 3266 ὃς
833 3235 1081 3268 Molestationibus
1094 3261 1103 3276 ‚
1127 3240 1247 3276 praefato

190 3272 299 3313 Priori,
317 3275 396 3312 super
408 3274 485 3305 Statu
499 3274 548 3304 suo
557 3296 567 3312 ‚
585 3275 614 3304 in
626 3273 753 3304 Prioratu
768 3273 907 3311 praedicto
915 3275 1070 3312 ,praemissa
1083 3277 1245 3315 occasione,

189 3312 358 3351 inferendis,
374 3314 497 3343 omnino
515 3312 645 3342 delistere
664 3312 769 3350 velitis,
786 3313 856 3342 crim
878 3322 939 3342 non
958 3313 1072 3352 deceat,
1090 3323 1121 3345 ut
1146 3315 1247 3346 Nobis

189 3351 282 3382 visum
303 3350 344 3382 est
356 3375 366 3389 ,
385 3351 465 3389 quod
485 3351 581 3388 aliquis
599 3350 679 3381 dieto
702 3350 841 3381 Prioratui
860 3351 1001 3388 praesideat
1014 3375 1023 3390 ,
1040 3353 1090 3389 qui
1109 3353 1247 3390 professus

188 3397 249 3419 non
263 3389 347 3420 fuerit
361 3388 505 3420 Ordinem
522 3389 744 3427 Monachalem,
761 3399 816 3419 nec
830 3391 1025 3426 aequanimiter
1037 3391 1171 3422 sustinere
1192 3402 1246 3430 po-

188 3429 303 3458 terimus
318 3428 399 3467 quod
415 3427 592 3458 Provisiones
606 3428 642 3457 de
656 3427 815 3466 hujusmodi
829 3427 1013 3466 Prioratibus,
1031 3429 1080 3459 ubi
1099 3429 1246 3469 Regularis

188 3467 263 3504 viget
278 3467 478 3504 Observantia,
495 3465 561 3496 fiant
573 3466 651 3497 aliter
665 3467 752 3505 quam
766 3467 940 3505 temporibus
955 3466 1180 3505 Progenitorum
1193 3479 1248 3500 no-

190 3502 314 3536 strorum
328 3505 387 3536 fieri
401 3506 555 3536 consuevit.

45 2597 122 2628 Ann.
131 2595 172 2628 D.

66 2645 151 2676 1331.

71 2686 95 2701 n.
110 2683 137 2711 ς.

41 2721 147 2778 ιε’ῑαζὶη.

43 3081 58 3097 ”
76 3082 131 3111 iv.

41 3129 110 3155 470·

223 3578 291 3611 Dat.
307 3591 338 3613 ut
349 3582 437 3621 supra.

143 3749 150 3756 ‚
438 3720 532 3764 Super
550 3717 753 3764 Adqufitione
769 3716 860 3752 Feoa'i
873 3715 1004 3752 Nobilis.

41 3767 84 3791 Aa
113 3780 146 3875 ’ἑ-
192 3800 333 3868 REX,
349 3803 505 3836 Senescallis
524 3807 576 3837 suis
595 3807 742 3838 Vasconiae
762 3808 796 3839 &
817 3806 996 3847 Landarum,
1011 3807 1060 3846 qui
1072 3817 1150 3839 nunc
1163 3807 1244 3848 sunt,

42 3840 109 3875 z'asc.
276 3840 319 3868 vel
335 3844 382 3878 qui
396 3853 449 3879 pro
462 3852 591 3882 tempore
602 3854 702 3885 erunt,
720 3846 853 3877 Salutem.

41 3880 73 3904 Ε,
84 3886 109 3913 3.
118 3888 154 3907 m.
230 3875 360 3919 Relatum
374 3880 414 3909 est
430 3883 512 3912 nobis
525 3893 540 3912 a
554 3884 712 3922 nonnullis,
731 3884 826 3923 quod,

43 3925 90 3943 20.
231 3914 330 3951 Licet,
348 3915 384 3961 de
397 3917 619 3959 consuetudine,
637 3924 667 3952 in
679 3922 794 3957 Ducam
808 3922 962 3961 praedidro,
979 3922 1113 3954 haitenus
1125 3922 1243 3961 optenta

191 3952 225 3982 &
237 3953 406 3997 approbata²
421 3965 479 3985 non
491 3958 571 3988 liceat
586 3960 666 3990 alicui
683 3959 822 4000 Ignobili‚
831 3960 961 3991 Feodum
968 3960 1084 3994 Nobile
1094 3961 1125 3992 in
1138 3960 1244 3992 eodem

188 3989 306 4022 Dueatu
319 3990 483 4032 adquirere,
499 3995 554 4026 fine
567 3996 699 4030 Licentia
713 3997 810 4030 nostra
823 3998 949 4037 speciali,

94 3811 106 3837 3

668 98 1473 149 CONVENTIONES,
1527 98 1917 147 LITERAE,

1345 186 1515 217 Guilielmus
1536 185 1651 224 Arnaldi
1672 186 1708 217 de
1730 186 1849 217 Brokars
1866 186 1902 216 de
1923 184 2002 215 Seint
2015 184 2119 224 Sever,
2137 187 2185 226 qui
2199 187 2236 219 de
2249 188 2365 221 Genere
2374 193 2450 228 Αῃη,
2466 200 2499 234 D

1310 223 1437 262 Ignobili
1456 224 1560 263 existit,
1580 233 1609 256 ut
1628 225 1748 264 dicitur,
1767 225 1966 255 nichilominus
1989 232 2079 254 totam
2100 224 2222 257 Terram
2235 227 2272 258 de
2284 229 2362 260 Seint
2396 230 2468 278 1331
2498 227 2508 236 ”

1309 264 1438 302 Satrian,
1455 265 1489 295 &
1509 273 1599 295 totam
1618 263 1740 293 Terram
1757 264 1794 294 de
1814 263 1979 300 Gnauzon,
1995 262 2032 292 de
2051 262 2130 292 Seint
2149 263 2254 305 Barbe,
2268 268 2305 298 =&
2325 268 2362 298 de
2376 270 2439 304 Ea'v'
2461 289 2478 315 3

1309 301 1452 340 Sanboer,
1471 312 1537 341 quae
1548 303 1611 333 sunt
1622 301 1658 332 de
1670 301 1788 332 Baronifi
1803 301 1840 332 de
1854 301 1944 331 Mont
1957 300 2113 339 Guaffiarr,
2129 301 2166 332 de
2186 302 2362 343 Reymundo
2434 300 2440 305 ”
2483 302 2488 312 ”

1309 339 1475 379 Gullielmi,
1494 340 1627 371 Domino
1646 340 1681 370 de
1701 339 1814 370 Marsan
1835 339 1978 378 (Licentia
1997 338 2108 377 nostra,
2125 340 2171 371 seu
2190 341 2364 380 Progenito-

1308 388 1373 409 rum
1388 379 1568 418 nostrorum,
1586 380 1665 419 super
1683 379 1739 409 boc
1761 388 1822 409 non
1839 377 1968 417 optenta)
1993 387 2081 415 nuper
2102 377 2250 417 adquisivit
2264 392 2364 415 contra

1306 416 1551 449 Consuetudinem
1565 417 1749 455 supradictam
1758 441 1767 454 ,

1347 455 1432 494 Nos,
1449 457 1575 488 volentes
1587 457 1647 487 fieri
1659 457 1689 486 in
1704 457 1757 486 hac
1771 464 1862 494 parte,
1901 452 1962 485 uod
1976 453 2013 485 de
2023 453 2092 492 Jure
2105 454 2186 488 fuerit
2193 455 2354 492 faciendum

1307 494 1391 524 vobis
1411 494 1576 526 mandamus
1595 495 1693 539 quod,
1711 494 1804 524 habita
1824 494 1860 523 de
1911 492 2095 537 onsuetudine
2108 493 2264 532 supradicta
2275 486 2366 530 infor-²

1308 533 1433 563 matione
1444 534 1582 571 pleniori,
1600 537 1621 564 ii
1631 534 1714 565 vobis
1726 532 1856 564 constare
1867 539 1972 570 poterit
1983 531 2122 569 praemiffa
2135 531 2282 566 veritatem
2289 533 2363 568 o‘on-

1308 571 1415 609 tinere‚
1432 580 1501 603 tunc
1519 572 1648 610 ulterius,
1667 571 1806 641 proCJDure
1828 570 1945 615 nostro,
1963 570 1993 600 in
2012 569 2065 614 liae
2078 577 2155 615 parte
2168 571 2229 604 fieri
2239 573 2363 616 faciatis,

1308 608 1555 679 ςιζοᾋῑςωιέἀυω
1570 610 1660 641 Foros
1674 612 1708 642 ὃς
1766 609 1941 641 nsuetudines
1954 616 2075 647 partium
2085 610 2195 642 illarum
2207 608 2270 644 fore
2283 614 2362 648 vide-

1306 656 1363 678 ritis
1404 658 1466 679 cien
1488 658 1546 680 um.

1343 723 1411 755 Dar.
1424 723 1499 763 apud
1510 720 1652 765 LangeIe,
1669 725 1784 757 decimo
1800 724 1846 757 die
1861 725 2013 756 Februarii.

1409 849 1468 880 Pro
1491 848 1605 879 Comite
1619 845 1817 880 Richmondiae
1835 846 1871 881 de
1890 850 2043 896 Homagio
2060 849 2254 895 respeffando.

1305 929 1436 988 REX,
1456 930 1576 962 Dilecto
1588 932 1620 962 &
1633 931 1721 962 Fideli
1734 932 1802 971 suo,
1819 932 1930 964 Simoni
1941 932 1978 965 de
1992 933 2294 973 BerefordAEscaetorx
2300 936 2362 969 Re-
2377 944 2445 978 An„
2461 947 2495 980 D

1377 978 1417 1007 gis
1433 970 1502 1000 ultra
1515 970 1673 1008 Trenram,
1691 970 1825 1001 Salutem.
2395 994 2407 1015 1
2447 972 2467 1017 '1
2496 973 2503 980 ”

1344 1006 1495 1050 Volentes‚
1513 1008 1620 1040 diiecto
1640 1008 1862 1048 Consanguineo
1879 1010 1913 1040 &
1933 1009 2022 1042 Fideli
2043 1011 2144 1044 nostro
2159 1037 2169 1050 ,
2183 1012 2308 1052 Johanni
2324 1015 2361 1047 de
2374 995 2448 1052 An33
2473 1011 2481 1018 ⁸

1304 1043 1444 1077 Britannia
1459 1070 1469 1086 ‚
1493 1046 1607 1078 Comiti
1626 1046 1845 1078 Richemundiae
1866 1047 1932 1085 (qui
1955 1049 1985 1078 in
2005 1050 2143 1089 obsequio
2163 1052 2262 1084 nostro
2275 1077 2284 1092 ,
2310 1065 2360 1092 per
2373 1067 2394 1089 Ε
2418 1047 2424 1054 ’
2442 1036 2470 1062 5⁸

1304 1082 1654 1155 Praecfipmmsnostaium’
1670 1087 1699 1116 in
1720 1086 1843 1124 partibus
1861 1086 2046 1118 transmarinis
2065 1098 2176 1121 moram
2190 1091 2268 1130 facit)
2285 1092 2360 1124 Gra·
2376 1073 2462 1139 clazs.
2470 1113 2490 1139 5

1303 1129 1370 1152 tiam
1412 1134 1476 1154 cere
1519 1135 1562 1155 eci
1588 1134 1635 1155 em
2493 1126 2499 1133 ⁸

1341 1161 1482 1194 Dedimus
1498 1136 1528 1194 {i
1547 1148 1723 1201 Respe³Ctum
1746 1162 1783 1194 de
1797 1162 1951 1201 Homagio
1961 1163 2028 1202 suo,
2044 1165 2130 1196 nobis
2143 1167 2292 1209 faciendo,
2309 1180 2364 1208 pro
2378 1144 2506 1216 ξ73αω

1302 1197 1402 1243 Terris
1415 1202 1448 1232 &
1461 1202 1667 1240 Tenementis,
1685 1211 1749 1241 quae
1759 1202 1795 1232 de
1808 1202 1892 1233 nobis
1904 1210 1998 1241 tenet,
2018 1202 2103 1241 usque
2114 1204 2150 1235 ad
2162 1205 2281 1239 Festum
2301 1209 2362 1240 Pu-

1302 1238 1464 1270 rificationis
1476 1240 1569 1272 Beatae
1583 1240 1688 1271 Mariae
1704 1240 1843 1280 Virginis,
1861 1242 1993 1280 proximo
2009 1241 2150 1273 futurum:

1338 1276 1376 1307 Et
1396 1278 1460 1308 ideo
1481 1280 1564 1310 vobis
1584 1279 1750 1310 mandamus
1771 1279 1848 1317 quod
1867 1279 1959 1310 eidem
1998 1280 2106 1311 ohanni
2125 1281 2302 1320 Respectum
2323 1286 2359 1316 il-

1299 1314 1360 1384 lgucm
1376 1317 1478 1348 habere
1489 1319 1594 1350 faciatis
1607 1319 1637 1349 in
1652 1317 1747 1350 fornia
1759 1317 1914 1358 praedicis,
1927 1318 1961 1349 ὃς
2008 1318 2241 1360 Ηὶτίᾶὶοηεῐιι,ῡ
2256 1333 2357 1363 quam,

1334 1364 1360 1384 c.

1335 1429 1424 1462 Teste
1439 1433 1523 1472 Rege
1535 1433 1609 1473 apud
1622 1433 1773 1473 Eborum,
1786 1433 1902 1465 decimo
1915 1435 2001 1465 tertio
2013 1435 2058 1466 die
2072 1434 2223 1468 Februarii.

1803 1512 1858 1542 Per
1870 1512 1964 1542 Breve
1976 1511 2009 1542 de
2023 1513 2143 1544 Privato
2153 1513 2255 1553 sigillo.

1334 1586 1448 1618 Eodem
1464 1589 1555 1620 modo
1569 1588 1735 1620 mandatum
1749 1588 1791 1619 est
1805 1588 1919 1621 Simoni
1932 1588 1967 1620 de
1980 1587 2128 1632 Grirrisby.

1295 1714 1344 1746 De
1359 1716 1454 1758 Pace,
1482 1719 1559 1748 inter
1582 1718 1691 1763 Regem
1716 1719 1752 1755 (ῤ’
1782 1714 1944 1759 Robertum
1962 1715 1999 1750 de
2017 1720 2113 1761 Brus,
2137 1727 2229 1764 nuper
2247 1720 2357 1765 Regem

1580 1768 1701 1808 Scotiae,
1726 1768 1804 1798 inita
1815 1792 1825 1809 ‚
1850 1765 2066 1810 conservanda.

1294 1846 1428 1904 REX,
1447 1847 1568 1892 Dilectis
1582 1849 1616 1880 &
1630 1849 1771 1882 Fidelibus
1784 1850 1854 1889 suis,
1872 1850 2051 1890 willielmo,
2069 1850 2168 1883 eidem
2230 1851 2286 1890 tia,
2302 1850 2359 1882 Ar·
2373 1847 2492 1882 ΑΜΒ.

1369 1886 1555 1929 chiepiscopo
1569 1887 1718 1927 Eborum,
1733 1889 1780 1921 An
1801 1890 1845 1920 liae
1858 1888 1990 1929 Primati,
2010 1890 2172 1922 Willielrno
2211 1891 2277 1922 riori
2290 1889 2356 1920 Du—
2395 1897 2480 1929 1331.

1295 1922 1451 1964 nolmenii,
1468 1925 1600 1958 Henrico
1613 1927 1648 1958 de
1663 1927 1771 1967 Percy,
1820 1936 1911 1965 ogero
1924 1928 2046 1968 Heyron
2084 1929 2218 1960 Gilbeito
2239 1929 2276 1960 de
2296 1928 2356 1959 Bo·
2371 1930 2423 1956 An.
2441 1937 2471 1964 5·

1294 1962 1428 2001 rondon,
1443 1964 1579 1996 Roberto
1589 1965 1626 1996 de
1638 1965 1805 2005 Homcliff,
1822 1966 1983 1998 Willielrno
1995 1967 2033 1998 de
2053 1954 2192 2006 Denum,
2206 1966 2356 1999 Richardo
2370 1970 2401 1993 Ε·
2423 1975 2450 2004 3-

1294 1998 1331 2030 de
1343 2001 1527 2042 Aldeburgh,
1543 2004 1576 2035 &
1589 2003 1662 2035 Adae
1675 2003 1710 2035 de
1724 2005 1854 2043 Boghes,
1870 2004 2002 2036 Salutem.
2300 2036 2304 2039 ,
2371 2007 2465 2041 1²2³·5·
2475 2008 2505 2034 P..

1333 2038 1383 2071 De
1396 2041 1542 2074 Fidelitate
1556 2043 1590 2074 &
1603 2041 1868 2082 Circumspeffione
1880 2043 1971 2075 vestra
1984 2044 2093 2082 plenius
2106 2042 2300 2081 confidentes,
2316 2054 2358 2074 as-
2374 2053 2399 2079 3.
2408 2050 2434 2081 p.
2444 2053 2454 2071 1
2462 2053 2505 2074 ιιι.

1294 2076 1463 2117 signavimus
1478 2091 1547 2118 vos,
1564 2081 1666 2121 Οᾶο,
1683 2082 1817 2121 Septem,
1835 2082 1908 2121 Sex,
1925 2083 2083 2122 Qinque,
2103 2083 2254 2122 Qiatuor,
2267 2082 2359 2122 Tres,
2377 2082 2487 2112 28.dor.

1294 2117 1341 2148 vel
1356 2116 1443 2150 Duos
1457 2119 1603 2160 vestrum,
1616 2120 1790 2159 Justician‘os
1803 2121 1932 2159 nostros,
2416 2131 2419 2134 ·

1333 2157 1353 2177 ²¹⁵
1372 2157 1420 2189 Ad
1441 2157 1564 2198 Pacem,
1581 2159 1761 2200 interNos,
1780 2160 1815 2191 ὅτ.
1837 2159 1974 2191 Subditos
1995 2159 2125 2199 nostros,
2142 2160 2177 2192 &
2191 2159 2357 2192 Robertum
2372 2167 2392 2187 *t
2410 2168 2466 2197 nn·

1293 2194 1330 2226 de
1354 2194 1437 2241 Erus,
1452 2208 1543 2241 nuper
1561 2197 1678 2236 Regem
1699 2199 1806 2231 Scotiae
1847 2199 1881 2230 &
1899 2199 2033 2231 Subditos
2056 2199 2136 2237 suOS,
2153 2198 2301 2230 Homines
2321 2199 2358 2230 de
2376 2216 2443 2243 47¹·

1293 2234 1406 2278 Scotia,
1423 2242 1519 2267 inimm
1535 2237 1569 2268 ὅ(
1583 2237 1741 2276 firmatam,
1757 2239 1787 2269 in
1837 2239 1957 2269 omitatu
1976 2238 2220 2277 Northumbriae,
2238 2239 2270 2268 in
2292 2247 2360 2268 om-

1293 2273 1377 2304 nibus
1389 2276 1423 2304 δε
1436 2275 1546 2314 singulis
1558 2276 1610 2307 suis
1622 2276 1771 2314 Articulis,
1790 2275 1927 2308 custodiri
1940 2277 1974 2309 &
1988 2277 2130 2308 observari
2141 2276 2303 2308 faciendum
2311 2299 2322 2315 ‚

1322 2311 1375 2356 'Et‘
1391 2312 1426 2343 ad
1448 2313 1585 2354 Qerelas
1604 2317 1738 2346 omnium
1757 2316 1789 2346 δε
1813 2315 2005 2355 singulorum,
2022 2315 2059 2347 de
2079 2314 2362 2353 Transgreffionibus

1291 2349 1446 2394 aliquibus,
1465 2362 1564 2384 contra
1584 2354 1709 2385 formam
1730 2353 1810 2385 Pacis
1829 2354 1989 2393 praedie’tae,
2007 2355 2038 2385 in
2059 2353 2207 2385 Comitatu
2219 2353 2360 2392 proedicto

1291 2388 1389 2428 factis,
1407 2391 1434 2420 se
1448 2394 1586 2430 conqueri
1601 2392 1778 2432 volentium,
1794 2392 1984 2432 audiendum,

1332 2427 1371 2458 Et
1390 2428 1425 2459 ad
1441 2428 1583 2468 Justitiam
1603 2431 1710 2462 eisdem
1732 2431 2004 2471 Conquerentibus,
2021 2429 2176 2462 secundum
2197 2428 2311 2467 Legem
2323 2429 2358 2461 δε

1294 2465 1539 2500 Consuetudinem
1557 2469 1752 2501 Marchiarum
1760 2494 1769 2509 ,
1788 2470 1965 2509 faciendum,

1331 2504 1462 2538 Necnon
1474 2508 1510 2539 ad
1524 2509 1660 2548 Antiquas
1672 2509 1801 2547 Bundas,
1819 2510 1893 2539 inter
1906 2508 2043 2545 Regnum
2053 2506 2185 2537 nostrum
2197 2505 2232 2537 &
2245 2505 2357 2537 dieium

1293 2542 1432 2584 Regnum
1446 2546 1552 2578 Scotiae
1560 2570 1570 2586 ‚
1588 2549 1644 2578 una
1657 2558 1726 2578 cum
1737 2547 1916 2577 Hominibus
1928 2544 2083 2584 deScodi,
2101 2544 2136 2576 ad
2148 2544 2208 2576 hoc
2219 2543 2357 2585 affigmn-

1292 2583 1335 2614 dis
1367 2583 1583 2624 declarandum,
1600 2587 1635 2616 &
1650 2584 1922 2623 perambulandum,

1330 2607 1368 2651 iit
1381 2621 1416 2652 ad
1431 2622 1541 2654 ssundas
1554 2624 1588 2654 sc
1600 2623 1727 2662 Divisa,
1745 2624 1818 2653 inter
1832 2622 1907 2653 dicia
1921 2621 2039 2661 Regna,
2054 2621 2106 2652 ubi
2119 2619 2232 2653 neceffe
2254 2620 2357 2660 nera,

1291 2658 1329 2690 de
1339 2659 1436 2690 Novo
1448 2661 1608 2692 faciendum
1616 2686 1625 2700 ‚

1329 2697 1368 2729 Et
1379 2698 1413 2728 ad
1429 2698 1516 2738 Nos,
1533 2700 1570 2731 de
1582 2699 1686 2731 Bundis
1697 2700 1732 2732 &
1747 2698 1853 2731 Divisis
1861 2698 1915 2739 ,de
1929 2699 2030 2738 quibus
2045 2698 2223 2730 concordare
2233 2707 2295 2729 non
2301 2708 2357 2737 po-

1293 2737 1395 2775 teritis,
1413 2737 1637 2770 certificandum:

1331 2774 1369 2806 Et
1381 2775 1544 2808 ideo-vobis
1557 2778 1722 2808 mandamus
1733 2776 1810 2816 quod
1825 2776 1982 2818 praemissa,
2000 2776 2100 2807 omnia
2119 2776 2154 2807 δε
2177 2774 2217 2805 sin
2238 2774 2298 2813 ula,
2315 2773 2357 2805 fa-

1294 2815 1372 2844 ciatis
1395 2815 1429 2846 &
1442 2817 1622 2854 exequamini
1637 2818 1666 2847 in
1681 2816 1777 2847 forma
1791 2815 1927 2854 praeditsta
1936 2839 1946 2855 ,
1963 2815 2065 2845 fat‘Jturi
2076 2813 2143 2844 inde
2159 2823 2197 2852 qu
2255 2813 2290 2844 ad
2303 2812 2357 2852 Ju-

1294 2852 1396 2883 stitiam
1418 2855 1562 2894 pertinet,
1581 2854 1736 2886 secundum
1760 2854 1871 2894 Legem
1891 2854 1925 2885 &
1946 2852 2191 2884 Consuetudinem
2214 2851 2357 2883 Marchiae

1292 2891 1454 2961 R‘aedigiae,
1471 2893 1550 2924 salvis
1572 2895 1656 2925 nobis
1676 2893 1914 2925 Amerciamentis
1936 2893 1971 2925 δε
1992 2892 2065 2931 aliis,
2083 2889 2120 2922 ad
2132 2890 2203 2922 Nos
2213 2890 2281 2921 inde
2296 2890 2356 2928 spe-

1323 2938 1377 2960 asstl
1400 2941 1439 2961 US.

1331 2968 1533 3001 Mandavimus
1547 2972 1625 3002 enim
1639 2969 1816 3002 Vicecomiti
1831 2970 1933 3002 nostro
1939 2967 2105 3001 Coniimtas
2111 2965 2256 3006 praediffl,
2265 2965 2356 3011 quod,

1292 3007 1325 3038 ad
1344 3017 1436 3039 certos
1455 3009 1513 3039 dies
1532 3011 1565 3042 &
1586 3011 1648 3041 loca
1664 3034 1674 3049 ,
1692 3020 1764 3049 quos
1783 3020 1838 3042 vos
1849 3034 1859 3048 ,
1877 3009 1960 3039 oeno
1974 3032 1985 3047 ,
2000 3007 2117 3044 Septem
2160 3005 2215 3036 Sex
2228 3029 2239 3044 ,
2257 3005 2355 3049 Qun-

1292 3057 1364 3092 que,
1382 3047 1531 3088 Qatuor,
1550 3048 1642 3088 Tres,
1658 3049 1705 3080 vel
1727 3049 1800 3080 Duo
1819 3047 1969 3085 vestrum,
1987 3046 2013 3076 ei
2035 3045 2104 3088 scire
2114 3030 2238 3092 ficiam,
2254 3053 2353 3076 venire

1290 3086 1372 3117 faciat
1383 3095 1484 3117 coram
1497 3087 1702 3127 vobis,OCt0‚
1720 3085 1782 3123 ότι
1803 3086 1885 3126 Tot,
1903 3083 1963 3121 ότ-
1975 3082 2011 3114 de
2023 3082 2128 3115 Balllva
2141 3083 2352 3122 suaalffl'quos,

1290 3123 1350 3161 &a
1369 3126 1483 3164 inquiri,
1500 3124 1561 3161 &a

1327 3201 1362 3232 In
1378 3203 1474 3242 cujus,
1493 3203 1555 3234 &c.

1327 3277 1418 3309 Teste
1430 3277 1513 3319 Rege
1527 3278 1601 3317 apud
1613 3277 1808 3319 Wyndesore,
1826 3276 1942 3308 decimo
1955 3276 2032 3307 sexto
2045 3275 2092 3308 die
2105 3275 2258 3308 Februarii.

1771 3356 1824 3384 Per
1837 3353 1919 3393 ipficm
1931 3357 2028 3393 Regem
2041 3353 2080 3390 ό
2094 3351 2247 3384 Concilium.

1289 3432 1352 3494 R
1361 3431 1386 3462 E
1396 3431 1457 3502 >lob
1463 3432 1586 3502 Dcilffis
1599 3434 1634 3465 &
1650 3431 1875 3502 Fffiihsicifsmsffi,
1879 3430 2014 3500 dJ0i113anni
2030 3430 2068 3463 de
2080 3430 2268 3500 is-iaryngnom
2285 3423 2347 3458 Ra-

1327 3481 1536 3554 Derfflifc'leiitate
1549 3480 1865 3547 ssscgir’cumspeffldne
1878 3479 2083 3554 veestr'asslteoriiiis
2096 3487 2289 3541 confidentes,
2304 3511 2347 3533 as-

1290 3548 1606 3619 sererem&
1615 3549 1701 3618 es
1713 3543 2295 3617 *sesraiffssteazzfflseam
2308 3577 2346 3610 d.

1289 3624 1399 3670 BNV-82,
1409 3636 1498 3664 nuper
1506 3613 1626 3666 ²Regem
1642 3610 1764 3670 Scenae,
1782 3626 1816 3656 δί
1830 3624 1963 3669 Subditos
1978 3607 2217 3665 suos2’Homines
2230 3615 2347 3661 deseo-

1289 3663 1343 3701 tia,
1361 3673 1459 3694 imtam
1482 3666 1517 3696 ὃς
1538 3664 1695 3702 firmatam,
1711 3674 1741 3694 in
1759 3661 1910 3695 Comimm
1933 3659 2098 3697 cambriae,
2120 3667 2152 3688 iri
2163 3655 2298 3687 omnibus
2311 3655 2346 3688 ὃς

1289 3702 1398 3742 singulis
1412 3702 1563 3742 Articulis,
1578 3701 1640 3739 &c.
1647 3708 1730 3743 prout
1735 3702 1832 3744 βψω.

1323 3776 1415 3811 Teste
1426 3788 1458 3812 ut
1468 3779 1560 3819 ὥρη.

1761 3855 1816 3886 Per
1829 3851 1912 3894 ipsum
1924 3853 2021 3889 ΒΨ*
2034 3846 2073 3886 &¹
2087 3844 2242 3879 emim·
