2562 4279
731 134 841 173 ET
924 134 1192 176 ACTA
1276 132 1747 184 PUBLiCA.

197 221 227 251 Si
243 220 341 250 Naves
357 220 392 250 de
407 219 503 251 Scotia
514 241 524 258 ,
549 217 619 249 infra
639 218 774 256 Regnum
790 219 835 248 seu
851 218 1013 259 potestatem
1029 219 1154 249 nostram
1170 230 1218 258 per

159 267 216 289 tem
227 259 353 289 ’estatem
370 259 457 288 Maris
470 264 522 288 imt
536 257 665 296 Fugatae,
685 257 728 285 vel
751 257 875 295 Frae‘iae,
893 258 925 287 ὅ(
945 258 1103 295 hujusmodi
1119 258 1153 288 N
1157 269 1219 288 aves

159 299 204 328 seu
243 308 298 328 ona
313 299 426 328 inventa
441 298 469 326 in
484 295 602 332 eisdem,
620 295 653 324 ad
673 305 724 324 nos
736 318 745 332 ,
768 296 812 324 vel
829 296 864 325 ad
883 296 969 325 alium
983 295 1019 325 de
1034 295 1155 334 Regno,
1173 297 1218 326 seu

2271 160 2321 198 19

1253 223 1370 264 gistrum
1385 224 1589 264 Reymundum
1606 228 1749 267 Durandi,
1767 229 1880 260 Locum
1894 229 2057 260 Tenentem
2080 229 2148 260 dieti
2163 229 2311 261 Gullielmi
2328 231 2400 261 Ann.
2418 230 2457 261 D.

1253 266 1287 289 de
1297 262 1447 305 Theleza,
1466 273 1534 293 tunc
1551 266 1724 306 Thesauraii·ii
1748 269 1875 306 Agenni,
1895 270 2014 298 nomine
2037 269 2104 298 dieti
2120 268 2242 299 Domini
2260 280 2312 300 no-
2349 279 2433 309 1321.

1255 297 1418 338 striRegis,
1437 302 1472 330 de
1488 302 1556 331 Solo
1572 304 1651 339 ipuus
1663 305 1782 344 domus,
1800 316 1867 336 cum
1883 306 1901 326 ²¹²
1917 307 2008 337 Terra
2021 309 2242 345 circumquaque
2258 319 2309 353 po-
2328 313 2395 337 Edv.
2413 319 2442 337 2⁴

14 213 88 244 Ann.
103 209 144 240 D.

37 258 116 290 1321·-

14 292 122 318 Edvff2.

13 1198 29 1215 '¹
46 1197 98 1226 111.

14 1235 76 1263 880.

2 1560 85 1599 1Ann.
99 1566 139 1597 D.

0 1627 1 1632 ,
31 1615 115 1646 1321.

5 1649 58 1674 An.
82 1653 122 1681 14.

6 1725 75 1750 Rom.
91 1720 124 1753 &¹

7 1757 48 1788 Fr.
69 1769 110 1795 ¹4·

6 1802 37 1828 Ξ.
58 1808 83 1825 2.

5 1846 42 1866 m.
58 1845 83 1864 2·

5 1874 120 1903 incedu-

18 3173 95 3210 Ann.
110 3175 152 3207 D.

42 3225 125 3255 1321.

19 3258 71 3284 An.
92 3263 133 3290 14.

20 3313 134 3368 Ptin-14.

21 3372 52 3396 Β.
67 3379 93 3397 2.

18 3411 44 3445 p.
59 3417 84 3436 2.
99 3417 136 3436 m.

179 336 294 366 otestate
307 337 416 373 nostra,
434 343 564 373 tanquam
577 333 734 362 Wreceum
756 332 844 362 Maris
864 344 922 363 non
946 334 1100 370 pertineant
1115 358 1124 370 ‚
1149 343 1217 364 tunc

158 346 261 405 {slaves
276 375 345 412 illae,
366 383 432 404 cum
448 373 581 403 omnibus
595 370 678 400 Bonis
699 372 816 400 inventis
834 372 864 400 in
884 372 985 401 eisdem
999 395 1007 408 ,
1031 372 1218 402 deliberentur

162 414 326 443 hominibus
338 413 373 442 de
386 411 483 442 Scotifi
497 434 506 449 ,
534 410 632 448 quibus
654 417 751 445 erunt,
771 409 826 438 line
846 410 1021 447 impetitione
1059 411 1172 440 onenda
1187 412 1217 440 in

162 451 338 490 Corporibus
355 450 517 481 Hominum
539 447 672 485 illorum,
692 447 735 477 vel
758 447 786 476 in
806 446 956 486 Navibus,
974 447 1020 478 seu
1064 450 1125 478 onis
1143 458 1217 478 ante-

180 491 255 519 istit

160 490 178 520 d
191 503 329 566 hInbsuper,
348 528 365 557 fi
379 527 466 564 aliqua
479 524 587 562 Navis,
606 524 654 554 alia
670 524 755 564 quam
771 523 807 553 de
822 523 917 554 Scotizi
934 547 944 562 ,
966 525 996 554 in
1018 524 1071 562 quit
1086 525 1136 555 sint
1152 525 1219 554 Ηο-

161 568 251 597 mines
265 566 300 596 de
313 565 410 596 Scotiii
423 586 432 600 ‚
455 563 655 600 cujuscumque
669 562 849 592 Conditionis
863 562 979 592 existant
994 575 1003 600 3
1028 573 1074 593 aut
1089 565 1108 594 ii
1122 564 1217 602 aliquis

161 605 197 636 de
211 603 307 635 Scotifi
328 603 425 633 habeat
442 602 470 630 in
490 600 645 639 hujusmodi
667 600 746 630 Navi
768 599 847 630 Bona
867 601 913 630 vel
931 600 1158 637 Merchandisas3
1184 603 1216 632 &

162 643 256 674 Navis
269 643 314 672 illa
328 641 396 670 infra
410 640 543 678 Regnum
566 639 607 669 vel
628 638 793 675 potestatem
808 638 933 668 nostram
950 640 1053 678 Fugata
1075 641 1157 670 fuerit
1173 640 1218 669 vel

163 681 277 718 Praesta,
293 679 337 709 seu
352 680 435 708 etiam
450 687 498 716 per
512 677 632 706 subditos
644 677 754 707 nostros
768 686 848 716 capta
862 678 941 716 supra
957 678 1058 715 Mare,
1077 678 1218 708 Homines

162 720 196 750 δε
212 719 285 749 Bona
296 718 325 747 in
342 717 388 748 tali
404 715 490 746 Nave
505 715 634 753 inventa,
652 715 671 744 fi
687 716 884 746 rationabiliter
907 717 1019 755 probari
1040 725 1170 755 poterunt
1185 727 1216 746 ea

161 758 222 787 fore
234 755 269 785 de
284 755 396 793 Scotia,
416 755 471 784 iine
485 753 617 782 dilatione
631 754 834 791 deliberentur,
852 754 921 784 dum
938 765 1032 785 tamen
1046 755 1122 785 dieta
1138 755 1216 785 Bona

160 795 195 826 ad
209 794 289 831 Nos,
313 794 357 825 vel
372 793 404 822 ad
417 793 502 822 alium
517 791 552 820 de
567 791 672 831 Regno
685 815 694 830 ,
719 792 763 822 seu
785 793 918 829 potestate
937 793 1033 824 nostra
1049 816 1059 832 ,
1084 802 1215 833 tanquam

162 833 318 863 Wreccum
335 831 439 868 Maris,
456 837 484 860 ut
499 829 541 859 est
557 829 666 860 dietum
676 854 685 869 ,
706 840 764 860 non
780 832 949 871 pertineant,

196 871 287 901 Vobis
301 870 475 907 praecipimus
490 867 569 905 quod
583 867 702 898 Ivonem
718 868 753 898 de
763 869 937 908 l-ladyngton
951 893 959 907 ,
985 871 1018 901 ὅ(
1031 869 1095 900 alios
1109 869 1216 899 Homi-

157 919 206 940 nes
219 909 320 939 Scotos
333 917 421 946 nuper
435 908 463 936 in
477 907 595 945 quadam
609 906 704 946 Navi,
724 918 791 938 cum
800 907 883 937 Bonis
895 909 927 939 8:
938 908 1137 938 Merchandiiis
1150 909 1216 946 suis,

159 957 207 987 per
224 946 372 977 Costeram
387 944 476 975 Maris
491 947 657 975 transeuntes
671 968 680 984 ,
706 947 738 977 ὅ(
755 948 788 976 ad
802 946 923 976 Terram
940 957 986 986 per
1007 947 1129 985 ejusdem
1150 947 1216 977 Ma-

160 987 196 1016 ris
211 984 405 1024 Intemperiem
420 984 492 1021 apud
508 983 709 1014 Ravenesrodd
724 984 865 1023 Agitatos,
884 987 916 1016 &
932 995 980 1024 per
993 996 1044 1016 vos
1060 985 1217 1024 Arestatos,

161 1024 215 1054 una
229 1032 297 1053 cum
313 1022 396 1053 Bonis
413 1024 445 1053 δε
462 1021 664 1053 Merchandifis
678 1023 745 1059 suis,
764 1026 791 1052 in
806 1023 887 1053 Navi
902 1024 1033 1061 pandicia
1046 1025 1181 1062 inventis,

199 1061 230 1091 Si
238 1062 327 1099 ipsum
343 1060 481 1099 Ivonem,
498 1062 531 1091 &
545 1061 611 1091 alios
623 1060 778 1100 Homines,
795 1061 872 1092 Bona
885 1062 1131 1093 &Merchandisas
1146 1072 1218 1102 prae-

163 1099 248 1129 dietas
262 1100 323 1130 fore
336 1099 372 1129 de
386 1100 499 1137 Scotia,
517 1100 549 1129 &
564 1110 612 1137 per
629 1099 718 1130 Maris
730 1099 929 1138 intemperiem
944 1102 973 1131 in
988 1100 1094 1131 dietam
1108 1109 1217 1141 partem

161 1137 304 1177 Agitatos,
321 1147 349 1168 ut
363 1137 403 1168 est
418 1139 526 1168 dietum
536 1161 544 1176 ,
563 1139 644 1168 vobis
659 1137 787 1168 constare
802 1140 921 1177 poterit,

198 1177 216 1196 *²
232 1176 299 1206 Sine
318 1176 449 1206 dilatione
464 1177 608 1207 deliberari
628 1177 661 1208 <Sc
682 1175 827 1207 dearestari
850 1177 973 1216 faciatis,
995 1178 1072 1215 juxta
1087 1186 1218 1209 tenorem

157 1214 286 1252 Treugae
300 1215 471 1253 supradicstae.

196 1290 284 1322 Teste
296 1293 378 1333 Rege
392 1293 465 1334 apud
477 1292 666 1335 Walyngford
679 1317 689 1332 ,
708 1295 791 1324 tertio
804 1294 849 1324 die
866 1293 949 1325 Maii.

158 1418 218 1453 Ad
233 1416 340 1466 Regem
354 1422 503 1463 Fratrem,
540 1430 612 1465 uper
629 1417 774 1451 Navibus
795 1421 895 1465 Captis
910 1445 920 1461 ‚
952 1417 1081 1451 durante
1098 1421 1219 1466 Treuga

595 1480 663 1500 cum
684 1471 788 1501 Scoris.

163 1553 236 1616 M
246 1554 378 1593 Agnifico
393 1554 520 1593 Principi
530 1578 538 1593 ‚
557 1553 692 1584 Domino
705 1553 837 1593 Philippo
850 1576 859 1592 ,
884 1552 941 1583 Dei
958 1552 1044 1590 gratia
1057 1576 1066 1592 ,
1092 1552 1219 1583 Franciae

246 1594 278 1623 &
292 1593 432 1625 Navarrae
448 1593 523 1632 Regi
542 1593 659 1630 illustri,
684 1592 770 1622 Fratri
792 1594 841 1622 iiio
861 1591 1026 1633 cariffimo',
1050 1591 1219 1628 Edwardus,

160 1630 281 1699 1ejusdesrxrj
297 1634 401 1670 gratia,
420 1631 485 1662 Rex
500 1631 628 1670 Angliae,
646 1632 705 1661 &c.
728 1631 839 1661 ialutem
852 1652 862 1669 ,
886 1631 919 1662 ὃς
940 1634 1084 1667 proiperos
1100 1630 1134 1660 ad
1152 1638 1219 1661 vota

173 1678 242 1700 ucce
268 1681 305 1700 us.

205 1707 320 1739 Litteras
340 1707 439 1738 vestras
452 1731 462 1746 ,
488 1717 541 1746 pro
565 1706 705 1746 Magistro
720 1708 851 1746 Johanne
873 1707 994 1746 Donnys
1013 1708 1047 1738 &
1067 1706 1218 1737 Clemente

162 1744 274 1776 Odonis
289 1747 324 1776 de
340 1746 432 1786 Die'pa
443 1767 453 1783 ,
473 1746 680 1776 Mercatoribus
700 1746 796 1776 vestris
811 1770 819 1785 ,
846 1745 943 1775 Nobis
962 1745 1078 1776 directas
1095 1746 1219 1783 Recepi-

161 1794 242 1823 mus3
261 1787 437 1816 continentes
447 1785 525 1823 quod
539 1785 624 1814 iidem
636 1807 646 1822 ,
666 1785 810 1823 Johannes
825 1786 858 1815 ὃς
872 1783 1006 1814 Clemens
1019 1808 1028 1823 ,
1054 1794 1138 1814 unam
1154 1784 1188 1814 N
1191 1795 1219 1814 a-

159 1833 225 1853 vern
239 1847 249 1862 ,
273 1833 416 1853 oneratam
440 1823 563 1860 pluribus
580 1822 803 1861 Merchandiiis,
829 1823 863 1852 ad
886 1822 1022 1861 Regnum
1044 1823 1217 1861 Scotorum,

159 1862 328 1898 vendendis;
345 1862 378 1892 &
395 1871 448 1899 pro
461 1862 517 1891 aliis
530 1860 699 1892 Mercaturis
717 1861 841 1892 emendis
855 1862 885 1891 in
904 1862 1020 1899 eodem,
1039 1862 1159 1900 Treugis
1175 1863 1219 1892 in-

159 1908 200 1970 tser
213 1900 280 1930 Nos
298 1909 331 1930 ex
354 1901 410 1931 una
424 1908 499 1938 parte
511 1923 521 1938 ,
547 1901 580 1931 ὃς
596 1899 699 1931 Scotos
719 1909 753 1931 ex
768 1901 863 1932 Altera
880 1900 1041 1930 durantibus
1054 1922 1064 1938 ,
1089 1900 1221 1931 destinas—

173 1948 236 1969 ent:

165 2009 170 2012 ,
194 1977 273 2018 Qae
286 1978 400 2017 quidem
414 1977 526 2017 Navis,
545 1979 575 2009 in
588 1977 690 2008 eodem
698 1978 804 2017 Regno
819 1985 966 2014 evacuata,
984 1978 1017 2008 &
1032 1977 1219 2015 postmodum

155 2016 262 2046 ibidem
279 2018 337 2047 aliis
354 2017 520 2047 Mercaturis
533 2026 661 2055 onerata,
679 2017 750 2046 dum
766 2017 802 2046 de
818 2016 939 2054 partibus
954 2015 1006 2045 illis
1025 2016 1059 2046 ad
1081 2016 1217 2055 Regnum

157 2054 286 2085 nostrum
305 2055 482 2085 reduceretur
496 2079 506 2092 ,
532 2055 672 2093 quendam
689 2055 807 2084 Portum
830 2054 959 2084 nostrum
974 2054 1009 2083 de
1024 2054 1219 2085 Ravenierod-

157 2092 211 2131 de,
229 2094 299 2123 infra
311 2093 419 2124 dietum
436 2093 571 2132 Regnum
586 2093 731 2131 nostrum,
751 2103 799 2130 per
810 2092 1000 2130 Tempestatis
1015 2092 1198 2123 infortunium
1208 2116 1217 2131 ,

160 2139 190 2162 ut
206 2132 322 2170 dicitur,
340 2132 487 2169 applicuit,

199 2170 275 2208 Qiae
291 2171 404 2208 quidem
417 2168 528 2207 Navis,
546 2169 733 2207 Mercaturae,
749 2179 802 2200 nec
821 2179 881 2199 non
899 2169 932 2199 ὃς
947 2168 1109 2208 Homines,
1128 2171 1157 2200 in
1171 2169 1218 2201 ezi-

160 2207 226 2237 dem
247 2208 326 2238 Navi
340 2207 482 2237 existentes
497 2231 507 2246 ,
532 2207 564 2238 ea
578 2208 612 2237 de
632 2208 709 2238 causa
729 2208 911 2238 iblummodo
931 2208 1008 2246 quod
1029 2208 1064 2238 de
1078 2209 1219 2248 praeditsto

159 2246 268 2290 Regno
282 2247 388 2277 Scotiae
400 2247 562 2285 veniebant,
582 2246 688 2277 arestari
702 2247 833 2285 fuerunt,
850 2248 883 2278 δε
900 2247 990 2277 adhuc
1003 2246 1052 2276 sub
1067 2247 1157 2278 aresto
1171 2248 1221 2278 de-

160 2293 297 2316 nnentur:

199 2324 287 2361 Super
307 2333 365 2361 quo
387 2328 438 2353 nos
458 2322 587 2362 Rogastis
607 2324 732 2362 quatinus
756 2322 930 2353 Mercatores
949 2323 1098 2361 praediSros
1112 2347 1121 2362 ,
1150 2334 1218 2355 cum

161 2360 197 2392 N
200 2372 241 2391 avr
255 2363 287 2392 &
302 2362 470 2392 Mercaturis
482 2362 532 2391 suis
550 2362 693 2392 antedietis
707 2384 717 2400 ,
743 2361 888 2392 dearestari
902 2363 994 2392 facere
1007 2386 1016 2400 ,
1042 2363 1075 2393 ὃ(
1089 2362 1160 2401 ip'sos
1178 2365 1223 2394 in-

160 2400 298 2438 dempnes
310 2400 452 2430 observare
465 2401 607 2431 vellemus.

197 2438 286 2477 Super
302 2448 360 2476 quo
383 2439 448 2468 sciat
467 2439 556 2468 vestra
575 2438 748 2469 Excellentia
768 2438 918 2469 reverenda
931 2461 940 2476 ,
964 2438 1042 2476 quod
1055 2462 1065 2477 ‚
1092 2440 1121 2469 in
1142 2439 1224 2470 distis

161 2475 298 2515 Treugis,
317 2477 460 2507 interdiSta
473 2476 514 2507 est
530 2476 711 2507 Communio
727 2477 909 2508 Subditorum
929 2478 1091 2508 nostrorum
1112 2478 1144 2509 &
1159 2478 1223 2509 illo-

161 2525 225 2546 rum
239 2516 274 2545 de
288 2515 401 2553 Scotia,
419 2515 672 2545 durantibusdietis
684 2516 761 2546 Treu
787 2518 814 2546 is.

164 2586 167 2587 ⁷
200 2553 263 2591 Set,
284 2554 347 2584 licet
364 2554 512 2592 praefatos,
534 2554 695 2592 Jobannem
715 2556 747 2584 <Sc
794 2556 944 2584 lementem
961 2577 972 2593 ,
996 2563 1125 2593 tanquam
1142 2554 1223 2586 dietis

161 2590 287 2623 Inimicis
301 2592 403 2623 nostris
417 2592 612 2630 Adhaerentes,
631 2594 729 2630 punire
764 2594 902 2630 essemus,
922 2602 952 2623 ut
965 2593 1091 2631 deceret,
1107 2593 1154 2624 Ad
1163 2594 1224 2624 Re-

163 2632 339 2668 quiiitionem
352 2638 446 2662 tamen
460 2630 598 2669 vestram,
615 2631 720 2668 dictos,
734 2604 896 2670 fohannem
911 2632 1148 2671 &Clementem,
1168 2635 1222 2664 una

165 2679 234 2699 cum
250 2668 346 2703 Navi,
365 2668 449 2699 Bonis
462 2671 494 2700 &
505 2669 706 2700 Merchandiiis
718 2670 784 2709 suis,
801 2671 851 2701 ista
865 2671 945 2709 vice,
962 2671 1123 2709 dearestari,
1139 2672 1173 2702 &
1185 2673 1225 2702 eis

163 2707 243 2738 Bona
258 2708 299 2737 fua
315 2706 513 2738 Mandavimus
529 2708 670 2746 Liberari,

207 2745 334 2775 Vestram
356 2746 538 2776 Serenitatem
556 2748 687 2777 attentius
710 2747 891 2787 deprecantes
904 2771 914 2786 ,
943 2755 1077 2786 quatenus
1098 2748 1224 2779 Subditis

164 2783 260 2813 vestris
273 2807 282 2822 ,
305 2785 341 2813 ne
362 2794 428 2814 cum
449 2784 530 2814 dietis
546 2784 670 2817 inimicis
688 2786 788 2817 nostris
808 2788 1047 2824 communicent,
1078 2787 1185 2826 velitis,
1204 2788 1224 2818 fi

164 2822 271 2862 placet,
290 2822 381 2852 facere
395 2822 527 2854 Inhiberi.

203 2897 273 2928 Dat.
288 2899 361 2939 apud
375 2899 637 2941 Walyngfordiam,
656 2911 676 2941 4
688 2902 734 2933 die
749 2902 830 2935 Maii.

168 3040 261 3085 Super
286 3033 454 3073 venditione
476 3042 591 3073 Domus
606 3041 695 3086 fasta
717 3044 754 3073 G.
778 3042 936 3075 Cardinali
954 3069 964 3086 ‚
997 3056 1057 3090 quae
1082 3045 1227 3090 Lupanar

461 3090 574 3122 vilium
593 3090 768 3122 Mulierum
786 3089 938 3134 existebat.

171 3182 296 3240 REX
313 3186 460 3224 omnibus,
478 3186 513 3216 ad
527 3196 612 3226 quos,
627 3187 686 3217 &c.
704 3186 826 3218 salutem.

264 3221 431 3262 Inspeximus
443 3225 572 3293 quasdam
586 3225 691 3256 Literas
705 3225 846 3263 Parentes,
867 3225 963 3267 Sigillo
975 3225 1075 3258 nostro
1090 3225 1229 3259 Senescal-

141 3289 143 3293 ,
173 3259 227 3290 ciae
242 3259 371 3291 Ducatus
385 3271 441 3299 prae
462 3262 511 3293 icti
525 3263 666 3303 signatas,
682 3265 712 3294 in
725 3264 788 3295 haec
801 3266 904 3304 verba,

178 3370 180 3373 v
211 3336 358 3367 Noverint
377 3336 609 3382 Univerfikquod
625 3363 634 3378 ,
656 3340 774 3371 Nobilis
795 3341 847 3372 Vir
861 3365 871 3380 ,
895 3341 1039 3373 Dominus
1059 3343 1216 3375 Almaricus

172 3413 347 3458 Aquitaniae,
365 3423 417 3453 pro
436 3413 538 3445 lllustri
553 3416 685 3456 Principe
699 3440 708 3455 ,
732 3417 866 3448 Domino
883 3417 966 3459 Rege
980 3420 1091 3461 Angliae
1103 3444 1113 3460 ,
1139 3422 1229 3453 Duce

171 3452 348 3490 Aquitaniae,
367 3452 506 3490 quandam
520 3454 711 3485 venditionem
720 3478 730 3494 ,

210 3491 326 3521 Fadtam
343 3500 406 3534 per,
423 3491 572 3521 discretum
588 3491 708 3531 Virum,
726 3493 916 3525 Gullielmum
932 3495 967 3526 de
979 3496 1128 3536 Theloza,
1146 3499 1228 3529 The-

169 3529 317 3560 saurarium
331 3529 401 3559 olim
416 3528 529 3568 Agenni

169 3577 205 3597 ce
253 3568 285 3597 &
301 3569 417 3597 nomine
432 3568 511 3606 iphus
579 3540 630 3569 pro
649 3532 729 3562 dieto
744 3531 878 3563 Domino
898 3534 995 3564 nostro
1010 3535 1091 3575 Rege
1111 3538 1143 3567 &
1161 3537 1227 3568 Du-

219 3591 228 3606 ²

296 3604 300 3611 Δ
343 3607 347 3611 .
565 3567 656 3600 omini
677 3570 764 3614 nostri
786 3571 872 3610 Regis
885 3594 894 3609 ,
920 3572 955 3603 de
971 3573 1090 3611 quadam
1107 3574 1227 3616 Domo,

170 3605 216 3636 seu
232 3604 388 3644 AEdificio,
406 3605 457 3636 sito
471 3606 542 3643 apud
558 3606 754 3638 Condomium
766 3631 778 3652 ,
802 3620 865 3647 quae
878 3619 935 3640 erat
954 3611 1022 3642 dieti
1037 3611 1157 3643 Domini
1173 3625 1226 3645 no-

169 3643 220 3674 stri
235 3643 338 3683 Regis,
356 3654 419 3683 quae
440 3654 555 3675 vocatur
571 3645 641 3676 Aula
664 3646 785 3677 Comitis
802 3671 811 3686 ,
835 3658 898 3686 quae
919 3650 1028 3680 ruinam
1049 3651 1082 3681 &
1097 3654 1226 3693 praecipi-

168 3682 240 3713 tium
256 3683 410 3713 minabatur
423 3706 433 3721 ,
457 3684 490 3714 &
509 3681 636 3721 Lupanar
651 3685 749 3715 vilium
763 3684 918 3718 Mulierum
936 3688 1085 3728 existebat,
1104 3699 1135 3720 ut
1148 3691 1226 3721 dice-

169 3720 265 3759 batur,
283 3721 454 3765 Reverendo
468 3721 545 3752 Patri
560 3723 588 3752 in
604 3723 719 3760 Christo
736 3722 869 3755 Domino
888 3725 1060 3765 Gullielrno,
1079 3728 1227 3761 miseratio-

169 3768 207 3789 ne
220 3759 315 3790 divina
327 3757 399 3790 tituli
413 3760 509 3791 Sandii
528 3759 633 3792 Ciriaci
654 3762 682 3791 in
700 3761 813 3793 Termis
830 3763 986 3795 Presbitero
1003 3764 1162 3806 Cardinali,
1181 3769 1225 3800 seu

170 3795 258 3828 Petro
271 3798 306 3828 de
316 3797 422 3835 Testa,
439 3797 496 3837 ejus
510 3799 658 3837 Nomine,
677 3808 729 3838 pro
749 3803 837 3839 pretio
856 3804 890 3833 &
906 3802 1014 3834 summa
1028 3805 1226 3838 trescentarum

168 3833 320 3866 Librarum
335 3834 511 3876 Burdegalae,
530 3848 611 3876 prout
625 3840 653 3868 in
668 3838 790 3876 quodam
805 3840 920 3878 publico
933 3841 1140 3883 instrumento,
1158 3846 1226 3877 inde

170 3874 303 3918 confecto
319 3885 367 3911 per
383 3884 499 3906 manum
517 3876 649 3913 Magistri
662 3877 820 3916 Reymundi
836 3878 980 3910 Guabarra
995 3880 1030 3910 de
1038 3879 1224 3923 Condomio,

169 3908 285 3941 Noram
298 3912 425 3943 Ducatfis
440 3915 615 3952 Aquitaniae,
634 3915 739 3945 ibidem
755 3916 883 3954 ostenso,
902 3918 1008 3954 plenius
1019 3922 1193 3952 continetur:

207 3947 278 3979 Item
296 3952 433 3988 quandam
452 3954 531 3984 aliam
552 3953 746 3985 venditionem
764 3954 810 3986 seu
825 3955 854 3985 in
874 3955 1068 3994 emphiotefim
1083 3958 1226 3992 Donatio-

172 3994 255 4024 nem,

211 4023 559 4099 Faacjjyazniiilietglssgmino
572 4031 729 4071 Cardinali,
746 4031 792 4063 seu
810 4031 855 4064 alii
867 4034 923 4072 ejus
941 4035 1077 4079 nomine,
1093 4046 1144 4076 per
1158 4036 1227 4075 Ma-3

173 3374 318 3405 Dominus
338 3374 374 3405 de
395 3374 542 3408 Credomo
556 3400 565 3415 ,
586 3377 700 3408 Locum
716 3379 833 3409 Tenens
853 3382 885 3411 ὃς
907 3381 1075 3412 Senescallus
1095 3368 1230 3414 Ducatfi}

1254 336 1370 380 sitin-¹&
1384 339 1481 381 Fumo
1497 339 1602 369 ibidem
1616 344 1764 381 existente,
1782 345 1892 381 &jure
1906 368 1915 382 ,
1940 346 1972 375 ὅ(
1994 345 2118 376 Deverio
2133 368 2142 383 ,
2169 347 2201 377 ὃς
2225 346 2312 376 Petuss
2329 349 2343 362 *²
2354 350 2407 375 111.

1254 384 1352 405 nentus
1364 376 1432 413 suis,
1450 387 1513 416 quae
1531 378 1564 407 &
1581 385 1646 416 quas
1660 380 1751 410 dietus
1772 381 1913 413 Dominus
1934 383 2029 413 noster
2050 383 2113 414 Rex
2133 385 2245 422 hibent,
2268 386 2312 415 vel
2328 381 2391 413 831-

1254 413 1354 457 habere
1370 424 1477 451 poterat
1493 416 1597 445 ibidem
1608 417 1699 454 aliqua
1711 419 1828 450 Ratione
1840 422 1885 451 vel
1893 420 2000 459 Causa,
2022 432 2073 462 pro
2087 425 2176 460 pretio
2189 424 2221 454 ὃ(
2238 423 2312 454 sum-

1254 460 1302 480 ma
1316 452 1499 496 ducentarum
1521 453 1669 484 Librarum
1685 456 1925 496 Burdegalensiurn
1940 484 1950 499 ,
1975 461 2008 490 δε
2026 462 2182 491 duodecim
2201 461 2313 492 Morlass

1253 498 1357 533 norum
1377 490 1526 534 Obliarum
1540 515 1550 530 ,
1573 495 1716 523 annuatim
1735 495 1932 527 solvendorum
1954 498 2034 529 dicto
2058 500 2189 530 Domino
2211 500 2312 530 nostro

1254 526 1347 566 Regi,
1367 528 1412 572 seu
1426 530 1469 558 alu
1482 531 1537 568 ejus
1550 531 1700 569 Nomine,
1719 532 1746 561 in
1766 533 1850 563 Festo
1865 535 2006 566 Omnium
2027 537 2217 577 Sanctorum,
2235 538 2310 576 apud

1253 564 1443 609 Condomum
1459 579 1468 604 3
1494 577 1577 606 prout
1597 570 1658 599 bzec
1679 571 1707 599 in
1724 572 1846 607 quodam
1866 572 1987 604 Publico
2007 574 2196 608 Instrumento
2210 600 2220 615 ,
2243 578 2312 608 inde

1253 608 1389 634 contecto
1409 616 1456 642 per
1478 615 1594 635 manum
1615 607 1743 646 Magistri
1764 609 1876 639 Arnaldi
1897 611 1931 641 de
1949 611 2031 643 Malo
2049 614 2146 645 Leone
2161 639 2171 654 ,
2197 615 2313 647 Notarii

1253 641 1401 672 Condonii
1417 645 1558 681 quondam
1568 668 1577 683 ,
1594 646 1699 674 ibidem
1715 645 1825 676 ostenso
1835 670 1844 685 ,
1860 648 1966 684 plenius
1981 654 2155 683 continetur:

1291 681 1401 711 Habito
1418 683 1562 721 diligenter
1580 683 1715 713 Tractatu
1729 707 1737 721 ,
1764 693 1794 715 ut
1813 686 1900 723 dixit,
1926 697 1992 717 curn
2014 688 2147 722 Domino
2171 691 2257 722 Petro
2275 692 2314 723 de

1254 716 1424 750 Marmanda
1440 721 1553 759 Milite,
1570 720 1726 751 senescallo
1740 723 1871 761 Aeenni,
1887 726 1921 755 ὃ(
1935 724 2065 757 Domino
2081 729 2228 760 Nicholao
2245 731 2312 760 Bar-⁴

1252 757 1333 799 delli,
1352 758 1460 797 Legum
1471 759 1621 797 Doetore,
1637 760 1739 797 judice
1752 760 1904 792 Ordinario
1919 763 2175 806 ultraGuaronam,
2194 770 2227 799 &
2237 769 2312 799 Gul-

1251 795 1347 826 lielmo
1358 797 1393 827 de
1407 798 1574 835 Tlieoloza,
1593 808 1669 828 nunc
1685 798 1840 829 senescallo
1853 800 2053 840 Petragorcinii
2062 827 2072 842 ,
2086 816 2137 842 pro
2151 807 2230 836 dieto
2242 807 2310 838 Do-

1252 835 1332 864 mino
1349 835 1446 866 nostro
1460 836 1544 873 Rege
1556 838 1589 866 &
1605 835 1690 866 Duce
1702 860 1711 874 ,
1737 836 1872 867 Domino
1892 838 2031 870 Bernardo
2053 844 2088 871 de
2104 844 2238 875 Castanea
2253 846 2309 876 Le-

1253 881 1324 914 gum
1340 872 1486 911 Doctore,
1505 876 1538 905 ὃς
1554 875 1689 904 Domino
1707 875 1882 913 Reymundo
1896 876 1932 906 de
1944 877 2053 908 Caretis
2067 880 2192 912 Rectore
2205 883 2308 914 Eccle-

1253 912 1297 940 iiae
1313 911 1349 941 de
1362 912 1507 951 Salviaco,
1525 915 1558 944 δε
1574 912 1749 951 Reymundo
1759 913 1926 952 Mmquefii,
1942 917 1975 946 &
1992 916 2120 948 Discretis
2134 920 2222 959 Viris,
2243 922 2310 953 Ma-

1273 948 1357 987 istris,
1377 950 1538 981 Hostencio
1555 951 1695 989 jordani,
1722 951 1889 982 Gualbartio
1907 953 1941 982 de
1955 953 2064 984 Barrera
2080 979 2090 994 ,
2112 957 2145 987 ὃς
2159 958 2308 991 Bertrando

1265 988 1384 1026 'arator,
1403 989 1589 1020 Procuratore
1601 990 1669 1020 die'ti
1682 989 1806 1020 Domini
1827 992 1913 1021 nostri
1932 991 2037 1030 Regis,
2056 994 2090 1024 &
2103 996 2157 1024 aliis
2171 996 2308 1029 Coniilia-

1254 1027 1299 1095 rii}
1314 1027 1382 1094 <Ilien
1397 1027 1518 1059 Domini
1533 1027 1622 1058 nostri
1636 1027 1725 1067 Regis
1738 1029 1771 1059 δε
1783 1029 1890 1068 Ducis,
1908 1030 1940 1060 &
1955 1031 2055 1061 nostris
2066 1033 2095 1062 in
2110 1033 2168 1071 ipso
2181 1034 2311 1075 Ducatu;

1253 1074 1279 1095 v1
1302 1074 1383 1096 ercet

1293 1090 1475 1146 Q0d⁷di<sta
1494 1105 1636 1143 venditio,
1652 1106 1697 1136 seu
1714 1105 1890 1137 venditiones
1910 1107 2053 1139 dic'torum
2068 1109 2215 1142 Bonorum
2231 1123 2313 1153 expe-

1254 1140 1367 1172 diebant
1381 1142 1459 1173 dieto
1474 1142 1610 1173 Domino
1623 1144 1723 1174 nostro
1737 1143 1832 1183 Regi,
1850 1146 1882 1176 &
1897 1145 1974 1184 quod
1990 1157 2049 1177 non
2064 1158 2140 1179 erant
2154 1150 2233 1182 dieto
2247 1153 2313 1182 Do-

1255 1181 1343 1249 &inos
1352 1181 1451 1212 nostro
1467 1182 1541 1221 Regi
1557 1182 1679 1213 &Duci
1693 1183 1723 1212 in
1737 1183 1833 1221 aliquo
1848 1183 2026 1223 dampnosae,
2043 1187 2135 1218 immo
2150 1191 2239 1228 magis
2253 1192 2314 1222 fru-

1289 1229 1361 1250 uo,ae

1292 1243 1485 1298 Appr'obavit,
1504 1259 1686 1291 confirmavit
1699 1283 1708 1299 ,
1733 1261 1767 1292 δε
1789 1260 1935 1291 ratificavit
1953 1261 2061 1293 easdem
2076 1286 2086 1301 ,
2109 1267 2225 1297 nomine
2242 1267 2316 1300 dicei

1255 1295 1381 1338 Domini
1395 1299 1481 1328 nostri
1495 1298 1582 1338 Regis
1597 1299 1629 1329 &
1646 1299 1754 1338 Ducis,
1772 1308 1856 1338 prout
1869 1301 1899 1330 in
1914 1300 1996 1331 dietis
2015 1300 2225 1343 Instrumentis,
2243 1307 2311 1338 inde

1255 1335 1392 1366 confectis
1400 1361 1408 1374 ,
1427 1337 1532 1374 plenius
1545 1339 1724 1376 continetur,

1293 1373 1330 1404 Et
1355 1376 1487 1415 praedicta
1514 1375 1592 1406 Bona
1615 1376 1707 1406 eidem
1730 1375 1865 1407 Domino
1891 1376 2033 1409 Cardinali
2056 1381 2255 1420 amortizavit3
2279 1384 2315 1415 ita

1256 1413 1332 1450 quod
1350 1414 1471 1452 amodo,
1489 1414 1525 1445 de
1538 1414 1618 1445 dieto
1633 1415 1736 1452 Loco,
1756 1415 1871 1446 Locum
1891 1417 2012 1447 Sacrum
2025 1440 2035 1456 ,
2058 1418 2103 1448 vel
2117 1418 2187 1450 Deo
2207 1420 2319 1452 dedica-

1257 1459 1318 1481 tum
1333 1449 1434 1491 faciat,
1453 1461 1537 1489 prout
1551 1454 1599 1482 sibi
1615 1453 1754 1483 videbitur
1767 1454 1942 1486 faciendum:

1294 1489 1330 1519 Et
1342 1489 1433 1520 diuos
1447 1492 1599 1521 duodecim
1618 1491 1766 1522 Morlanos
1782 1491 1934 1524 Obliarurn
1948 1517 1958 1533 ,
1982 1505 2054 1535 quos
2071 1498 2218 1528 annuatim
2234 1498 2318 1529 debe-

1257 1528 1304 1558 bat
1318 1528 1409 1559 facere
1425 1529 1501 1559 idem
1517 1529 1664 1560 Dominus
1684 1529 1837 1562 Cardinalis
1850 1556 1860 1570 ,
1886 1534 1993 1564 ratione
2010 1534 2146 1572 praediffli
2156 1559 2166 1573 ,
2192 1537 2222 1566 in
2238 1537 2319 1567 dieto

1257 1567 1359 1606 Festo,
1378 1568 1519 1607 vendidit,
1538 1568 1649 1599 tradidit
1664 1568 1698 1599 &
1712 1570 1843 1613 quitavit,
1861 1572 1979 1601 nomine
1998 1573 2068 1602 dieti
2090 1572 2215 1604 Domini
2228 1575 2319 1606 nostri

1256 1605 1344 1645 Regis
1358 1607 1390 1637 ὃς
1406 1606 1498 1637 Ducis
1510 1631 1520 1645 ,
1546 1607 1623 1637 idem
1636 1606 1784 1637 Dominus
1800 1608 1966 1639 Senescailus
1980 1610 2072 1640 eidem
2093 1610 2226 1643 Domino
2247 1613 2320 1644 Car-

1255 1644 1339 1674 dinali
1348 1668 1358 1683 ,
1377 1655 1429 1684 pro
1461 1645 1530 1675 retio
1541 1646 1573 1676 ὃ(
1588 1645 1696 1676 summa
1710 1647 1910 1686 quinquaginta
1924 1648 2075 1678 Librarum
2089 1649 2319 1690 Turonenfium‚

1255 1693 1320 1723 quas
1336 1685 1411 1714 idem
1459 1685 1571 1714 ominus
1584 1684 1751 1714 Senescallus
1763 1709 1772 1722 ,
1799 1687 1918 1716 nomine
1932 1686 2002 1716 dieti
2018 1686 2141 1718 Domini
2155 1689 2243 1720 nostri
2256 1691 2319 1722 Re-

1255 1723 1295 1760 gis
1308 1722 1340 1752 &
1357 1722 1449 1753 Ducis
1463 1746 1473 1762 ,
1498 1724 1669 1760 recognovit
1686 1722 1713 1753 se
1728 1723 1853 1754 habuisse
1872 1735 1887 1754 a
1902 1724 1983 1755 dieto
2007 1725 2139 1756 Domino
2153 1727 2320 1769 Cardinale‚

1255 1761 1300 1791 seu
1314 1761 1369 1791 alio
1383 1763 1439 1798 ejus
1454 1761 1603 1799 Nomine,
1621 1762 1650 1791 in
1664 1761 1738 1792 bona
1752 1762 1875 1793 Pecunia
1896 1772 2057 1803 numerata,
2075 1768 2187 1796 retentis
2198 1776 2322 1798 tantum-

1258 1800 1364 1838 modo,
1382 1801 1417 1831 de
1431 1800 1512 1831 dietis
1525 1800 1637 1839 Obliis,
1653 1800 1763 1831 duobus
1776 1800 1906 1832 Denariis
1927 1801 2146 1842 Morlanorum,
2165 1804 2193 1836 su
2214 1817 2243 1836 er
2258 1807 2320 1838 Aue

1256 1838 1298 1876 la,
1317 1838 1426 1876 Terra,
1442 1839 1475 1869 &
1492 1839 1589 1869 Furno
1605 1838 1757 1876 praedietis,
1773 1841 1916 1871 annuatim
1933 1841 2071 1872 solvendis
2085 1842 2165 1873 dieto
2218 1847 2323 1876 omino

1257 1877 1357 1908 nostro
1373 1877 1452 1914 Regi
1468 1878 1501 1907 &
1517 1877 1595 1907 Duci
1609 1899 1619 1915 ,
1641 1877 1686 1908 seu
1707 1877 1805 1917 Bajulo
1819 1878 1976 1909 Condomii
1991 1903 2001 1918 ,
2030 1881 2078 1918 qui
2093 1889 2172 1912 nunc
2185 1882 2227 1913 est
2242 1907 2252 1922 ,
2277 1884 2323 1915 vel

1258 1917 1306 1953 qui
1329 1925 1381 1956 pro
1402 1924 1530 1954 ternpore
1551 1915 1633 1946 fuerit
1646 1940 1656 1954 ,
1681 1917 1755 1955 apud
1774 1916 1992 1956 Condomium,
2009 1919 2038 1949 in
2052 1919 2132 1950 dieto
2148 1919 2233 1952 Festo
2245 1921 2322 1954 Om-

1257 1956 1337 1984 nium
1351 1954 1537 1985 SanCtorum:
2322 1958 2324 1961 ’

1295 1993 1419 2024 Didium
1433 1995 1503 2024 vero
1520 1993 1684 2023 Dominum
1706 1992 1886 2025 Cardinalem
1900 2005 2001 2025 verum
2015 1995 2180 2028 Dominum
2202 2000 2236 2030 ὃς
2249 1999 2322 2030 Pro-

1258 2041 1433 2070 curatorem,
1453 2033 1481 2061 in
1497 2031 1574 2061 Rem
1590 2031 1685 2069 suam,
1705 2032 1732 2061 in
1752 2033 1892 2072 praedietis
1914 2033 1998 2064 Bonis
2020 2034 2165 2066 constituit
2184 2038 2218 2068 ὃ(
2238 2037 2322 2077 fecit,

1258 2071 1292 2102 &
1308 2070 1422 2108 pactum
1441 2070 1598 2109 expreffum
1621 2069 1696 2100 idern
1719 2069 1866 2102 Dominus
1888 2071 2056 2103 Senescallus
2075 2074 2109 2104 &
2127 2074 2240 2105 Locum
2261 2077 2323 2107 Te-

1258 2119 1326 2140 nens
1343 2109 1411 2139 fecit
1426 2109 1505 2139 dieto
1528 2107 1662 2138 Domino
1678 2107 1819 2138 Cardinali
1840 2110 1875 2140 de
1893 2110 2003 2140 ulterius
2024 2121 2084 2141 non
2100 2114 2224 2150 petendo
2242 2113 2322 2147 Bona

1258 2147 1410 2186 praedffia,
1427 2148 1492 2178 acto
1506 2155 1599 2177 tamen
1612 2155 1647 2176 ex
1669 2146 1739 2177 resso
1755 2147 1832 2186 quod
1846 2171 1856 2185 ,
1879 2149 2029 2179 occasione
2048 2150 2246 2187 praedioarum
2262 2153 2323 2184 Re-

1258 2196 1338 2256 Xim,
1357 2186 1521 2230 respondeat
1535 2185 1611 2216 idem
1656 2185 1780 2216 ardinalis
1793 2208 1804 2225 ,
1827 2187 1861 2218 &
1876 2186 1928 2226 Jus
1949 2186 2030 2218 faciat
2051 2197 2149 2220 coram
2165 2189 2322 2223 Senescauo

1288 2234 1381 2264 genui.

1297 2302 1404 2332 Actum
1427 2301 1480 2332 fuit
1501 2301 1558 2333 hoc
1578 2301 1651 2340 apud
1676 2301 1891 2342 Marmandam,
1909 2304 1939 2334 in
1961 2302 2097 2342 Capitulo
2120 2303 2238 2337 Domus
2258 2307 2323 2338 Fra-

1260 2349 1337 2372 trum
1352 2340 1506 2371 Minorum
1516 2364 1525 2378 ,
1542 2339 1712 2371 duodecima
1727 2341 1772 2371 die
1789 2341 1895 2374 Mensis
1911 2340 1997 2381 Julii,
2016 2352 2092 2374 anno
2108 2341 2233 2376 Domini
2244 2346 2326 2379 mile«

1262 2380 1349 2417 fimo,
1366 2379 1588 2417 trescentefimo,
1608 2379 1832 2418 quintodecimo.
2322 2382 2327 2385 ’

1700 2455 1803 2487 Testes
1812 2455 1875 2487 sunt
1882 2480 1892 2495 ,

1302 2535 1433 2563 Dominus
1452 2531 1597 2564 Arnaldus
1611 2532 1642 2563 de
1657 2535 1734 2564 Dura
1748 2537 1824 2564 Forti
1833 2557 1842 2572 ,

1300 2575 1432 2602 Dominus
1447 2572 1603 2602 Gullielmus
1616 2573 1762 2612 Reymundi
1775 2573 1807 2602 de
1823 2570 1958 2611 Genfich,
1978 2571 2100 2603 Milites:

1299 2613 1432 2641 Dominus
1446 2610 1595 2641 Nicholaus
1610 2610 1735 2642 Bardelli
1748 2635 1758 2650 ,
1783 2614 1887 2648 Legum
1902 2611 2004 2641 Doffor
2017 2635 2027 2649 ,
2052 2610 2152 2650 Judex
2166 2614 2328 2648 Ordinariu

1369 2649 1444 2678 ultra
1458 2653 1631 2687 Guaronam,

1300 2690 1432 2718 Dominus
1448 2690 1546 2718 Petrus
1559 2688 1590 2717 de
1608 2687 1779 2718 Marmanda
1795 2686 1895 2726 Miles,
1914 2686 2073 2726 Senefiallus
2088 2691 2216 2730 Agenm',

1302 2730 1433 2757 Dominus
1447 2728 1604 2756 Bernardus
1618 2728 1650 2757 de
1664 2726 1795 2767 Caffanea
1804 2749 1814 2766 ,
1831 2729 1934 2765 Legum
1947 2727 2067 2765 Doe‘lor,

1300 2766 1469 2799 Reymundus
1485 2765 1653 2807 Marquefii:

1303 2803 1437 2843 Magister
1452 2802 1606 2844 Hostencius
1620 2804 1757 2843 Jordam',

1301 2841 1434 2881 Magister
1448 2842 1625 2873 Gualhardus
1643 2843 1675 2872 de
1686 2845 1829 2882 Barrera,
1848 2858 1855 2863 ·

1303 2881 1473 2910 Bertrandus
1488 2884 1608 2911 Parator
1620 2880 1783 2911 Bacalarius
1799 2885 1829 2911 in
1851 2879 1968 2920 Legibus
1980 2902 1991 2920 ‚
2013 2883 2176 2914 Procurator
2191 2882 2257 2914 disti
2270 2888 2330 2920 Dens

1371 2922 1438 2948 mini
1453 2918 1533 2959 nostri
1547 2922 1624 2957 Regis
1638 2918 1675 2954 ὠ·
1690 2923 1794 2958 Ducis,

1302 2956 1446 2997 Magistri,
1464 2957 1598 2988 Geraldus
1613 2957 1766 2998 Riffia'oms,

1307 2999 1399 3026 Lucas
1412 2994 1565 3036 Leneshulli
1574 3020 1583 3035 ,
1601 2996 1770 3036 Jurisperiti.

1304 3073 1342 3104 Et
1357 3082 1410 3113 ego
1425 3097 1434 3112 ,
1455 3073 1599 3112 Johannes
1612 3074 1647 3105 de
1668 3072 1747 3105 Beffa
1769 3072 1943 3106 Communis
1963 3073 2100 3118 Notarius
2116 3075 2227 3119 Agenni
2264 3078 2329 3117 qui,

1266 3112 1300 3143 ad
1314 3113 1475 3157 mandatum
1484 3112 1561 3156 'dieti
1583 3112 1708 3143 Domini
1727 3113 1874 3157 Senescalli
1889 3113 2033 3157 Vasconiae
2079 3114 2219 3157 detpraedi
2254 3115 2272 3144 is
2282 3125 2330 3158 ¹re-

1268 3161 1331 3190 cepi
1344 3151 1524 3195 triaunblica
1538 3150 1725 3182 Instrumenta
1745 3152 1867 3196 ejusdem
1884 3160 1984 3195 tenoris
1998 3174 2007 3188 ,
2016 3136 2329 3223 stduolgiejoglgtgmno

1267 3189 1816 3268 {is‘iffiffiss‘gfffiiaffssit{25233221‘31'30
1833 3191 1962 3221 ¹³⁰³¹¹¹¹⁰
1975 3199 2015 3220 ¹¹⁰
2041 3199 2074 3220 ‘⁰
2124 3200 2167 3230 ‘²³²¹
2265 3201 2328 3230 ⁰⁰¹²

1621 3303 1816 3347 Regnantibus
1827 3304 1980 3344 Dominis,

1306 3383 1445 3414 Ludovico
1459 3382 1528 3421 Rege
1542 3385 1565 3413 F
1565 3386 1678 3422 rancia,

1307 3424 1450 3453 Edwardo
1464 3425 1533 3459 Rege
1547 3422 1659 3459 Angliae
1676 3421 1714 3457 ὠν
1731 3424 1807 3452 Duce
1821 3423 2004 3462 Aquitaniae,
2022 3418 2061 3454 ό·

1304 3465 1348 3491 A.
1362 3464 1473 3498 Agenni
1487 3462 1617 3499 Episcopo.

1305 3538 1324 3558 ⁴¹²
1345 3537 1376 3568 In
1394 3537 1471 3576 cujus
1485 3538 1522 3567 rei
1537 3535 1746 3575 testimonium,
1765 3537 1798 3568 &
1813 3536 1847 3567 ad
1860 3537 1995 3578 majorem
2007 3531 2328 3577 ¹Roboris·firi-nitatem3
2341 3549 2358 3567 a
2377 3551 2431 3581 111*

1267 3576 1335 3607 Nos
1348 3600 1357 3615 ,
1382 3576 1549 3606 Senescallus
1569 3577 1601 3607 &
1621 3576 1735 3605 Locum
1750 3575 1865 3605 Tenens
1888 3573 2034 3611 praedictus
2049 3593 2059 3609 ,
2083 3570 2213 3614 ¹Sigillum
2229 3573 2327 3606 Curiae
2340 3588 2405 3619 382·
2425 3573 2429 3584 “

1267 3609 1415 3684 t{laisconiae
1436 3615 1501 3645 huic
1524 3614 1650 3654 praesenti
1670 3613 1791 3644 Publico
1813 3611 2006 3642 instrumento
2025 3608 2155 3640 duximus
2175 3621 2325 3650 apponen-

1290 3664 1347 3684 um.

1304 3729 1371 3761 Nos
1386 3738 1497 3768 autern,
1512 3727 1713 3765 venditiones,
1731 3725 1992 3765 Approbationem,
2007 3724 2281 3767 Confinnariomm,
2293 3728 2328 3759 δε

1267 3765 1497 3800 Ratificationern
1513 3765 1657 3807 praeditstas
1669 3773 1845 3803 acceptantes
1858 3788 1868 3803 ,
1893 3774 1953 3802 eas,
1973 3773 2025 3802 pro
2047 3766 2127 3796 nobis
2146 3766 2179 3797 ὃς
2195 3766 2327 3797 Haeredi-

1267 3808 1318 3838 bus
1334 3807 1451 3844 nostris,
1469 3815 1605 3846 quantum
1619 3807 1647 3834 in
1664 3804 1744 3834 nobis
1757 3803 1814 3842 est,
1832 3802 2033 3841 concedimus,
2052 3804 2086 3835 δε
2099 3813 2134 3836 ex
2146 3804 2225 3837 certa
2235 3805 2327 3843 scien-A

1266 3846 1305 3877 tia
1321 3845 1540 3883 confirmamus,
1556 3843 1623 3874 sicut
1640 3842 1744 3872 Literae
1758 3841 1900 3881 praedidtae
1912 3840 2054 3872 testantur.

1302 3883 1334 3914 In
1349 3885 1441 3921 cujus,
1459 3883 1519 3913 &c.

1302 3959 1370 3993 Dat.
1383 3959 1455 4001 apud
1468 3956 1755 3989 westmonasterium
1763 3980 1773 3997 ,
1787 3956 1963 3989 duodecimo
1975 3954 2023 3988 die
2037 3957 2119 3990 Maii.

1409 4038 1462 4068 Per
1471 4035 1553 4076 ipfiam
1565 4038 1678 4077 Regem,
1696 4035 1985 4107 nunciauctezMagtstro
1996 4035 2113 4069 Roberto
2125 4037 2159 4070 de
2169 4034 2327 4105 Balgssssn
2375 4051 2392 4054 ··
