2562 4279
13 146 15 148 q
106 109 126 137 1
138 111 156 138 2
165 99 189 137 6

0 179 84 212 in.D.

0 228 62 258 325-

0 269 22 285 ⁰·
39 267 67 285 ²·
102 270 153 302 De
181 263 352 301 Trafflando
365 261 457 309 fhper
483 259 734 305 Confoederntione
760 271 829 292 cum
844 262 921 306 Rege
937 261 973 298 ὠ
991 256 1165 294 Proceribus

546 309 707 355 Hispania.

3 430 8 435 .
28 406 70 434 18.
112 396 244 454 REX
263 395 413 432 omnibus,
431 393 464 424 ad
480 403 568 432 quos,
586 394 646 425 &c
661 393 793 437 Salutem.
912 432 917 437 Ι
960 432 965 437 “
1122 430 1127 435 .

7 455 22 472 ²
108 431 863 510 Aifonsoffsssigffiffi‘ssg?ffaassissdififfiffima‘z
871 430 1170 513 Ιῖἑέἓῗῖῗέγῗίξῗὲἔῖ

109 511 312 549 Curatoribus,
331 511 364 541 &
385 519 455 553 cum
468 510 575 552 caeteris
589 508 787 548 Magnatibus,
805 493 990 547 i’roceribus,
1008 509 1041 539 &
1053 507 1171 538 Nobili-

109 549 161 580 bus
181 550 279 586 Regni
302 548 434 587 Ispanniae
449 571 459 586 ,
482 548 515 579 ὃς
539 548 658 578 aliorum
679 547 903 589 Regnorumq&
924 547 1172 588 Terrarum-quo-

104 593 317 625 rumcumque,
343 597 376 617 ac
398 585 660 617 Communitatibus
680 587 713 617 &
735 585 969 616 Universitatibus
990 586 1171 622 quibuscum-

105 637 180 666 que,
199 627 235 656 de
252 624 517 655 Confoederationis
533 625 566 655 &
582 625 725 655 Amicitiae
738 623 857 654 vinculo
871 623 981 661 speciali
996 633 1002 652 z

143 665 181 696 Et
194 664 226 695 ad
240 663 367 701 easdem,
383 662 668 693 Confoederationem
684 663 717 693 &
731 662 893 692 Amicitiam
902 684 911 700 ,
928 663 999 693 inter
1013 671 1064 690 nos
1076 660 1109 691 ὅς
1126 661 1170 699 ip-

105 703 172 742 sos,
205 700 359 732 ineundum
382 702 414 733 &
438 701 606 732 firmandum
622 724 631 740 ,
665 700 878 732 assecurandum
902 702 934 731 δε
958 699 1169 742 roborandum,

100 742 200 812 Εφάίε
222 741 255 771 &
277 740 346 779 viis,
364 741 466 780 qugbus
483 740 612 779 expedire
626 739 783 778 videbitur,
802 738 910 770 dilectis
925 740 957 770 ὃς
974 737 1101 768 hdelibus
1114 746 1168 768 no-

140 789 177 819 is,

139 856 270 896 Johanni
285 856 317 886 de
332 858 443 886 Stonore
459 854 566 893 Militi,

140 894 272 926 Arnaldo
289 893 427 925 Gullielmi
445 895 477 923 de
492 897 625 931 Biarnio,
643 896 758 923 Domino
773 893 805 922 de
818 892 952 932 Lesbum,

139 933 275 973 Affagistro
301 932 447 979 Willielmo
467 933 498 962 de
513 931 633 972 Wston,
651 932 734 970 Juris
748 931 846 962 Civilis
861 929 1021 970 Profeſjbri'‚
1037 929 1166 959 Canonico

135 971 374 1050 Misgfficrognssgffo,
384 969 421 1039 ἑξ
431 1008 582 1039 Galliciauo
590 1032 600 1047 ,
619 1012 748 1039 canonico
759 1007 977 1047 Rothomagenfi,

0 467 55 510 rbid.

143 1087 290 1119 Omnibus
304 1110 313 1125 ,
331 1086 365 1118 &
384 1086 472 1117 tribus
491 1095 590 1116 eorum
603 1109 613 1124 ,
632 1085 745 1124 plenam
764 1086 862 1117 damus
874 1107 886 1124 ,
907 1084 941 1116 δε
964 1081 1168 1120 concedimus,

101 1128 203 1159 'tenore
216 1126 411 1164 praesentium,
427 1123 599 1155 potestatem
613 1135 619 1155 :

145 1165 256 1196 Rarum
278 1163 399 1194 habituri
420 1164 453 1193 &
479 1163 594 1194 firmum
615 1164 682 1202 quic
702 1162 751 1193 uid
765 1186 775 1201 ,
801 1172 851 1201 per
869 1160 1040 1202 praediffms,
1060 1159 1170 1197 Johan-

105 1213 192 1242 nem,
211 1202 385 1240 Arnaldum,
408 1201 601 1233 Willielmum
637 1202 670 1233 &
718 1209 829 1240 etrum,
845 1201 892 1231 vel
914 1208 967 1229 tres
979 1207 1098 1242 eorum,
1116 1206 1171 1228 tra-

104 1243 231 1310 &affim‚
249 1242 367 1279 initum,
387 1239 550 1279 firmatum,
567 1251 583 1270 a
608 1249 770 1278 ecuratum,
785 1249 818 1269 ac
839 1239 946 1269 Faetum
958 1237 1085 1268 fueritin
1099 1246 1170 1274 prae-

104 1290 147 1311 ml
171 1291 192 1311 is
207 1291 213 1310 :

142 1318 197 1358 Et,
215 1317 249 1348 ad
263 1318 360 1348 omnia
374 1317 490 1348 fideliter
504 1316 690 1355 observanda,
707 1315 792 1354 Nos,
810 1316 844 1346 &
859 1314 955 1345 omnia
968 1313 1047 1345 Bona
1059 1311 1169 1352 nostra,

103 1358 254 1398 specialiter
268 1357 442 1395 obligamus,

141 1396 180 1426 Er
202 1395 339 1435 praemissa
358 1396 514 1431 omnibus,
533 1403 657 1433 quorum
678 1392 811 1431 interest,
834 1391 878 1424 vel
901 1390 1029 1422 interesse
1050 1391 1170 1431 poterit,

105 1434 308 1467 innotescimus
325 1443 374 1471 per
388 1432 548 1463 Praesentes.

144 1473 179 1505 In
194 1475 287 1512 cujus,
306 1473 366 1502 ἃς.

180 1511 250 1543 Dat.
265 1518 295 1541 ut
311 1509 397 1548 supra.

283 1635 342 1670 Ad
359 1639 482 1670 Tutores
504 1638 592 1683 Regis
606 1636 757 1682 Hispania.⁹
773 1633 809 1667 de
827 1633 995 1667 Credentia.

0 1740 38 1761 m,
53 1729 95 1760 D,
184 1721 268 1760 EX,
286 1721 392 1752 Nobili
413 1721 501 1759 Viro,
519 1720 654 1751 Domino
674 1719 817 1758 Johanni,
836 1718 907 1750 Filio
922 1715 1036 1749 Infantis
1050 1716 1173 1748 Manne-

4 1778 69 1807 ης,
110 1727 174 1791 R
195 1761 244 1798 lis,
271 1760 377 1790 Tutori
400 1760 510 1790 Illustris
533 1760 621 1797 Regis
645 1758 795 1796 Castellae,
815 1758 849 1788 ὃς
868 1756 915 1786 Re
936 1766 1039 1786 norum
1057 1756 1173 1799 suorum

0 1792 18 1836 ff
37 1808 78 1836 13,
112 1798 251 1836 Custodi,
267 1798 485 1837 Consanguineo
502 1799 535 1828 &
552 1798 659 1828 Amico
673 1797 723 1827 suo
737 1795 878 1827 carissimo
885 1818 895 1834 ,
913 1795 1057 1833 salutem,
1074 1796 1107 1827 ὃ(
1119 1798 1173 1826 sin-

14 1857 40 1874 2,
110 1847 183 1868 cerae
201 1837 356 1868 dilefflonis
371 1837 516 1867 affcc‘ium.

0 1885 98 1921 ausis.
153 1875 253 1906 Gratas
276 1877 307 1906 S:
329 1875 488 1906 amicabiles
508 1874 675 1906 Nobilitatis
695 1872 795 1904 vestrae
809 1873 947 1916 Litteras,
965 1873 1048 1903 nobis
1064 1873 1173 1904 exhibi-

12 1933 36 1950 2⁴
115 1920 167 1952 ωε,
186 1915 340 1951 recepimus
361 1914 428 1944 laeto
452 1913 531 1944 vultu
548 1924 554 1942 z
578 1923 612 1943 ex
632 1923 750 1952 quarum
769 1911 941 1951 inspectione
955 1920 1060 1942 naturae
1074 1911 1174 1942 vestrae

13 1963 54 1989 16,
68 1962 94 1989 d„
110 1953 238 1983 debitum
260 1952 332 1982 clare
355 1953 548 1989 cognovimus
569 1952 623 1982 esse
643 1952 838 1988 recognitum,
864 1951 928 1989 quia
948 1960 1007 1980 nori
1024 1950 1117 1980 soliim
1139 1950 1175 1982 ad

108 1991 320 2029 Beneplacita&
335 1990 463 2029 obsequia
479 1990 572 2020 nostra
589 1998 754 2027 promptum
770 1999 821 2019 vos
835 1988 972 2018 exhibetis
984 1990 1017 2019 &
1034 1997 1171 2028 paratum,

108 2029 149 2059 set
170 2030 253 2059 etiam
276 2028 423 2058 manifeste
444 2029 555 2058 asseritis
573 2029 662 2058 nichil
683 2028 851 2066 placentius,
869 2026 956 2056 nichil
969 2026 1174 2058 desiderabilius

110 2069 191 2098 vobis
206 2067 284 2106 posse
298 2066 410 2106 offerri,
428 2068 511 2106 quam
528 2077 560 2097 ca
573 2067 705 2104 perficere
721 2067 754 2097 &
769 2065 885 2103 exequi,
902 2074 965 2103 quse
984 2068 1001 2082 ⁸*
1017 2065 1171 2096 secundum

111 2106 280 2137 desiderium
296 2105 432 2143 ,nostrum
449 2106 532 2137 nobis
547 2106 647 2137 cedere
660 2104 775 2145 possent
787 2104 821 2135 ad
835 2103 1044 2144 commodum,
1062 2105 1106 2136 vel
1118 2105 1172 2136 lio-

111 2155 213 2176 norem
228 2156 234 2175 :

149 2184 240 2215 Unde
253 2208 262 2223 ,
287 2195 346 2216 non
366 2186 520 2224 inmerito,
539 2184 574 2216 de
597 2183 656 2215 tam
680 2182 757 2223 grati
776 2183 990 2222 propinquitatis
1009 2182 1173 2222 attinentia,

110 2223 282 2262 obsequii&
298 2225 412 2255 honoris
424 2224 595 2261 Oblatione,
614 2222 761 2259 laetificati,
779 2222 878 2252 vestrae
892 2221 1067 2252 Gratitudini
1080 2232 1114 2252 ex
1130 2223 1175 2251 in—

109 2264 187 2293 timo
209 2262 302 2293 cordis
319 2262 408 2293 nostri
429 2263 532 2294 Grates
554 2262 700 2292 referimus
722 2261 848 2298 speciales
867 2272 873 2291 :
900 2262 949 2299 &,
968 2259 1175 2298 specialissimos

113 2300 221 2331 nostrae
236 2302 336 2331 mentis
359 2301 541 2341 Interpretes,
560 2300 724 2339 Johannem
743 2300 779 2330 de
792 2299 1107 2337 Stonorejustitiarium
1122 2308 1175 2328 no-

111 2339 201 2369 strum
211 2362 221 2378 ,
238 2339 394 2369 Arrialdum
407 2339 566 2370 Guillielmi
582 2340 617 2369 de
628 2338 716 2368 Berne
730 2337 895 2368 Dominum
910 2338 946 2367 de
962 2337 1089 2375 Lescun,
1107 2336 1175 2368 Ma-

109 2377 228 2416 gistrum
246 2377 437 2407 Willielmum
451 2378 486 2408 de
500 2377 626 2408 Weston
638 2376 822 2406 Canonicum
839 2375 1065 2406 Lincolniensem
1081 2375 1174 2412 &Ju-

113 2416 149 2446 ris
173 2415 272 2446 Civilis
292 2415 481 2446 professorem
494 2439 504 2453 ,
524 2416 557 2447 &
578 2414 751 2453 Magistrum
771 2413 886 2444 Petrum
902 2414 938 2444 de
952 2413 1103 2444 Galiciano
1116 2413 1175 2444 Ca-

111 2454 255 2484 nonicum
275 2453 516 2493 Rotomagensem
531 2477 540 2491 ,
573 2454 630 2484 tam
658 2453 737 2490 super
756 2452 953 2484 incolumitate
973 2451 1065 2483 Statfis
1086 2453 1176 2483 nostri

112 2493 219 2531 (quam
243 2493 307 2522 totis
328 2491 464 2522 desideriis
477 2492 627 2526 affeetatis)
648 2493 735 2529 quam
750 2490 828 2528 super
839 2491 896 2521 aliis
907 2490 1073 2529 quibusdam
1088 2500 1175 2531 nego-

114 2532 177 2568 tiis,
195 2540 265 2568 nOS,
283 2531 317 2561 δε
330 2529 397 2568 Jura
412 2530 505 2560 nostra
519 2530 671 2570 specialiter
684 2530 937 2567 contingentibus,
956 2529 1112 2560 Dilectioni
1127 2540 1176 2560 ve-

114 2569 179 2600 strae
201 2568 353 2606 purissima:
374 2569 502 2599 secretius
521 2568 705 2607 exponendis,
725 2568 830 2604 plenius
850 2568 1020 2607 informare,
1038 2568 1063 2598 se
1074 2568 1109 2598 ad
1124 2579 1176 2600 vos

113 2608 244 2638 duximus
263 2607 512 2645 transmittendos,
531 2608 647 2645 quibus,
665 2607 683 2636 si
707 2606 814 2644 placet,
829 2606 862 2637 &
884 2606 994 2637 duobus
1012 2617 1130 2646 eorum,
1147 2609 1175 2637 in

112 2646 184 2716 gis,
203 2655 268 2687 quae
288 2645 369 2677 vobis
391 2646 488 2677 dicent
501 2654 534 2676 ex
550 2654 625 2686 parte
639 2644 750 2683 nostra,
771 2645 901 2676 adhibere
915 2646 1005 2677 velitis
1018 2645 1129 2685 plenam
1143 2646 1177 2676 fi-

151 2694 190 2715 m.

156 2723 205 2755 De
229 2733 264 2753 eo
289 2732 384 2754 autem
404 2724 483 2763 quod
500 2747 510 2763 ,
542 2723 676 2754 dileetum
699 2723 866 2755 Stratilatem
886 2722 1014 2753 nostrum
1028 2746 1038 2761 ,
1071 2723 1105 2754 δε
1127 2733 1177 2754 ve-

117 2762 207 2794 strum
224 2762 401 2800 Alumpnum
419 2786 428 2800 ,
453 2762 621 2793 Bernardum
638 2762 800 2800 Peregrini,
818 2763 852 2793 ad
872 2761 988 2799 praesens
1008 2771 1067 2791 non
1090 2762 1178 2792 mitti-

117 2810 181 2831 mus
201 2800 234 2829 ad
256 2811 323 2838 VOS,
341 2811 401 2830 non
417 2801 535 2831 moleste
551 2801 656 2838 ferati53
671 2802 710 2831 set
723 2802 778 2831 t-'am
794 2811 844 2831 nos
857 2800 943 2839 quam
958 2799 1048 2839 ipsum
1062 2799 1177 2830 Bernar-

116 2839 187 2870 dum
202 2838 338 2875 habeatis,
355 2839 374 2868 s1
389 2839 494 2877 placet,
512 2840 668 2876 excusatos,
683 2849 749 2869 nam
762 2839 872 2870 dietum
888 2838 1074 2875 Bernardum,
1093 2846 1177 2878 utpo-

117 2886 148 2908 te
169 2876 205 2907 de
224 2877 302 2914 cujus
321 2876 656 2919 fidelitatetconsidimus,
675 2887 727 2916 pro
749 2878 805 2908 aliis
820 2877 918 2909 nostris
935 2878 1054 2918 negotiis
1068 2876 1177 2917 arduis,

118 2916 153 2949 ad
190 2923 258 2946 artes
270 2916 332 2946 alias
346 2916 544 2945 transmisimus
557 2924 741 2955 occupatum.

188 2962 224 2985 at.
239 2953 313 2992 apud
330 2952 635 2993 Westmonasterium,
654 2954 728 2985 sexto
740 2954 786 2985 die
800 2954 951 2986 Februarii.

9 2077 62 2104 IV.

1 2123 46 2150 25.

0 3048 11 3074 ,1-
14 3046 78 3075 dem·
118 3030 247 3099 REgkX
266 3029 359 3061 eidem
376 3030 516 3069 johanni,
535 3031 593 3061 &c
615 3030 746 3070 salutem,
765 3032 798 3062 δε
813 3032 925 3063 sincerae
938 3032 1096 3064 dilectionis
1107 3032 1176 3064 affe-

224 3079 280 3099 um.
612 3095 615 3097 .

159 3107 264 3138 Literas
285 3107 444 3138 dileetionis
465 3107 580 3146 vestrae,
599 3109 703 3138 amoris
715 3108 748 3138 &
762 3108 962 3139 benivolentiae
976 3109 1178 3147 plenitudinem

121 3147 325 3184 exprimentes,
344 3156 392 3184 per
408 3156 506 3176 manus
526 3146 664 3184 Alumpni
678 3145 779 3185 vestri,
798 3148 831 3178 ὅ(
845 3147 941 3177 directi
958 3147 1111 3178 Servientes
1126 3159 1180 3179 no-

123 3184 172 3214 stri
191 3184 225 3214 ad
246 3195 338 3223 arma,
356 3184 486 3214 Bernardi
502 3183 631 3224 Peregini
646 3186 801 3222 recepimus
815 3185 883 3215 laeto
898 3186 994 3224 vultu,
1012 3187 1047 3216 de
1059 3195 1180 3217 conten-

123 3224 156 3252 tis
173 3223 203 3251 in
225 3222 326 3252 eisdem
349 3222 460 3260 plenam
475 3222 608 3253 fiduciam
624 3231 808 3260 reportantes,
824 3223 859 3252 de
871 3224 983 3262 quibus,
999 3225 1132 3255 omnibus
1146 3226 1180 3256 &

122 3261 161 3291 fin
182 3261 233 3291 ulis
248 3260 347 3291 vestrae
359 3261 516 3299 gratitudini
532 3270 622 3298 grates
637 3261 781 3291 referimus
792 3261 928 3298 speciales.

160 3270 216 3338 fit,
234 3300 298 3337 quia
320 3299 349 3329 in
370 3300 469 3337 brevi,
488 3300 522 3330 de
536 3301 618 3331 latere
632 3299 746 3337 nostro,
761 3299 896 3338 quosdam
908 3299 1114 3338 specialissimos
1129 3311 1183 3331 no-

124 3336 190 3367 strae
210 3339 312 3367 mentis
328 3337 492 3377 Interpretes
506 3361 515 3375 ,
542 3348 594 3376 pro
616 3337 783 3377 quibusdam
807 3337 914 3368 secretis
932 3337 1034 3368 nostris
1048 3361 1058 3376 ‚
1082 3339 1184 3369 vestrae

125 3375 285 3407 Diletstioni
305 3375 464 3414 detegendis
478 3399 487 3413 ,
504 3375 538 3405 ad
560 3387 610 3406 vos
623 3401 632 3414 ‚
651 3376 783 3406 Domino
802 3376 980 3406 concedente
995 3399 1004 3412 ,
1023 3377 1184 3415 mittemus,

127 3423 179 3451 per
199 3414 330 3446 Latorem
351 3415 547 3452 praesentium,
564 3415 598 3444 ad
613 3415 731 3453 praesens
747 3424 795 3454 per
808 3415 926 3453 singula,
943 3415 971 3444 in
986 3415 1066 3444 dietis
1085 3415 1186 3445 Literis

124 3451 231 3481 vesti-is
250 3461 382 3483 contenta
395 3476 404 3491 ,
429 3463 488 3482 non
511 3452 639 3483 duximus
659 3451 869 3483 rescribendum
891 3464 901 3490 3
931 3451 969 3483 set
992 3452 1078 3482 iidem
1097 3453 1187 3483 nostri

130 3489 245 3519 Nuncii
267 3491 370 3520 nostrae
392 3492 494 3521 mentis
517 3500 685 3521 contentum
706 3491 827 3528 plenarie
841 3490 1015 3528 reserabunt3
1034 3492 1152 3529 quibus,
1168 3491 1189 3521 si

129 3528 223 3595 1placet
235 3550 245 3567 ,
263 3529 292 3558 in
312 3529 435 3560 dicendis
458 3538 492 3559 ex
513 3537 588 3568 parte
609 3528 704 3560 nostrai
718 3553 727 3568 ,
747 3529 860 3569 plenam
881 3529 967 3560 fidem
989 3529 1121 3560 adhibere
1140 3539 1191 3560 ve-

152 3574 191 3596 tis.

169 3603 237 3635 Dat.
255 3605 383 3643 utsupra.

23 3697 89 3728 151,
134 3686 264 3755 Rlisse}
284 3689 376 3719 eidem
391 3688 515 3728 Johanni
534 3713 543 3729 ,
561 3691 623 3722 &c
645 3690 759 3721 salutem
775 3713 785 3729 ,
801 3690 834 3721 &
853 3690 964 3721 sincerae
982 3689 1140 3721 dilectionis
1156 3689 1199 3722 af-

179 3735 326 3806 Qaecig&
348 3764 476 3805 Negotia
488 3789 498 3805 ,
529 3777 580 3796 nos
612 3768 645 3798 δε
673 3767 741 3805 Jura
773 3766 867 3797 nostra
905 3766 1054 3806 specialiter
1085 3767 1200 3797 contin-

143 3806 259 3841 gentia,
282 3801 400 3833 discreto
434 3804 506 3835 Viro
520 3828 529 3843 ,
555 3805 588 3836 δε
613 3805 697 3835 nobis
718 3805 848 3843 dileffito,
874 3805 996 3836 Andreae
1021 3805 1097 3835 Petri
1115 3814 1199 3834 com-

141 3836 266 3866 misimus
287 3838 385 3869 vestrce
403 3841 556 3872 Nobilitati
579 3843 708 3874 secretius
730 3844 911 3886 exponenda,
928 3844 992 3880 cui,
1010 3843 1030 3874 fi
1045 3843 1151 3883 placet,
1168 3843 1199 3872 in

141 3873 327 3945 lsffiwciiecnendis
345 3886 377 3906 ex
398 3888 473 3917 parte
490 3880 600 3920 nostra,
618 3882 730 3921 plenam
743 3882 833 3913 velitis
846 3883 879 3914 &
892 3882 1038 3914 indubiam
1052 3880 1138 3913 fidem
1151 3880 1200 3912 ad-

113 3963 116 3965 *
154 3972 158 3977 -
179 3949 249 3983 Dat.
266 3950 391 3989 utsupra.

588 84 1400 137 coNvENTIONEQ

1456 82 1854 135 LITERAE,

1209 171 1261 228 R
1273 169 1298 200 E
1311 168 1357 209 X,
1376 171 1483 201 Nobili
1498 170 1632 208 Mulieri,
1651 168 1791 199 Dominae
1806 168 1924 207 Mariae,
1942 167 2085 200 Dominae
2098 169 2134 201 de
2147 167 2275 210 Biscaye‚
2291 163 2368 196 ΑΜ·
2383 159 2426 197 D·

1281 208 1506 248 Consanguineae
1527 209 1581 239 suae
1596 207 1772 246 Cariffimae,
1789 207 1934 245 Salutem,
1952 208 1985 238 &
2001 209 2172 239 continuum
2185 210 2274 240 since·
2315 211 2387 244 1325
2393 226 2400 231 ·

1210 255 1249 274 rae
1263 246 1432 278 Diletstionis
1448 249 1666 278 incrementum.
2290 243 2360 271 Edv.
2381 253 2408 271 2-

1249 284 1382 317 Innatum
1395 286 1496 317 vestrae
1509 285 1687 325 Benignitatis
1700 283 1836 315 affeetum
1850 293 1935 324 penes
1949 294 2001 314 nos
2013 291 2124 323 gratum
2136 286 2276 323 cognovi-
2324 281 2389 308 zbid.

1214 331 1293 362 mus,
1311 325 1344 355 ὃ(
1361 325 1395 355 ad
1414 326 1556 355 honorem
1577 323 1710 354 nostrum
1732 324 1806 354 votis
1825 324 1960 353 omnibus
1975 331 2175 360 praeparatum,
2193 332 2276 361 prout

1213 362 1436 399 praecedentium
1456 372 1620 402 temporum
1642 362 1812 400 experientia
1823 362 1938 398 docuit,
1956 362 2006 399 &,
2021 360 2132 391 discreti
2147 360 2226 399 Viri,
2243 362 2276 391 δε

1213 401 1296 430 nobis
1317 401 1431 440 dileeti,
1450 401 1574 432 Andreae
1595 401 1671 431 Petri
1686 399 1896 438 prudentissima
1909 399 2006 430 relatio
2021 399 2169 439 patefecit,
2186 399 2280 438 unde,

1213 446 1274 468 non
1294 440 1447 479 inmerito,
1462 441 1499 470 de
1518 448 1602 472 tantae
1620 439 1795 479 propaginis,
1813 449 1828 467 a
1841 438 1940 468 nostro
1955 438 2087 468 Comuni
2100 437 2199 474 Stipite
2214 447 2282 477 pro-

1215 475 1344 516 deuntis,
1361 479 1418 508 tam
1438 477 1530 518 grati,
1554 480 1666 517 tamque
1690 477 1771 508 natali
1792 475 1965 507 cohaerentia
1986 476 2143 514 plurimum
2162 476 2281 516 gratula—

1217 523 1282 545 mur
1295 539 1305 553 ,
1335 516 1405 546 dum
1437 520 1540 547 mutuis
1563 517 1717 546 honoribus
1737 515 1861 546 invicem
1881 515 2071 555 applaudimus
2084 537 2093 553 ,
2122 515 2280 555 mutuisque

1216 552 1346 584 Consiliis
1359 556 1391 585 &
1405 554 1524 585 Auxiliis
1536 556 1734 586 confovemur.

1216 598 1220 622 ζ
1252 592 1298 623 Ad
1322 603 1374 623 vos
1393 593 1490 631 igitur,
1509 593 1712 625 Secretiffimos
1733 592 1838 623 nostrae
1859 591 1961 623 mentis
1980 592 2157 633 interpretes,
2171 591 2282 631 Johan-

1216 638 1286 660 nem
1307 631 1343 661 de
1366 630 1488 662 Stonore
1502 632 1687 670 Justitiarium
1707 631 1835 662 nostrum
1850 655 1860 669 ,
1889 631 2047 661 Arnaldum
2065 631 2224 662 Guillielmi
2242 631 2279 667 de

1215 668 1306 699 Berne
1328 669 1492 700 Dominum
1513 670 1549 700 de
1568 670 1697 709 Lescun,
1716 669 1887 709 Magistrum
1899 669 2090 700 Willielmum
2104 670 2140 701 de
2152 668 2279 701 Weston

1217 706 1403 738 Canonicum
1418 707 1646 739 Lincolniensem
1661 709 1694 740 &
1704 708 1779 747 Juris
1792 708 1893 739 Civilis
1907 707 2099 739 Profefforem
2110 731 2119 747 ,
2136 709 2169 741 ὃ(
2185 707 2280 748 Magi-

1213 744 1304 776 strum
1325 746 1442 776 Petrum
1464 746 1499 776 de
1514 746 1665 778 Galiciano
1679 746 1861 778 Canonicum
1876 745 2114 786 Rotomagensem
2150 757 2203 786 pro
2236 747 2280 776 ui-

1213 784 1327 814 busdam
1351 784 1504 853 Negotiis,
1518 784 1671 824 specialiter
1694 795 1745 816 nos
1772 786 1966 825 tangentibus,
1980 786 2080 816 vestrae
2103 769 2216 816 Citatitu
2238 787 2275 816 ini

1213 822 1362 852 reserandis
1373 846 1382 860 ,
1423 824 1535 854 uximus
1557 823 1797 862 transmittendos,
1815 825 1932 863 quibus,
1950 826 1970 854 si
1991 825 2099 862 placet,
2115 824 2220 863 tribus,
2240 825 2274 855 δε

1214 860 1324 891 duobus
1345 870 1464 900 eorum,
1482 862 1512 891 in
1528 862 1598 901 hiis,
1616 872 1679 902 quae
1691 862 1773 892 vobis
1785 862 1882 893 dicent
1896 872 1930 893 ex
1945 872 2022 902 parte
2034 863 2144 901 nostrfi,
2161 863 2275 907 plenam

1213 898 1299 929 fidem
1317 899 1475 941 adhibere,
1490 900 1621 940 ipsisque,
1639 910 1692 941 pro
1705 900 1775 931 loco
1788 900 1822 931 &
1836 909 1981 940 tempore,
2001 901 2120 933 affistere
2133 902 2224 934 velitis
2235 901 2277 932 fa-

1213 937 1327 968 voribus
1341 945 1500 978 oportums.

1248 975 1319 1006 Dat.
1333 984 1363 1007 ut
1378 976 1466 1016 supra.

1390 1105 1417 1132 ’ἦ
1431 1107 1480 1139 De
1508 1106 1653 1150 Gallicis,
1679 1104 1850 1150 arrestum,
1875 1094 2100 1151 dearrestandis.

1217 1190 1343 1247 REX
1364 1190 1471 1230 Major}
1489 1191 1521 1223 &
1540 1191 1650 1224 Ballivis
1670 1192 1722 1223 suis
1735 1193 1772 1224 de
1784 1192 1963 1233 Sandwyco,
1977 1191 2112 1224 Salutem.
2294 1213 2321 1245 A
2383 1211 2416 1246 D

1310 1231 1387 1269 Qia
1398 1231 1561 1268 accepimus
1568 1231 1648 1270 quod
1661 1231 1727 1262 Rex
1734 1231 1859 1263 Franciae
1866 1242 1968 1262 omnes
1978 1230 2285 1273 Mercatores&alios,
2323 1223 2389 1269 Μ’,
2417 1238 2426 1247 ’

1219 1265 1255 1296 de
1269 1268 1368 1299 nostro
1381 1268 1487 1307 Regno
1504 1268 1633 1308 Angliae,
1648 1280 1739 1308 nuper
1750 1271 1820 1301 infra
1834 1270 2028 1309 Dominium,
2057 1271 2090 1301 &
2109 1271 2279 1304 Potestatem
2293 1263 2400 1320 A¹3²'3'

1217 1304 1304 1345 suam,
1318 1308 1468 1338 occasione
1482 1306 1682 1346 Dissensionis‚
1702 1310 1775 1340 inter
1789 1309 1880 1348 ipsum
1893 1311 1927 1341 &
1941 1319 1993 1340 nos
2007 1317 2107 1349 motae,
2125 1310 2283 1350 Captos,&
2294 1303 2345 1358 En*
2366 1303 2375 1320 ¹
2401 1313 2408 1320 '

1218 1342 1376 1387 Arestatos,
1394 1346 1427 1377 &
1443 1345 1662 1385 Imprisonatos,
1679 1346 1715 1377 de
1731 1348 1820 1385 gratis
1835 1347 1881 1378 sua
1893 1348 2011 1388 speciali,
2029 1347 2174 1379 dearestari
2189 1349 2223 1380 &
2234 1350 2285 1381 de-
2294 1353 2323 1395 V·
2344 1340 2369 1359 ²*
2396 1369 2412 1396 3

1216 1381 1327 1414 hberari
1340 1386 1490 1423 praecepit,
1508 1385 1558 1424 &,
1577 1395 1636 1425 quo
1648 1385 1808 1424 voluerint,
1826 1386 1912 1417 libere
1923 1387 2000 1417 abire
2013 1387 2155 1427 permifit;
2292 1370 2360 1434 Eas?
2382 1379 2390 1396 ¹
2415 1388 2424 1397 '

1255 1422 1342 1461 Nos,
1360 1423 1554 1461 Hominibus,
1572 1425 1608 1455 de
1627 1423 1770 1456 Potestate
1788 1425 1858 1455 diCti
1871 1424 1960 1465 Regis
1972 1425 2116 1465 Franciae,
2136 1427 2206 1459 infra
2221 1426 2282 1459 Re-
2294 1428 2323 1474 m'
2351 1429 2370 1473 g'
2394 1445 2413 1475 l

1218 1468 1309 1497 gnum
1333 1461 1465 1493 nostrum
1480 1464 1582 1502 captis,
1599 1462 1736 1501 arestatis,
1753 1463 1786 1495 &
1800 1463 2000 1503 imprisonatis,
2017 1466 2134 1502 gratiam
2148 1466 2284 1498 confimi-
2324 1465 2330 1474 ‘
2372 1467 2377 1473 '
2414 1465 2422 1474 ”

1218 1499 1275 1531 lem
1292 1500 1382 1531 facere
1398 1501 1540 1540 volentes,

1258 1537 1349 1569 Vobis
1371 1539 1536 1570 mandamus
1549 1539 1629 1578 quod
1644 1550 1746 1571 omnes
1761 1539 1922 1579 Homines,
1938 1539 2134 1573 deDominio
2147 1543 2181 1575 ὅ(
2194 1542 2282 1575 Pote-

1220 1576 1289 1608 state
1307 1576 1376 1608 dieti
1395 1577 1484 1616 Regis
1498 1578 1641 1617 Franciae,
1659 1579 1730 1610 infra
1744 1578 1878 1610 Ballivam
1890 1578 2013 1611 vestram
2028 1579 2154 1621 Captos,
2170 1582 2283 1614 Aresta-

1219 1624 1279 1654 tos,
1298 1615 1331 1646 &
1348 1616 1562 1656 Imprisonatos,
1579 1617 1728 1648 occasione
1742 1618 1900 1657 praemissi,
1914 1618 2075 1658 dearestari,
2090 1621 2124 1651 &
2135 1621 2283 1653 deliberari

1218 1655 1341 1693 faciatis,
1360 1655 1394 1686 ὃ(
1415 1656 1449 1686 ad
1469 1655 1557 1686 dicitas
1572 1664 1661 1694 partes
1677 1655 1820 1695 Franciae,
1838 1657 1939 1697 absque
1952 1657 2158 1695 impedimento
2171 1660 2284 1700 aliquo,

1219 1703 1288 1724 cum
1310 1692 1442 1731 Expensis
1461 1694 1513 1724 suis
1534 1694 1697 1731 moderatis,
1717 1694 1752 1724 de
1773 1695 1859 1726 Bonis
1877 1696 1929 1726 suis
1942 1697 2076 1736 propriis,
2094 1707 2144 1735 per
2157 1709 2209 1734 vos
2222 1710 2284 1730 are-

1220 1731 1313 1776 statis,
1325 1734 1402 1776 Juxta
1421 1733 1562 1778 qualitates
1582 1732 1784 1776 Personarum,
1800 1744 1848 1772 per
1869 1745 1921 1765 vos
1934 1735 2070 1773 taxandis,
2089 1737 2284 1769 &liberandis

1220 1770 1342 1808 eisdem,
1357 1770 1444 1801 libere
1459 1776 1572 1802 transire
1584 1772 1757 1809 permittatis,

1260 1808 1349 1840 Teste
1363 1808 1445 1849 Rege
1459 1810 1532 1850 apud
1549 1809 1853 1849 Westmonasterium,
1872 1811 1977 1844 octavo
1989 1811 2036 1842 die
2050 1812 2203 1852 Februarii,

1881 1890 1936 1918 Per
1947 1888 2029 1928 ipsum
2042 1892 2146 1928 Regem.

1367 2012 1426 2046 Ad
1438 2014 1561 2046 Tutores
1581 2015 1668 2059 Regis
1694 2011 1844 2058 Hispaniis
1861 2038 1872 2054 ‚
1904 2010 1941 2044 de
1971 2010 2138 2045 Credentia.

1291 2097 1317 2128 E
1327 2097 1358 2128 X
1368 2121 1377 2137 ,
1392 2097 1605 2129 Venerabilibus
1619 2096 1713 2135 Viris,
1726 2096 1863 2127 Domino
1882 2096 2016 2135 Philippo
2029 2120 2040 2135 ,
2063 2097 2149 2128 bonae
2171 2107 2284 2130 memo·
2295 2112 2363 2143 Am,
2386 2111 2430 2144 D.

1303 2138 1368 2175 riae,
1388 2138 1499 2176 Sancii,
1515 2135 1661 2177 quondam
1681 2135 1771 2173 Regis
1790 2135 1921 2166 Castellae
1934 2159 1944 2174 ,
1963 2136 2056 2166 Filio:
2084 2135 2216 2168 Domino
2230 2138 2285 2177 Jo-
2314 2161 2326 2182 1
2351 2137 2388 2188 2'5
2420 2135 2428 2145 ⁶

1219 2173 1305 2204 hanni
1320 2177 1393 2206 Filio
1409 2175 1524 2206 Infantis
1533 2175 1695 2213 Johannis,
1712 2175 1745 2205 &
1764 2174 1899 2205 Domino
1917 2174 2040 2212 Johanni
2052 2198 2061 2213 ,
2080 2174 2151 2205 Filio
2170 2175 2287 2208 Infantis
2291 2161 2347 2218 An3
2367 2176 2400 2218 ,ἑ

1221 2212 1384 2252 Manueli83
1402 2214 1561 2245 Tutoribus
1579 2213 1693 2243 lllustris
1716 2213 1803 2252 Regis
1826 2212 1974 2251 Castellae,
2001 2213 2226 2252 Consanguineis
2241 2216 2275 2247 &
2295 2234 2316 2257 Ε
2338 2214 2363 2258 '2
2401 2212 2410 2220 ⁹

1221 2252 1330 2284 Amicis
1341 2253 1392 2284 suis
1409 2253 1567 2290 carissimis,
1587 2252 1710 2282 Salutem
1721 2274 1730 2290 ,
1748 2252 1911 2282 &sincerae
1924 2251 2080 2282 dile&ionis
2094 2253 2240 2284 atfedium.
2294 2252 2416 2305 Csaujiss

1258 2290 1305 2320 Ad
1320 2291 1509 2330 praesentiam,
1526 2291 1596 2321 dicti
1610 2290 1762 2327 Principis,
1780 2291 1814 2320 &
1830 2289 1953 2320 Domini
1975 2290 2078 2330 vestri,
2099 2290 2279 2332 Consangui-
2291 2310 2312 2333 Ε
2343 2316 2356 2333 2
2373 2292 2379 2297 '
2421 2292 2425 2297 '

1220 2329 1265 2399 Egi
1277 2330 1532 2400 lnostristcariffimi,
1550 2339 1598 2367 per
1609 2328 1731 2360 vestram
1747 2328 1910 2360 Amicitiam
1922 2330 2090 2369 gratuitam,
2107 2329 2226 2362 diletstos
2246 2332 2280 2362 &
2292 2327 2329 2373 m·
2350 2327 2390 2372 [6.
2401 2345 2427 2374 J,

1260 2377 1276 2398 e
1287 2377 1315 2399 es
1327 2379 1367 2401 no
1392 2379 1445 2408 ros,

1257 2445 1419 2485 Johannem
1433 2447 1465 2476 de
1480 2450 1589 2477 Stonore
1603 2445 1794 2486 Justitr'arium
1807 2445 1963 2486 nostrorum,

1257 2485 1418 2515 Arnaldum
1432 2484 1578 2515 Guillielnn'
1589 2488 1622 2515 de
1638 2488 1726 2515 Berne
1739 2488 1886 2515 Dominum
1898 2485 1930 2514 de
1943 2482 2057 2522 Lefiun,

1259 2523 1423 2571 Magistrifnfz
1440 2523 1612 2554 Wllielmum
1625 2523 1658 2553 de
1672 2522 1776 2563 Wston
1791 2525 1951 2552 Canonicum
1971 2520 2181 2561 Lincolnienfi’m
2195 2521 2282 2562 Jurit

1260 2562 1425 2640 Maggffiss
1438 2559 1758 2630 {Zgfflrtessbibl'iciano
1769 2601 1929 2628 Canonicum
1944 2598 2159 2640 Rotomagensem
2164 2622 2177 2638 ‚

1259 2676 1387 2707 Nostros
1394 2675 1542 2716 dirigimus
1556 2675 1690 2707 Nuncios
1704 2675 1842 2714 speciales:

1262 2715 1375 2754 Quibus
1397 2715 1527 2752 quaedam
1544 2716 1680 2753 negotia,
1702 2724 1754 2744 nos
1772 2713 1923 2754 specialiter
1945 2716 2155 2755 contingentia,
2179 2715 2281 2747 vestrae

1223 2752 1397 2784 Gratitudini
1411 2753 1605 2784 commisimus
1619 2753 1742 2783 seriosius
1754 2753 1935 2793 exponenda3

1260 2792 1294 2822 In
1310 2793 1426 2831 quibus,
1446 2792 1465 2822 si
1481 2792 1573 2830 placet
1588 2815 1598 2830 ,
1615 2791 1696 2823 dietis
1709 2791 1744 2821 N
1747 2792 1835 2822 unciis
1847 2791 1964 2828 nostris,
1982 2791 2016 2822 &
2037 2792 2143 2823 Tribus
2162 2802 2281 2831 eorum,

1222 2839 1356 2869 tanquam
1370 2831 1475 2861 nostrae
1488 2832 1562 2861 vivae
1577 2831 1657 2861 vocis
1669 2829 1786 2861 oraculo
1795 2853 1804 2869 ,
1820 2829 1931 2870 plenam
1944 2829 2029 2861 fidem
2043 2831 2190 2869 adhibere,
2206 2832 2278 2871 ipsis·

1222 2879 1278 2909 que
1286 2894 1296 2910 ,
1334 2880 1366 2901 ro
1380 2870 1448 2900 loco
1461 2871 1495 2901 &
1507 2878 1636 2909 tempore
1643 2892 1653 2908 ,
1671 2868 1790 2899 assistere
1802 2869 1892 2899 velitis
1903 2868 2046 2899 favoribus
2063 2870 2219 2908 oportunis.

1336 2916 1371 2940 at.
1384 2909 1458 2948 apud
1474 2907 1780 2946 westmonasterium,
1797 2907 1912 2938 decimo
1925 2907 1970 2938 die
1984 2907 2134 2939 Februarii.

1322 3035 1372 3069 De
1391 3031 1534 3078 Potestase
1550 3031 1595 3067 ad
1610 3032 1824 3113 Suffirentrd‘zm
1841 3043 1911 3066 cum
1927 3032 2014 3065 Duce
2029 3031 2189 3063 Britannia

1660 3093 1748 3115 lneun
1790 3092 1833 3112 m-

1226 3169 1321 3234 RE
1332 3169 1363 3201 X
1380 3170 1530 3207 omnibus,
1547 3168 1582 3199 ad
1594 3176 1680 3205 quos,
1697 3167 1757 3197 &c.
1777 3163 1910 3194 Salutem.
2298 3157 2424 3190 Ann,D.

1344 3208 1391 3238 De
1408 3208 1537 3238 fidelitate
1551 3205 1668 3246 probata
1686 3205 1720 3234 &
1743 3201 1996 3242 circumspetStione
2014 3201 2150 3242 provida,
2163 3201 2282 3232 dilecto-
2317 3206 2401 3237 1325·

1226 3255 1290 3275 rum
1303 3246 1336 3276 &
1351 3245 1475 3276 fidelium
1490 3244 1669 3281 nostrorum,
1687 3241 1895 3272 Venerabilium
1910 3240 2044 3279 Patrum,
2057 3240 2194 3280 Johannis
2201 3241 2283 3271 Nor-
2294 3240 2346 3264 An.
2365 3236 2409 3264 18·

1228 3284 1372 3322 wicensis,
1388 3285 1422 3314 ὃς
1433 3283 1571 3322 Johannis
1587 3280 1819 3320 Wyntoniensis,
1846 3278 2051 3319 Episcoporum
2066 3291 2076 3317 3
2095 3280 2129 3310 &
2145 3279 2284 3322 Johannis
2292 3279 2323 3302 Ε·
2341 3283 2367 3302 2·

1227 3321 1263 3352 de
1278 3321 1418 3353 Britannia
1433 3321 1558 3352 Comitis
1568 3319 1800 3357 Richemundiae,
1816 3316 2026 3358 Consanguinei
2037 3317 2126 3349 nostri
2143 3317 2284 3354 cariffinn,
2293 3316 2352 3340 Pat.
2366 3310 2408 3339 ¹8·

1226 3360 1346 3400 plenarie
1359 3360 1547 3397 confidentes,
2229 3392 2234 3398 .
2296 3354 2327 3377 E·
2347 3359 2374 3376 2-

1267 3398 1313 3428 Ad
1327 3399 1479 3429 ineundem
1492 3399 1635 3436 Treugas,
1650 3396 1697 3427 seu
1710 3395 1909 3427 Sufferentiatn
1921 3396 1993 3427 inter
2007 3395 2077 3426 Nos
2095 3395 2130 3426 &
2149 3392 2281 3425 Subditos
2290 3395 2315 3426 p-
2335 3397 2362 3415 2·
2385 3427 2392 3434 ἱ

1231 3436 1353 3475 nostros,
1375 3447 1408 3468 ex
1422 3446 1499 3474 parte
1511 3436 1583 3475 una,
1601 3436 1635 3466 ὅ(
1650 3435 1813 3474 johannem
1834 3433 1951 3465 Ducem
1966 3434 2132 3472 Britanniae,
2155 3430 2284 3462 Consan-
2294 3436 2330 3456 71)-
2346 3434 2392 3462 δῖε

1232 3477 1369 3514 guineum
1382 3475 1526 3513 nostrum,
1543 3476 1577 3507 δε
1593 3475 1654 3505 suos
1668 3473 1817 3512 Subditos,
1835 3482 1870 3503 ex
1884 3473 1983 3504 alteri:

1270 3513 1309 3544 Et
1319 3514 1353 3545 ad
1364 3514 1471 3545 easdem
1487 3514 1631 3553 TreugaS,
1648 3511 1693 3542 seu
1705 3511 1901 3542 Sufferentiam
1915 3535 1925 3550 ,
1946 3510 2106 3543 vallandum
2121 3508 2155 3539 δε
2172 3505 2286 3550 firman-

1235 3551 1323 3590 dum,
1341 3553 1434 3584 modis
1445 3554 1478 3583 &
1492 3554 1559 3592 viis,
1577 3552 1678 3590 quibus
1695 3550 1793 3580 melius
1813 3549 1942 3588 expedire
1960 3549 2100 3581 videbitur
2114 3568 2124 3584 ,
2148 3545 2285 3584 praefatis,

1237 3590 1383 3629 Episcopis
1396 3615 1406 3630 ‚
1426 3592 1460 3622 &
1472 3590 1600 3628 Comiti,
1618 3590 1651 3620 &
1665 3588 1774 3619 duobus
1788 3598 1904 3626 eorum,
1922 3588 2153 3626 plenam,ten0re
2165 3582 2284 3621 praesen-

1237 3630 1309 3660 tium
1318 3653 1327 3668 ,
1344 3630 1531 3661 concedimus
1544 3627 1733 3659 Potestatern:

1275 3668 1402 3707 Ratum,
1419 3677 1528 3707 gratum
1541 3669 1576 3698 δε
1587 3665 1703 3696 firmum
1715 3665 1836 3695 habituri
1849 3662 1999 3705 quicquid,
2016 3671 2066 3701 per
2085 3659 2231 3704 praefatos,
2249 3657 2290 3688 Ε-

1238 3709 1380 3775 ρίἷεξροε,
1398 3707 1431 3738 &
1443 3707 1593 3738 Comitem
1605 3727 1615 3743 ,
1638 3704 1683 3735 vel
1702 3704 1773 3735 duos
1792 3712 1893 3734 eorum
1904 3724 1916 3741 ,
1939 3699 2048 3732 fastum
2066 3698 2149 3729 fuerit
2168 3707 2199 3727 in
2218 3705 2292 3737 prae-

1239 3748 1289 3778 mii
1303 3756 1332 3776 is.

1278 3784 1311 3815 In
1327 3784 1406 3821 cujus
1439 3785 1500 3815 &c.
2015 3814 2021 3820 ·
2108 3814 2113 3819 ι
2269 3811 2285 3816 .-

1314 3822 1403 3854 Teste
1413 3808 1497 3864 kege
1508 3821 1581 3861 apud
1594 3814 2074 3855 Westmomsterium,duodecimo
2085 3812 2132 3844 die
2145 3811 2297 3844 Februarii.

2250 3984 2310 4018 ’Λᾶ
