2562 4279
772 158 881 199 ET
964 160 1219 202 ACTA

45 247 123 280 Ann-
136 246 178 277 D.
194 251 276 292 plena
289 251 458 289 concordia,
475 250 614 286 dirigente
628 247 778 285 Domino,
795 245 883 276 valeat
901 245 1059 283 reformari,
1077 246 1111 276 &
1125 245 1199 289 hoc,
1212 242 1252 288 'si-

70 294 153 326 1312.
193 298 241 321 cut
255 300 323 328 nOS,
341 291 525 320 &honorem
544 286 672 316 nostrum
685 307 695 323 ,
720 294 753 314 ac
773 285 961 314 commodum
975 284 1100 315 vestrum
1120 283 1247 322 diligitis,

44 326 112 354 adv.
131 334 160 352 ²·
193 329 272 360 nullo
285 328 376 359 modo
390 326 532 358 omittatis.

227 404 297 436 Dat.
310 403 385 443 apud
396 402 526 433 Cantuar.
543 399 587 430 16.
602 398 647 429 die
659 396 786 437 Augusti.

782 475 834 503 Per
848 473 929 512 ipfitm
941 475 1044 511 Regem.

402 598 452 634 De
465 599 595 645 prefatis
614 597 821 640 Controvcrfiis
830 596 1033 643 pacificandis.

50 688 127 720 Ann.
138 685 182 719 D.
195 684 336 743 REX,
353 683 459 730 dileCko
474 685 508 714 &
521 682 594 713 fideli
607 682 673 720 suo,
690 681 813 720 Jolianni
830 681 866 712 de
883 681 1009 721 Ferariis,
1028 682 1184 713 Senescallo
1198 682 1247 713 suo

48 735 104 794 A?
111 736 154 792 162:
234 722 732 802 ingcggiffmussllgttlgld'*dissensiones
749 759 782 788 &
805 757 1014 789 Controverfiae
1029 782 1039 797 ,
1062 769 1143 798 quae,
1161 766 1192 789 ut
1205 759 1249 789 in-

42 803 81 832 “Ε.
101 813 127 830 2.
196 800 350 831 telleximus
362 823 372 839 ‚
397 801 470 830 inter
489 808 540 828 vos
553 821 562 835 ‚
584 798 617 827 &
637 798 770 842 dilectum
783 797 816 826 &
835 796 948 826 fidelem
962 797 1106 841 nostrum,
1126 798 1249 827 Amane-

48 841 144 878 Vascon.
153 839 179 866 6.
195 848 266 869 num
280 839 316 870 de
330 839 471 876 Lebreto,
488 837 550 866 sunt
564 844 685 874 exortae,
703 846 732 865 iii
745 835 836 865 nostra
849 835 993 875 praesentia
1012 835 1140 867 sedentur
1155 837 1187 866 ὃς
1200 846 1248 876 pa-

48 883 85 948 ξι.
103 888 146 944 i8.
195 877 517 951 elfilcl‘iirgisrmandamus,
534 913 652 943 firmiter
666 912 855 952 injungentes,
873 911 948 951 quod
964 912 1016 942 sitis
1031 912 1064 942 ad
1079 923 1131 943 nos
1144 936 1153 950 ,
1179 914 1249 943 citra

77 952 80 954 ’
199 954 312 985 Festum
327 953 420 983 Sanffi
441 951 560 982 Martini
576 952 603 980 in
624 950 740 987 Hyeme
758 952 884 989 proxime
906 951 1028 980 futurum
1040 974 1048 988 ,
1074 953 1248 991 ubicumque

196 1001 265 1024 tunc
277 992 410 1022 fuerimus
421 991 452 1020 in
465 990 588 1029 Anglia3
613 998 644 1020 ut
662 990 734 1019 inter
753 999 804 1019 vos
817 1011 826 1026 ,
849 990 882 1020 &
900 989 1045 1028 praefatum
1067 990 1248 1020 Amanenum

194 1032 253 1068 (cui
265 1030 386 1060 similiter
397 1029 567 1067 injunximus
579 1027 657 1066 quod
670 1027 705 1057 ad
720 1038 785 1065 nos,
804 1028 845 1057 ob
859 1027 965 1057 causam
979 1028 1143 1066 praedictam
1152 1050 1162 1066 ,
1181 1029 1249 1058 citra

193 1068 305 1100 dietum
319 1067 434 1098 Festum
447 1066 572 1103 accedat)
592 1067 671 1104 super
685 1066 896 1096 dissensionibus
909 1067 941 1096 &
955 1066 1160 1097 Controversiis
1176 1076 1250 1105 prae-

194 1106 295 1146 dietis,
311 1107 341 1136 in
352 1106 446 1136 nostra
460 1105 616 1143 praesentia,
632 1105 787 1135 concordia
798 1105 886 1135 valeat
900 1105 1066 1135 reformaris

235 1183 324 1215 Teste
339 1183 421 1223 Rege
433 1181 505 1221 apud
519 1181 631 1212 Eltham
639 1204 649 1220 ,
670 1190 713 1220 19.
726 1180 772 1210 die
786 1179 917 1218 Augusti.

806 1259 859 1287 Per
871 1257 951 1297 ipfiem
964 1260 1067 1295 Regem.

399 1386 508 1416 Contra
527 1385 765 1429 Congregationes
776 1386 813 1421 ὠ
832 1382 1054 1418 Convemicula.

54 1460 133 1492 Ann—
145 1458 187 1490 D·
204 1467 290 1524 RE
300 1467 332 1499 x
349 1468 520 1500 vicecomiti
532 1467 707 1506 Bedtordtae,
721 1468 841 1499 satutem.
1007 1488 1011 1493 .

85 1508 169 1538 ¹3¹2⁴
297 1508 375 1546 Qia
388 1507 484 1537 datum
499 1506 540 1537 est
555 1507 637 1551 nobis
651 1507 765 1575 intellgi
779 1530 788 1546 ,
813 1506 894 1551 quod
907 1506 1042 1551 quidam,
1060 1506 1134 1551 papis
1151 1505 1255 1551 nostrae

55 1539 151 1603 2:⁴7³?-
225 1546 402 1576 erturbatores
418 1568 428 1583 ,
451 1545 658 1576 Conventicula
676 1547 708 1577 &
753 1553 964 1585 ongiegationes
978 1544 1082 1576 illicitas
1096 1556 1124 1575 in
1145 1544 1257 1575 diversis

211 1585 268 1615 ocis
281 1607 291 1623 ,
309 1585 339 1615 in
358 1584 460 1615 Balliva
477 1592 523 1614 tua
538 1607 547 1622 ,
567 1584 699 1614 haCteiius
717 1584 859 1623 fecerunt,
876 1594 924 1622 per
936 1593 999 1623 quae
1014 1584 1132 1623 populus
1145 1583 1257 1622 noster,

54 1613 141 1650 claus.
161 1614 188 1640 ⁶·
201 1624 321 1662 partium
331 1623 455 1660 illarum,
475 1631 534 1652 non
550 1621 697 1652 modicum
708 1621 806 1653 incidit
820 1624 850 1652 iii
864 1631 1014 1652 terrorem:

55 1656 86 1679 Ε·
101 1662 127 1678 ²·
241 1661 324 1699 Nos,
341 1660 467 1691 volentes
481 1670 580 1698 pacem
594 1660 717 1690 nostram
730 1661 834 1700 ubique
846 1660 960 1691 firmiter
972 1660 1165 1697 observari,&
1172 1660 1256 1700 quieti

55 1699 92 1717 Ψ·
109 1698 154 1725 ²7·
166 1688 192 1717 d·
204 1709 238 1731 ac
255 1699 429 1738 tranquilitati
450 1698 546 1736 populi
565 1698 652 1729 nostri
665 1721 674 1736 ,
689 1707 823 1738 quatenus
843 1701 1012 1737 poterimus,
1028 1699 1190 1737 providere,
1206 1700 1257 1729 tibi

202 1739 393 1777 praecipimus,
411 1737 526 1767 firmiter
540 1738 730 1776 injungentes,
749 1738 826 1776 quod
842 1739 870 1767 in
884 1737 992 1777 lingulis
1007 1739 1093 1776 locis,
1108 1739 1138 1767 in
1156 1737 1259 1768 Balliva

203 1786 267 1814 tua,
284 1775 334 1806 ubi
346 1775 475 1814 expedire
485 1775 603 1814 videris,
616 1776 698 1806 facias
712 1785 746 1806 ex
761 1785 837 1814 parte
851 1775 946 1806 nostra
957 1777 1071 1815 publice
1083 1776 1259 1815 proclamari,

201 1816 236 1846 &
258 1815 373 1845 firmiter
388 1814 528 1853 inhiberi,
544 1824 580 1844 ne
600 1815 666 1853 qui,
685 1816 711 1845 iti
734 1815 832 1846 eadem
853 1814 954 1845 Balliva
968 1824 1031 1853 tua,
1049 1814 1261 1846 Conventicula

202 1853 251 1884 feu
261 1852 504 1893 Congregationes
516 1853 614 1892 aliquas
629 1854 697 1891 (sub
717 1854 888 1883 forisfiietura
905 1854 1078 1891 Terrarum,
1093 1853 1260 1884 Temseu—

203 1900 318 1930 torum,
333 1893 366 1923 ὃς
378 1892 506 1922 omnium
521 1891 640 1922 aliorum
655 1901 718 1930 quae
733 1893 814 1922 nobis
826 1891 984 1922 forisfacere
997 1893 1144 1931 poterunt)
1159 1891 1262 1930 facere,

205 1938 321 1969 tenere,
343 1930 388 1961 seu
409 1931 558 1969 quicquam
571 1954 581 1969 ,
601 1931 629 1960 iri
650 1930 702 1960 hac
724 1939 819 1970 parte,
837 1940 884 1967 per
906 1939 993 1960 etrare
1013 1930 1195 1968 praesumant,
1213 1941 1263 1968 per

203 1969 283 2008 quod
298 1979 350 2009 pax
366 1968 459 1999 nostra
479 1969 586 2000 ibidem
603 1969 705 2000 turbari
721 1992 731 2008 ,
749 1978 794 2000 aut
809 1979 884 2009 popu
895 1979 924 1999 us
938 1968 1032 1999 noster
1045 1969 1153 1999 ibidem
1168 1970 1262 1999 terreri

206 2008 295 2038 valeat
309 2007 506 2052 quovismodo.

245 2046 300 2084 Er,
316 2050 337 2076 11
355 2056 440 2084 qUOS,
464 2045 528 2084 post
548 2045 706 2084 hujusmodi
726 2045 980 2077 proclamationem
998 2047 1031 2076 &
1048 2045 1263 2084 inhibitionem,

209 2084 344 2114 inveneris
363 2084 425 2114 talia
444 2092 631 2124 perpetrantes
646 2107 656 2123 ,
673 2092 743 2114 tunc
761 2095 809 2115 eos
822 2108 831 2123 ,
852 2095 920 2115 cum
939 2085 1034 2123 equis,
1053 2083 1212 2121 Hernefiis,
1230 2084 1263 2114 &

206 2123 344 2152 omnibus
366 2123 448 2152 bonis
468 2123 501 2153 &
524 2122 636 2153 Catallis
651 2122 716 2160 suis,
732 2123 828 2153 secum
840 2123 975 2159 inventis,
993 2122 1050 2151 sirie
1064 2121 1196 2151 dilatione
1206 2131 1265 2151 are-

210 2161 290 2198 stari,
308 2161 341 2190 &
352 2159 429 2189 salv-‘0
437 2160 570 2190 custodiri
590 2160 671 2190 facias
681 2161 823 2198 quousque
837 2161 910 2190 aliud
925 2171 939 2190 a
959 2160 1040 2189 nobis
1051 2159 1131 2211 super
1145 2160 1202 2189 hoc
1216 2160 1265 2189 ha-

211 2200 302 2230 bueris
317 2199 346 2227 in
362 2197 503 2227 mandatis.

248 2236 403 2270 Assumpto
420 2243 516 2264 tecum
540 2235 573 2264 ad
592 2234 650 2264 hoc
662 2257 671 2272 ,
688 2235 708 2264 fi
727 2235 836 2266 neceffe
854 2235 936 2266 fuerit
949 2258 958 2273 ,
982 2235 1059 2272 posse
1075 2235 1267 2266 Commitatfis

210 2275 268 2306 tui:
289 2273 324 2303 Et
339 2272 374 2302 de
388 2281 441 2309 eo,
460 2271 536 2311 quod
553 2272 619 2302 inde
632 2272 745 2311 feceris,
763 2274 860 2310 nobis,
879 2273 928 2304 sub
950 2273 1040 2311 sigillo
1053 2282 1118 2313 tuo,
1136 2274 1267 2305 distinete

211 2313 247 2344 &
259 2311 366 2352 aperte,
385 2309 512 2340 constare
526 2310 607 2341 facias
618 2310 740 2341 indilate.

251 2388 341 2420 Teste
354 2386 437 2426 Rege
449 2386 522 2426 apud
533 2386 657 2418 Westm.
671 2397 719 2428 23.
731 2387 779 2418 die
792 2386 918 2426 Augusti.

70 2528 151 2556 ‘HL
375 2512 402 2540 ἕ
424 2513 483 2548 Ad
495 2517 610 2561 Papam
624 2526 680 2562 pro
698 2514 919 2562 Archiepifiopo
938 2518 1105 2561 Tuamensi.

70 2575 148 2635 ἵξῃ,
162 2601 203 2633 D,
214 2595 373 2658 PAPAE
390 2598 458 2630 Rex
470 2599 571 2631 devota
586 2601 690 2638 pedum
703 2601 795 2632 oscula
809 2601 966 2632 beatorum,

93 2651 178 2681 1312.
315 2637 442 2670 Noverit
454 2638 603 2670 paternitas
618 2639 706 2671 vestra
720 2641 870 2671 reverenda
885 2641 978 2679 quod,

71 2684 125 2708 An.
138 2683 164 2709 6.
254 2675 334 2708 Cum
349 2686 436 2716 nuper
456 2676 579 2708 Ecclesia
596 2678 762 2709 Tuamenfis
782 2689 832 2716 per
853 2688 991 2718 mortem,
1010 2680 1094 2710 bonte
1108 2682 1254 2712 memoriae
1264 2706 1274 2721 ‚

75 2723 106 2747 E.
128 2728 153 2745 2.

216 2714 269 2746 W.
282 2715 353 2745 olim
366 2716 580 2754 Archiepiscopi
595 2716 652 2747 Ioci
665 2717 753 2756 illius,
772 2717 891 2749 Pastoris
904 2718 944 2748 est
959 2719 1054 2750 solatio
1066 2719 1192 2750 destituta
1204 2743 1214 2758 ,

73 2761 146 2784 Rom.
167 2755 200 2789 &v
254 2753 385 2784 Decanus
399 2754 432 2784 &
447 2754 611 2795 Capitulum
628 2756 764 2794 ejusdem,
785 2755 870 2794 petits.
886 2767 901 2787 a
914 2757 1011 2794 nobis,
1032 2766 1114 2795 prout
1128 2761 1214 2789 moris
1222 2758 1274 2798 est,

75 2798 118 2826 1η.
139 2796 166 2827 6.
217 2791 329 2836 licentii
351 2793 494 2831 eligendi,
518 2793 551 2824 &c
568 2793 688 2831 optenta
703 2817 713 2833 ,
732 2794 930 2825 venerabilem
952 2795 1063 2826 Patrem
1084 2795 1275 2836 Malachiam,

76 2835 108 2859 Β.
128 2841 172 2896 ⁷⁹8
217 2829 376 2898 {lihhmffls-
391 2831 564 2869 Episcopum
577 2855 587 2870 ,
605 2833 635 2863 in
652 2832 732 2864 suum
752 2833 953 2872 postulaverint
971 2835 1224 2874 Archiepiicopum
1243 2837 1276 2867 δί

77 2879 114 2898 nn.
140 2879 149 2897 i
176 2889 184 2896 .
247 2878 261 2898 a
285 2878 383 2907 orem,

219 2904 522 2982 favfflgsnpostulationi
542 2908 701 2947 hujusmodi
724 2909 851 2950 Regium
868 2910 1004 2941 aflensum
1022 2911 1200 2944 adhibuimus
1213 2936 1224 2952 ,
1243 2914 1277 2944 &

259 2981 297 3012 Et
312 2981 368 3012 hoc
383 2982 484 3017 vestrae
503 2984 675 3017 Clementiae
697 2986 883 3024 significamus
895 2988 1117 3032 per-praesentes,
1134 2998 1184 3029 ut,
1200 2990 1279 3030 quod

221 3019 321 3089 adlvos
336 3022 495 3092 pertinggn
508 3021 560 3053 hac
575 3032 670 3062 parte,
688 3027 785 3064 exequi
799 3026 956 3066 dignemini
968 3037 1038 3058 cum
1050 3029 1158 3059 favore.

274 3069 294 3090 n
310 3068 406 3098 quuS,

259 3133 328 3170 Dat.
341 3135 414 3174 apud
427 3136 554 3168 westm.
569 3146 618 3177 24.
632 3138 679 3170 die
691 3139 821 3180 Augusti.

306 3261 354 3294 De
373 3274 429 3293 non
447 3262 588 3299 veniendo
605 3264 708 3310 versia
727 3268 835 3313 Regem
850 3278 918 3299 cum
937 3271 1018 3314 cquis
1035 3273 1072 3308 &⁹
1091 3273 1197 3304 armis.

80 3349 157 3381 Αῃῃ,
172 3348 213 3380 D,
226 3344 352 3402 REX
368 3345 579 3392 Venerabilibus
599 3350 629 3379 in
650 3348 767 3396 Christo
786 3350 929 3399 Patribus,
942 3353 970 3397 J,
989 3354 1187 3394 Norivicenfi,
1205 3356 1238 3385 δε
1257 3356 1282 3391 I.

78 3397 186 3456 „133221
225 3383 800 3467 ffldffi,,gssinjfioffinxgegghqftffia
807 3392 1156 3463 egilii‘iiississsazlziffi
1167 3394 1281 3471 :³²¹5ae

78 3470 110 3493 Ε.
127 3476 153 3493 2.
225 3461 376 3501 sanguineo
397 3461 446 3492 suo
467 3464 605 3495 carissimo
619 3488 629 3503 ,
646 3465 799 3505 Radulplio
815 3467 851 3500 de
872 3467 978 3500 Monte
995 3469 1155 3509 Hermerii,
1173 3471 1206 3503 &
1220 3470 1279 3501 Ed-

80 3507 140 3532 ηε,
150 3506 177 3532 6,
227 3500 337 3530 mundo
351 3498 482 3539 Dyncort
490 3523 499 3538 ,
514 3502 633 3534 salutem.

79 3546 110 3568 Ε.
126 3552 152 3569 2.
263 3537 342 3569 Cum
355 3549 444 3576 nuper
465 3538 687 3579 assignaverimus
700 3541 834 3574 dilectum
851 3544 884 3574 &
904 3543 1016 3577 fidelem
1033 3547 1161 3578 nostrum
1172 3547 1279 3585 Johan-

74 3585 102 3617 p.
120 3589 143 3608 i.
157 3589 194 3609 m.
227 3584 295 3607 nem
310 3576 346 3608 de
359 3577 508 3621 Benstede,
524 3579 557 3610 &
571 3580 598 3608 ei
633 3589 660 3609 er
677 3579 780 3612 Literas
795 3581 900 3614 nostras
914 3583 1041 3615 Patentes
1054 3586 1211 3616 dederimus
1226 3597 1278 3623 po-

81 3627 129 3646 ιο.
225 3614 353 3646 testatem
364 3617 569 3660 praemuniendi
615 3619 731 3649 hornam
754 3619 904 3650 Comitem
920 3622 1103 3661 Lancastrite,
1122 3624 1198 3662 quod
1213 3625 1280 3655 esset

226 3664 325 3685 coram
337 3655 419 3685 nobis
451 3655 524 3693 apud
536 3654 824 3689 Westmonasterium
840 3660 884 3689 vel
900 3660 1034 3691 London.
1047 3662 1092 3692 die
1105 3662 1263 3693 Dominica

224 3692 357 3762 ἓηᾳέςὲέα
370 3677 437 3732 post>
446 3693 560 3724 Festum
575 3693 668 3724 Sancti
682 3694 881 3729 Bartholomaei
901 3699 1046 3738 Apostoli,
1062 3701 1195 3738 proximo
1208 3686 1281 3741 praei

343 3753 353 3769 5

265 3770 312 3801 Ad
325 3770 497 3805 traCtandum
511 3773 539 3802 in
555 3771 651 3802 nostra
663 3772 805 3809 praesentia
819 3774 896 3814 super
911 3775 1147 3807 Ordinationibus
1190 3788 1278 3819 nuper

226 3818 278 3847 per
292 3809 458 3853 prandisti-im
471 3809 636 3849 Comitem,
655 3811 688 3840 ὃς
703 3810 769 3840 alios
779 3811 927 3852 Comites,
946 3814 1092 3854 Praelatos,
1110 3816 1143 3847 &
1182 3827 1279 3848 arones

227 3848 325 3885 Regni
337 3847 443 3886 nostri,
461 3849 495 3878 ad
511 3849 568 3879 hoc
583 3849 701 3884 eleetos,
719 3849 808 3880 fastis:

264 3885 304 3930 Et
324 3885 358 3916 ad
376 3887 578 3925 corrigendum
596 3889 629 3919 ὃς
654 3886 864 3918 reformandum
881 3889 1012 3922 damnosa
1032 3892 1066 3923 &
1086 3893 1281 3931 praeiudicialia

226 3924 310 3957 nobis
315 3947 326 3963 ,
343 3924 363 3955 si
374 3934 439 3970 quae
451 3926 480 3954 in
494 3925 597 3956 eisdem
611 3927 789 3959 contingeret
803 3927 934 3958 inveniri:

264 3961 302 3992 Et
319 3962 355 3993 ad
372 3962 575 4002 injungendum
591 3964 683 3994 eidem
704 3963 816 3994 Comiti
831 3987 840 4002 ‚
859 3975 892 3996 ex
912 3976 990 4004 parte
1002 3967 1112 4006 nostra,
1129 3970 1161 3999 in
1174 3969 1229 4001 fide
1246 3970 1280 4001 &
1292 3988 1300 3992 v

228 3997 385 4045 homagio,
420 4001 500 4032 uibus
518 4002 601 4032 nobis
620 4010 727 4033 tenetur
742 4026 751 4039 ,
769 4003 801 4033 &
820 4003 869 4046 iub
885 4003 1056 4037 forisfaCtura
1070 4009 1201 4038 omnium
1216 4018 1281 4046 quae

230 4036 314 4068 nobis
333 4039 398 4070 ioris
425 4049 489 4072 cere
507 4040 598 4080 posset
611 4063 623 4081 ‚
639 4051 676 4073 ne
694 4050 762 4075 cum
780 4051 858 4081 equis
871 4041 906 4075 ὅς
923 4045 1005 4076 armis
1023 4044 1059 4077 ad
1071 4055 1124 4077 nos
1136 4068 1149 4086 a
1161 4046 1283 4080 addicta

1299 156 1773 203 PUBLICA.
2285 175 2332 215 13

1288 243 1351 274 loca
1366 244 1510 275 accederet
1524 255 1641 283 quoquo
1659 244 1761 275 modo:
2349 243 2425 274 Anti.
2442 242 2485 273 D„

1326 282 1373 312 Ad
1383 293 1454 321 quos
1468 283 1545 312 diem
1562 284 1594 312 &
1607 283 1671 312 loca
1684 284 1760 314 idem
1775 281 1886 313 Comes
1900 290 1996 312 coram
2010 282 2095 312 nobis
2109 291 2168 313 non
2183 283 2337 321 venit,nec
2372 290 2455 320 13²2*

1284 320 1404 359 aliquem
1419 330 1473 358 pro
1485 321 1512 350 se
1527 321 1616 358 misit,
1633 321 1699 350 licet
1713 321 1840 360 praefatus
1852 320 1993 359 Johannes
2007 320 2095 358 ipsum
2110 320 2274 359 Comitem,
2296 322 2338 352 su-
2352 322 2420 349 Ειλυ.
2438 330 2466 350 2.

1284 368 1333 395 per
1347 357 1513 397 praemisse,
1530 367 1563 388 ex
1584 366 1660 395 parte
1678 360 1770 390 nostra
1783 382 1793 397 ,
1812 359 2032 397 praemunivisset
2047 382 2056 398 ,
2072 360 2105 390 δε
2118 359 2166 390 fibi
2180 360 2340 397 injunxisset

1285 396 1421 434 praemissa
1435 397 1463 425 in
1480 396 1571 426 forma
1585 395 1753 433 supradiet23

1324 434 1368 464 Ac
1379 435 1438 472 jam
1453 435 1667 464 intellexerimus
1679 435 1757 471 quod
1767 435 1840 465 idern
1855 435 1980 474 Comes,
1996 435 2028 466 &
2042 434 2171 466 Comites
2185 435 2342 467 Hereford-

1284 472 1318 502 &
1332 472 1427 502 Warr.
1443 481 1510 502 cum
1524 473 1600 511 equis
1619 472 1652 502 &
1667 473 1749 502 armis
1760 496 1769 510 ,
1788 474 1816 502 in
1833 483 1932 513 magna
1953 474 2131 504 multitudine
2151 483 2340 512 armatorum,

1285 510 1346 540 sunt
1361 510 1451 540 versus
1463 520 1514 540 nos
1527 511 1684 548 venientes,
1701 511 1729 539 in
1744 520 1857 549 gravem
1872 521 2006 544 terrorem
2018 513 2116 551 populi
2135 512 2243 552 nostri,
2261 513 2339 544 unde

1285 548 1454 578 admiramur
1467 558 1551 587 quam
1565 549 1717 587 plui-imum
1731 549 1764 580 &
1777 559 1938 580 movemur.

1324 586 1407 624 Nos,
1426 587 1551 617 volentes
1568 587 1694 626 dampnis
1708 587 1740 616 &
1754 587 1880 624 periculis
1894 611 1904 627 ,
1920 599 1999 627 quae,
2017 599 2066 627 per
2080 587 2237 627 hujusmodi
2250 589 2341 621 acces-

1288 624 1330 654 sus
1340 624 1374 654 ad
1389 635 1441 654 nos
1454 626 1566 654 evenire
1581 632 1712 661 poterunt
1725 625 1854 662 forsitan,
1872 635 2027 664 praecavere
2041 650 2051 666 ,
2069 627 2262 668 assignavimus
2274 638 2341 666 vos,

1287 671 1419 701 quatuor,
1439 671 1509 700 tres,
1525 664 1556 693 &
1576 663 1644 692 duos
1665 661 1813 699 vestrum,
1831 663 1864 693 &
1879 664 1960 694 vobis
1974 666 2120 703 omnibus,
2138 675 2271 704 quatuor,
2289 668 2340 697 tri-

1289 701 1356 738 biis,
1374 701 1406 731 &
1420 701 1528 731 duobus
1540 699 1680 738 vestrum,
1698 708 1795 730 tenore
1808 701 1992 740 praesentium,
2014 704 2143 735 dedimus
2157 704 2342 743 potestatem,

1289 740 1322 769 ad
1342 739 1524 769 inhibendum
1547 739 1665 776 praefatis
1685 738 1848 768 Comitibus
1868 740 1901 769 ὃς
1917 749 2013 770 eorum
2035 742 2148 774 cuilibet
2165 766 2176 782 ,
2192 744 2221 773 in
2237 743 2291 773 fide
2304 744 2338 774 &

1287 777 1425 814 homagio
1439 800 1448 816 ,
1469 778 1568 815 quibus
1588 777 1669 806 nobis
1689 785 1839 814 tenentur,
1857 787 1893 806 ne
1913 777 1977 816 ipsi,
1997 779 2041 809 vel
2053 780 2145 819 aliquis
2157 792 2276 820 corum,
2289 781 2338 812 sub

1288 816 1458 846 forisfactura
1475 817 1604 846 omnium
1627 824 1691 852 quae
1709 816 1790 845 nobis
1811 815 1966 845 forisfacere
1989 825 2138 857 poterunt,
2156 821 2200 850 vel
2222 821 2341 859 poterit,

1289 854 1380 884 versas
1395 864 1445 922 335
1461 864 1528 884 cum
1543 854 1619 893 equis
1638 854 1671 884 ὅτ.
1686 854 1769 884 armis
1783 853 1932 891 accedant,
1952 855 1996 883 vel
2011 856 2123 887 accedat
2144 859 2256 896 propius
2270 869 2343 897 quon

1309 902 1347 922 uo
1364 902 1393 922 m
1434 902 1468 922 o:

1289 903 1307 932 q
1325 930 1364 960 Et
1380 954 1389 968 ,
1408 931 1427 960 si
1443 931 1528 960 iidem
1549 928 1680 959 Comites
1697 929 1855 967 hujusmodi
1876 929 2036 960 inhibitioni
2053 932 2190 962 noluerint
2203 935 2318 965 obedire
2332 958 2344 974 ,

1290 969 1324 999 ad
1344 969 1528 999 inhibendum
1548 969 1679 998 omnibus
1695 991 1704 1006 ‚
1723 978 1759 997 ne
1774 969 1841 1006 ipsi,
1858 968 1907 997 sub
1928 969 2099 1000 forisfac‘tura
2113 972 2259 1010 praedidta,
2275 983 2344 1003 cum

1289 1008 1406 1045 praefatis
1427 1005 1589 1037 Comitibus
1601 1029 1610 1043 ,
1628 1015 1674 1037 aut
1695 1016 1793 1036 eorum
1805 1007 1899 1045 aliquo
1919 1008 2008 1038 versus
2020 1017 2071 1037 nos
2085 1019 2153 1039 cum
2167 1011 2242 1049 equis
2255 1011 2287 1040 ὅ(
2305 1021 2345 1041 ar-

1293 1047 1346 1076 mis
1360 1047 1473 1076 veniant
1488 1044 1533 1076 vel
1544 1044 1684 1075 accedantv

1328 1083 1366 1114 Et
1385 1084 1451 1114 ideo
1467 1084 1548 1114 vobis
1567 1082 1728 1113 mandamus
1741 1106 1750 1121 ,
1770 1082 1885 1112 firmiter
1905 1084 2094 1123 injungentes,
2111 1084 2188 1123 quod
2202 1085 2234 1115 ad
2251 1087 2347 1123 praefa-

1294 1130 1338 1154 tos
1351 1121 1481 1153 Comites
1493 1121 1647 1156 accedatis,
1664 1121 1697 1152 &
1712 1131 1811 1151 eorum
1835 1122 1948 1152 cuilibet
1963 1123 2160 1153 inhibitionem
2174 1123 2349 1164 hujusmodi,

1294 1170 1329 1191 ex
1361 1170 1415 1191 arte
1427 1160 1539 1196 nostra,
1554 1159 1657 1189 faciatis
1672 1160 1701 1188 in
1718 1160 1810 1190 forma
1824 1160 1990 1199 supradicta:

1333 1171 1390 1238 lgr,
1408 1200 1427 1230 si
1442 1199 1491 1237 ipsi
1505 1198 1666 1228 inhibitioni
1681 1199 1772 1228 eidem
1787 1198 1927 1227 noluerint
1941 1199 2073 1237 obedire,
2091 1208 2159 1230 tunc
2172 1201 2245 1238 aliis,
2257 1201 2350 1230 secum

1293 1239 1485 1276 venientibus,
1505 1237 1703 1267 inhibitionem
1718 1247 1752 1267 ex
1762 1244 1841 1275 parte
1856 1237 1948 1267 nostra
1959 1237 2064 1268 faciatis
2078 1238 2108 1267 in
2122 1239 2212 1270 forma
2227 1239 2350 1277 superius

1292 1285 1441 1315 annotata3
1456 1277 1489 1307 &
1503 1275 1560 1305 hoc
1575 1275 1652 1305 nullo
1665 1275 1756 1305 modo
1768 1276 1909 1306 omittatis.

1328 1315 1363 1346 In
1377 1316 1470 1354 cujus,
1489 1315 1548 1345 &c-

1328 1390 1419 1424 Teste
1431 1390 1513 1432 Rege
1525 1390 1599 1430 apud
1612 1389 1900 1422 Westmonasterium
1908 1413 1918 1429 ,
1935 1399 1961 1430 3.
1975 1389 2021 1421 die
2035 1389 2215 1429 Septembris.

1948 1470 2001 1497 Per
2012 1465 2095 1506 ipsi'cm
2109 1471 2212 1506 Regem.

1331 1609 1352 1630 ’³‘
1377 1608 1436 1642 Ad
1451 1612 1564 1656 Papam
1575 1636 1584 1652 ‚
1604 1620 1659 1656 pro
1680 1609 1796 1644 Ordine
1814 1612 1962 1642 Fratrum
1980 1609 2232 1654 Praedicatorum‚
2253 1622 2320 1644 con-
2373 1610 2392 1631 ³*
2408 1611 2462 1639 111-

1698 1669 1749 1691 tra
1770 1658 1956 1703 Oxonienfts.
2375 1660 2429 1687 345
2434 1671 2440 1677 ·

2377 1736 2453 1767 Ann.
2467 1737 2508 1768 D„

1300 1743 1348 1804 P
1358 1742 1457 1774 APAE
1477 1742 1544 1773 Rex
1556 1743 1658 1774 devota
1672 1744 1778 1783 pedum
1792 1744 1885 1775 oscula
1897 1743 2055 1775 beatorum.

1406 1782 1538 1820 Specialis
1551 1783 1685 1822 devotio,
1700 1793 1784 1823 quam
1798 1783 1833 1814 ad
1849 1782 1951 1815 statum
1963 1784 2070 1813 ordinis
2081 1783 2210 1815 Fratrum
2220 1783 2360 1815 Praedica-
2400 1785 2483 1814 1312·

1302 1827 1395 1851 torum
1412 1822 1535 1858 gerimus
1548 1845 1557 1859 ,
1574 1831 1606 1851 ac
1627 1822 1741 1852 evidens
1758 1822 1857 1852 utilitas
1879 1832 1942 1859 quae
1954 1845 1963 1860 ,
1983 1832 2015 1852 ex
2036 1824 2072 1853 eis
2085 1824 2251 1860 proveniens
2262 1845 2272 1860 ,
2289 1823 2360 1861 ipsos
2380 1818 2421 1841 Aa
2447 1817 2476 1842 ὅ·

1303 1858 1600 1902 reddithmultipliciter
1623 1861 1855 1899 commendatos,
1874 1870 1925 1890 nos
1938 1862 2060 1891 excitant
2075 1861 2108 1891 δε
2122 1861 2258 1892 inducunt
2273 1870 2302 1892 ut
2316 1862 2361 1892 su-
2381 1857 2410 1880 E.
2431 1863 2456 1881 2·

1304 1906 1352 1936 per
1368 1898 1419 1928 hiis
1433 1921 1442 1935 ,
1456 1908 1519 1937 quae
1540 1899 1662 1936 ipsorum
1682 1898 1869 1929 commodum
1893 1899 1926 1929 &
1940 1899 2084 1930 honorem
2099 1909 2293 1939 concernunt,
2313 1911 2360 1931 ve-
2381 1891 2495 1924 Rom&

1305 1936 1388 1966 stram
1404 1936 1610 1975 interpellemus
1622 1936 1813 1967 Clementiam
1832 1938 1928 1975 saepius
1942 1947 2024 1977 prece
2035 1937 2091 1976 pia.
2383 1934 2422 1957 Fr.
2442 1932 2469 1957 ⁶·

1344 1974 1392 2004 De
1411 1974 1509 2005 vestrae
1531 1976 1616 2012 igitur
1637 1976 1829 2006 exhuberantis
1848 1977 1942 2015 gratiae
1964 1976 2105 2006 affluentia
2125 1977 2222 2007 confisi
2263 1977 2364 2008 vestrae
2386 1972 2414 1995 Ε·
2432 1978 2457 1995 ²·

1304 2012 1449 2056 Sanfftitati
1462 2014 1488 2043 su
1532 2014 1645 2044 licamus
1661 2014 1800 2044 humiliter
1815 2015 1847 2045 δε
1861 2015 1981 2053 devote,
1999 2022 2130 2055 quatenus
2146 1999 2285 2045 Fratribus
2295 2015 2365 2047 dieti
2385 2016 2422 2034 m*
2434 2006 2476 2032 ¹3·

1306 2052 1427 2089 ordinis,
1443 2053 1471 2081 in
1517 2051 1562 2081 illa
1573 2052 1668 2082 nostra
1681 2052 1836 2082 Oxonienfi
1851 2053 2095 2082 commorantibus
2112 2075 2122 2090 ,
2138 2053 2166 2082 in
2182 2053 2259 2083 caula
2273 2076 2283 2091 ,
2301 2064 2365 2092 quae

1304 2091 1424 2119 vertitur
1437 2090 1507 2119 inter
1528 2090 1598 2128 ipsos
1617 2090 1651 2120 &
1756 2089 1962 2121 cancellarium
1975 2114 1985 2128 ,
2002 2101 2034 2121 ac
2052 2089 2202 2129 Magistros
2217 2090 2366 2123 Universi-

1304 2127 1367 2156 tatis
1381 2127 1465 2157 diCtae
1481 2126 1581 2166 Villae,
1599 2128 1705 2163 paterni
1717 2127 1817 2159 favoris
1830 2130 1947 2167 gratiam
1956 2129 2110 2168 dignemini
2119 2152 2128 2167 ,
2147 2129 2233 2159 nostri
2246 2131 2346 2161 intuitu
2359 2154 2370 2169 ,

1306 2166 1461 2203 impertiri,
1481 2166 1535 2204 sic,
1553 2167 1572 2196 si
1586 2165 1708 2205 placeat,
1726 2175 1756 2197 ut
1768 2167 1854 2196 iidem
1870 2167 1974 2198 Fratres
1986 2167 2249 2206 consuetudinibus,
2266 2170 2367 2207 quibus

1306 2204 1437 2234 hactenus
1452 2206 1480 2234 in
1496 2204 1571 2234 dicis
1586 2205 1779 2235 Univerlitate
1793 2206 1831 2236 uli
1843 2205 1921 2244 sunt,
1936 2205 2077 2237 subduCtis
2091 2207 2258 2238 novitatibus
2271 2230 2282 2246 ,
2297 2207 2366 2238 libe-

1308 2243 1339 2273 re
1353 2243 1392 2272 uti
1407 2242 1515 2273 valeant
1536 2243 1570 2273 δε
1584 2243 1713 2282 gaudere.
1887 2255 1889 2257 ·

1347 2280 1521 2318 Conservet,
1539 2282 1601 2311 δερ.

1347 2355 1416 2386 Dat.
1430 2355 1503 2394 apud
1518 2355 1646 2387 WVestm.
1660 2356 1687 2386 6.
1702 2356 1748 2387 die
1762 2356 1909 2395 Septemb.

1513 2497 1572 2531 Ad
1585 2501 1720 2545 Papam,
1739 2509 1796 2544 pro
1817 2499 1954 2545 Epistopo
1970 2496 2175 2544 LiChftlde'fi·

1313 2582 1470 2643 PAPAE
1489 2583 1555 2613 Rex
1570 2583 1670 2614 devota
1685 2583 1788 2621 pedum
1803 2584 1895 2614 oscula
1908 2584 2064 2614 beatorum.
2394 2581 2470 2613 Ann.
2484 2582 2525 2614 D,

1418 2622 1452 2652 In
1474 2623 1546 2652 votis
1567 2623 1688 2661 gerimus
1710 2623 1743 2653 &
1757 2623 1967 2653 desiderabiliter
1986 2623 2095 2654 sinceris
2109 2623 2250 2654 mentibus
2262 2623 2374 2655 affecta·
2416 2631 2498 2661 1312.

1316 2671 1378 2690 mus
1391 2683 1400 2698 ,
1427 2670 1457 2690 ut
1480 2659 1654 2690 Venerabilis
1675 2660 1756 2691 Pater
1769 2684 1778 2699 ,
1808 2661 1861 2691 W.
1889 2660 2096 2692 Coventrienfis
2119 2663 2152 2692 &
2174 2661 2374 2693 Lichfeldensis
2395 2664 2446 2689 An.
2463 2663 2491 2688 6-

1316 2698 1470 2739 Episcopus
1504 2699 1700 2730 Thesauraiius
1721 2699 1817 2729 noster
1834 2700 1930 2738 (cuius
1948 2700 2095 2739 obsequia,
2113 2700 2194 2730 clarae
2211 2702 2375 2740 memoriae,
2396 2703 2426 2726 E.
2447 2709 2472 2728 2·

1316 2737 1451 2768 Domino
1464 2722 1498 2767 fi.
1513 2737 1643 2768 Genitori
1658 2737 1773 2776 nostro,
1787 2738 1821 2768 &
1835 2739 1919 2769 nobis
1931 2738 2066 2769 hastenus
2079 2740 2210 2770 novimus
2222 2739 2372 2777 fruetuosa)
2395 2742 2464 2765 Rom.
2475 2736 2509 2770 (3·

1315 2775 1413 2806 nostro
1429 2776 1522 2814 lateri,
1542 2786 1594 2814 pro
1609 2777 1719 2807 diversis
1735 2777 1767 2808 &
1780 2776 1869 2808 arduis
1878 2778 2015 2816 negotiiS,
2035 2786 2086 2807 nos
2100 2779 2296 2816 tangentibus,
2313 2778 2374 2809 asfi-
2397 2780 2437 2804 Fr.
2456 2777 2483 2805 6·

1317 2814 1398 2845 steret
1416 2815 1468 2845 hiis
1481 2815 1597 2854 diebus3
1614 2815 1750 2855 sperantes
1770 2815 1846 2855 quod
1863 2815 1960 2845 eadem
1979 2817 2108 2854 negotia,
2124 2816 2205 2855 ipsius
2219 2818 2374 2848 maturitate
2396 2820 2426 2842 E·
2445 2824 2470 2841 2·

1316 2853 1434 2883 Consilii
1449 2876 1458 2891 ,
1478 2854 1510 2884 &
1530 2854 1783 2891 circumspefflone
1803 2853 1924 2892 provida
1937 2877 1946 2892 ,
1962 2863 2014 2891 pro
2035 2853 2132 2884 nostro
2145 2854 2253 2886 honore
2266 2856 2377 2887 consul·
2396 2863 2432 2882 m·
2449 2851 2491 2879 ¹3-

1318 2892 1371 2922 tius
1384 2893 1582 2930 trastarentur,
1600 2893 1632 2923 &
1647 2892 1801 2922 feliciorem
1816 2893 1921 2924 exitum
1936 2893 2103 2923 sortirentur.

1355 2931 1554 2970 Qiamobrem
1568 2931 1712 2962 Sandritati
1732 2931 1831 2962 vestrae
1850 2942 1901 2969 pro
1919 2941 2078 2961 memorato
2093 2930 2236 2970 Episcopo
2251 2933 2284 2964 &
2297 2932 2379 2963 The-

1317 2969 1432 3000 saurario
1445 2969 1561 3008 nostro,
1579 2979 1630 3007 pro
1643 2979 1701 3008 quo
1712 2969 1833 2999 vestram
1847 2969 2053 3000 Beatitudinem
2060 2970 2121 3000 alias
2135 2971 2381 3010 interpellavimus,

1319 3008 1412 3039 adhuc
1427 3009 1529 3038 votivis
1546 3009 1674 3048 precibus
1689 3009 1737 3045 sup
1758 3008 1886 3047 licamus,
1924 3009 2029 3038 uatinus
2044 3009 2152 3047 ipsum,
2170 3010 2203 3040 &
2219 3010 2276 3048 ejus
2290 3018 2378 3048 nego—

1320 3048 1375 3085 tia,
1396 3056 1448 3084 pro
1462 3047 1562 3084 quibus
1577 3048 1604 3077 in
1618 3046 1716 3077 vestrae
1753 3047 1890 3078 anstitatis
1936 3046 1994 3077 uria
2007 3057 2118 3077 moram
2129 3048 2226 3086 trahit,
2243 3048 2382 3087 dignemi-

1320 3086 1350 3115 ni
1365 3084 1464 3115 nostris
1488 3085 1618 3122 precibus
1636 3085 1739 3115 habere
1759 3086 1856 3115 favore
1876 3086 1998 3123 propitio
2011 3086 2227 3122 commendata3
2246 3086 2381 3123 &ipsum

1320 3124 1356 3154 ad
1371 3134 1440 3161 nos,
1458 3133 1540 3162 prout
1561 3123 1743 3154 desideramus
1755 3148 1764 3162 ,
1783 3134 1851 3154 cum
1873 3123 2063 3162 festinatione,
2082 3125 2138 3162 qui
2155 3123 2244 3155 vestra
2263 3124 2384 3156 Beatitu-

1322 3161 1363 3192 do
1375 3162 1545 3200 decreverit,
1561 3163 1702 3193 remittere
1721 3163 1836 3193 feliciter
1849 3163 2018 3202 expeditum.

1359 3200 1534 3239 Conservet,
1552 3200 1611 3230 &c.

1360 3276 1429 3308 Dat.
1441 3276 1513 3316 apud
1527 3277 1651 3308 VVestm.
1670 3287 1714 3317 14.
1729 3277 1775 3308 die
1788 3277 1946 3315 Septembr.

1396 3415 1455 3450 Ad
1477 3416 1669 3450 Cardinalem
1686 3418 1790 3450 Sancti
1806 3419 1920 3465 Azageli
1933 3429 1988 3465 pro
1996 3417 2132 3464 prandisse
2149 3417 2296 3462 Epiftopo.

1318 3511 1376 3572 'V
1390 3510 1531 3541 Enerabili
1545 3512 1574 3541 in
1589 3510 1706 3542 Christo
1718 3511 1792 3541 Patri
1801 3536 1809 3548 ,
1820 3511 1953 3542 Domino
1969 3511 2002 3540 L.
2019 3509 2113 3540 Sancti
2129 3508 2228 3548 Angeli
2242 3509 2379 3541 Diacono
2400 3505 2477 3536 Ann-
2490 3505 2535 3537 D-

1403 3549 1561 3587 Cardiam,
1577 3551 1672 3581 amico
1691 3550 1738 3580 suo
1765 3550 1906 3580 karissimo
1920 3574 1928 3585 ,
1948 3548 2097 3579 Edwardus
2109 3570 2119 3585 ,
2139 3548 2260 3586 ejusdem
2276 3548 2379 3589 gratis,
2419 3554 2505 3585 1312·

1318 3588 1378 3619 δίε.
1394 3588 1521 3626 salutem,
1540 3589 1572 3618 ὃ(
1588 3589 1701 3618 Γιηςεῑεε
1716 3589 1871 3618 dilectionis
1884 3587 2027 3617 affectum.
2398 3587 2451 3611 Aa.
2464 3586 2494 3612 6.

1356 3626 1405 3656 Illa
1418 3626 1538 3666 specialis
1555 3626 1685 3663 affec‘tio,
1703 3636 1786 3665 quam
1806 3627 1903 3661 nobis,
1918 3625 1951 3654 &
1964 3623 2078 3662 nostris,
2096 3623 2130 3654 ad
2144 3624 2249 3656 nostras
2264 3635 2376 3665 preces,
2397 3626 2428 3649 E.
2451 3632 2476 3649 2·

1318 3666 1399 3704 gratis
1417 3665 1548 3702 operibus
1569 3665 1701 3695 haetenus
1719 3663 1877 3694 ostendistis
1888 3663 1911 3705 ο(
1926 3661 2003 3705 unde
2023 3671 2110 3702 grates
2133 3664 2213 3694 vobis
2234 3665 2376 3695 referimus
2393 3664 2463 3689 37η-

1318 3703 1505 3734 multiformffl
1522 3704 1530 3739 )
1552 3704 1629 3741 spem
1653 3704 1737 3733 nobis
1755 3701 1866 3739 praestat
1882 3700 2030 3744 ,indubiam
2050 3700 2086 3731 ad
2105 3701 2194 3732 futura
2205 3725 2216 3740 ,
2232 3703 2309 3740 quod
2328 3714 2376 3741 ea,
2394 3704 2433 3726 Fr.
2454 3700 2481 3725 6-

1316 3751 1381 3779 quae
1402 3740 1500 3771 nostris
1514 3741 1639 3771 insistunt
1659 3740 1794 3770 desideriis
1805 3761 1816 3776 ,
1834 3738 1922 3769 velitis
1940 3761 1950 3776 ,
1963 3748 2040 3777 Juxta
2060 3739 2191 3770 assuetam
2212 3741 2377 3772 benivolen-
2393 3741 2424 3764 f..
2444 3747 2471 3763 2·

1316 3780 1500 3846 tiam,lacordi
1512 3778 1665 3815 assumere,
1685 3780 1717 3809 δε
1733 3778 1806 3808 circa
1822 3786 1922 3807 eorum
1934 3778 2047 3808 felicem
2061 3778 2269 3817 expeditionem
2282 3780 2379 3812 effica·
2395 3786 2431 3804 θ’·
2449 3775 2490 3805 ῑεν

1318 3818 1387 3848 citer
1425 3818 1532 3846 borare.

1353 3855 1432 3885 Cum
1446 3856 1538 3892 itaque
1550 3853 1693 3884 Dominus
1706 3852 1843 3884 Summus
1857 3853 1990 3885 Pontifex
2004 3855 2104 3893 vobis,
2124 3863 2156 3885 ut
2175 3855 2378 3894 intelleximus,

1316 3894 1550 3924 examinationem
1566 3902 1597 3922 ac
1617 3891 1787 3934 decisionem
1802 3894 1980 3932 negotiorum
2002 3897 2012 3928 (
2041 3903 2073 3924 ro
2089 3894 2189 3938 quibus
2202 3893 2376 3926 Venerabilis

1318 3931 1399 3962 Pater
1410 3954 1420 3970 ,
1439 3929 1491 3960 W.
1516 3929 1725 3960 Coventrienlis
1749 3929 1902 3971 Episcopus
1917 3955 1927 3971 ,
1945 3931 2012 3962 Τὴε
2021 3941 2138 3962 aurarius
2156 3931 2252 3963 noster
2266 3956 2276 3971 ,
2293 3934 2375 3970 (cui,

1319 3970 1406 4000 nostri
1420 3968 1675 4007 contemplatione,
1690 3970 1838 4006 oportunis
1850 3971 2006 4008 favoribm,
2023 3969 2107 4002 vestri
2119 3971 2224 4010 gratia,
2242 3971 2377 4002 haetenus

1319 4008 1454 4044 astitistis)
1474 4006 1581 4036 duxerit
1595 4008 1828 4038 committendas:

1357 4046 1404 4080 Ac
1417 4045 1538 4085 ejusdem
1551 4043 1685 4086 Episcopi
1698 4046 1732 4078 &
1746 4046 1920 4116 Thgsaurarii
1938 4047 2029 4081 nostri
2042 4047 2186 4088 praesentia
2197 4048 2296 4085 nobis,
2309 4055 2379 4083 1210-

1835 4095 1849 4123 3
2318 4090 2382 4124 pter
