2562 4279
212 119 231 161 3
242 121 260 147 2

56 191 133 221 Ann.
149 191 189 226 D.
237 189 385 223 Universis
400 189 431 220 &
448 186 570 227 singulis,
592 187 681 217 Latias
695 188 723 216 in
739 185 817 216 disto
834 185 940 223 Regno
955 182 1054 214 nostro
1078 182 1267 219 habentibus,

78 231 162 269 13⁵8.
199 230 249 261 sub
264 228 448 260 Forisfatttirfi
464 227 622 264 Laurum,
640 226 673 256 &
687 225 806 255 aliorum
823 223 970 254 Bonorum
983 223 1102 267 suorum
1121 229 1261 267 quorum-

53 251 130 297 Edv.)
142 279 168 306 3.
201 278 325 306 cumque
339 292 347 304 Ἰ
369 266 487 296 firmiter
509 265 691 309 inhibentes,
710 264 748 292 ne
769 263 869 300 vobis,
887 261 934 292 vel
956 262 1038 305 alicui
1065 260 1198 303 vestrum·
1218 259 1264 289 seu

203 304 378 344 Deputandis
390 304 405 333 a
421 304 520 341 vobis,
537 302 582 332 vel
598 301 725 333 vestrum
737 300 849 339 aliquo,
868 301 897 330 in
919 298 1080 337 praemiffis,
1097 299 1144 330 seu
1165 299 1261 336 aliquo

202 343 410 384 priemifforum
420 366 428 378 ,
448 340 691 378 [mpedimentum
706 339 825 370 inferant
839 339 972 377 aliquale:
1128 377 1133 381 Ι

239 383 276 412 Et
289 381 354 411 ideo
369 381 467 418 vobis,
487 379 603 409 firmiter
616 377 810 416 injungendo,
827 377 995 408 mandamus
1013 375 1092 414 quod
1107 385 1185 419 circa
1192 384 1264 418 P¹'.ae.·

202 421 296 457 missa,
315 418 439 449 facienda
461 418 493 448 &
514 416 666 456 explenda,
684 417 713 446 in
734 416 829 447 forma
850 415 1001 454 praedidffi,
1020 424 1088 446 cum
1105 424 1187 445 omni
1203 413 1265 443 dili-

203 459 298 497 gentis
311 456 466 487 intendatis.
831 494 836 498 ι
903 493 907 498 .
1017 492 1043 498 ..
1194 491 1199 496 .
1224 491 1229 495 .

240 496 438 527 Mandavimus
454 496 530 525 enim
543 493 675 525 univerfis
689 494 723 525 &
738 492 851 531 singuiis
871 491 1115 529 Vicecomitibus,
1134 490 1260 528 Ballivis,

201 536 235 566 &
250 535 307 564 aliis
320 533 459 564 Fidelibus
474 533 590 571 nostris,
607 531 687 571 quod
700 532 800 569 vobis,
819 532 852 562 &
866 532 984 562 cuilibet
997 530 1184 567 vestrum,ac
1194 528 1258 572 De-

199 573 327 611 putandis
343 572 359 601 a
374 572 472 610 vobis,
493 580 524 602 ut
540 571 580 602 est
595 571 722 608 dietum,
741 572 769 601 in
784 569 929 608 praemiffis
943 570 1078 600 omnibus
1091 569 1125 599 &
1147 567 1260 607 fingulis

199 611 332 642 faciendis
346 611 378 641 δε
393 610 552 648 explendis,
573 619 687 650 pareant
703 610 736 640 ὃς
752 608 916 647 intendant,
1118 647 1122 651 .
1158 646 1163 651 ι

236 649 274 680 Et
289 649 368 687 quod
381 648 486 686 praesati
503 648 696 679 Vicecomites
710 646 853 686 Cari-agia,
871 658 924 686 pro
938 647 1022 677 Lanis
1037 645 1195 684 praedistiS‚
1212 654 1258 688 us-

197 698 254 726 que
278 687 380 718 Portus
401 686 561 725 hujusmodi
581 686 734 726 ducendis,
751 696 867 716 necnon
886 684 1074 716 Canevatium
1091 694 1148 728 ‘pro
1173 684 1257 713 Lanis

195 727 248 757 illis
270 725 425 764 saccandis,
442 724 479 756 de
501 725 628 757 Exitibus
648 725 813 756 Ballivarum
834 724 960 761 suarum,
981 733 1030 761 per
1054 722 1256 766 aVisamentum

195 764 321 796 vestrum
335 787 344 803 ,
362 764 407 794 vel
429 764 558 794 vestrum
581 764 693 802 alicujus
707 787 716 802 2
742 763 883 804 provideri
903 763 1006 807 facient
1020 785 1029 800 ‚
1056 770 1186 799 quotiens
1206 769 1256 797 per

195 814 248 834 vos
283 803 327 833 vel
343 803 467 841 aliquem
483 802 631 839 vestrum,
649 803 754 833 fuerint
768 803 937 839 praemuniti.
1225 837 1230 842 Ι

263 842 375 871 olumus
397 843 480 871 etiam
504 841 583 880 quod
606 840 785 872 Collec‘tores
805 838 1007 870 Custumarum
1036 837 1196 881 nostrarum
1224 846 1252 866 in

195 879 353 917 Portubus,
372 881 420 910 ubi
437 880 527 911 Lanas
540 880 685 920 praediotas
699 878 815 909 Carcari
829 879 982 914 contigerit
1014 876 1172 906 Marinariis
1188 874 1253 904 Na-

192 919 290 956 vium,
307 920 336 948 in
351 920 450 954 quibus
467 919 554 949 Lanae
569 919 621 949 illae
634 917 857 954 transvehentur,
875 900 1013 954 Expends
1026 915 1083 959 suas
1096 915 1204 944 solvant
1217 913 1253 943 de

193 956 320 988 Exitibus
340 955 543 988 Custumarum
562 958 757 996 praedit‘hirum
773 968 782 994 ι,
798 955 832 985 de
853 956 954 992 quibus
974 955 1029 992 eis,
1047 963 1076 982 in
1098 951 1252 996 Compoto

190 995 258 1032 suo,
278 996 312 1027 ad
326 996 507 1027 Scaccarium
521 996 666 1034 nostrum,
681 994 805 1026 debitam
821 994 1034 1025 Allocauonem
1049 991 1152 1022 habere
1168 991 1252 1022 facie-

192 1043 266 1064 mus.

227 1071 263 1102 In
279 1073 355 1111 cujus
363 1096 372 1111 ,
393 1073 453 1104 &c.

186 1186 205 1216 d
224 1148 315 1216 Ἰὲὶείὶς
330 1149 413 1189 Rege
426 1149 498 1187 apud
514 1149 683 1188 Andewerp.
700 1149 819 1188 septimo
833 1149 878 1180 die
896 1147 1034 1189 Augusti,
1053 1146 1140 1177 Anno
1153 1146 1248 1186 Regni

208 1197 246 1217 uo
266 1197 371 1219 ecniio.

871 1267 924 1295 Per
937 1263 1018 1303 ipſscm
1032 1265 1136 1300 Regem.

591 1393 640 1423 De
660 1393 838 1423 Retinentia.

23 1488 101 1520 Arm.
119 1489 159 1523 D·
186 1475 306 1550 REX
327 1476 490 1515 Omnibus,
507 1475 542 1506 ad
558 1486 646 1514 quOS,
663 1477 723 1508 &c.

285 1515 384 1546 Sciatis
400 1514 481 1552 quod

21 1529 129 1596 ,4333182'
220 1551 318 1596 Cum,
338 1553 456 1584 Nobilis
499 1554 539 1590 ir,
561 1550 710 1596 Conradus
723 1551 759 1597 de
777 1551 892 1590 Mares,
913 1551 1058 1596 Dominus
1066 1551 1105 1596 de
1121 1551 1242 1596 Hurde,

21 1609 52 1632 E.
74 1615 100 1642 3·
130 1591 136 1597 “
184 1589 283 1634 Miles,
302 1593 384 1623 nobis
406 1591 483 1622 bona
506 1591 562 1635 fide
584 1594 742 1635 promiserit
764 1590 894 1635 seucum
908 1591 1120 1635 Quinquaginta
1135 1590 1243 1635 Homi-

18 1647 69 1671 Pa„
86 1647 156 1682 apud
181 1631 262 1660 nibus
276 1630 310 1660 ad
327 1631 417 1662 Arma
431 1630 572 1668 Calcatis,
591 1629 693 1660 nostris
704 1629 843 1669 obsequiis
860 1639 1022 1673 immorari,
1043 1637 1126 1666 prout
1141 1629 1243 1660 inLit-

181 1669 251 1737 terIisI
260 1669 310 1699 suis
326 1669 504 1707 Parentibus,
522 1669 590 1699 inde
605 1668 760 1706 confeffis,
778 1668 885 1707 pleniiIs
902 1676 1082 1706 continetur,

252 1718 285 1738 os

215 1732 302 1776 Tam'
318 1745 542 1784 praemissorum,
558 1746 645 1785 quam
666 1744 721 1775 suae
743 1744 891 1776 Probitatis
903 1745 1019 1782 intuitu,
1039 1754 1072 1775 ac
1093 1746 1179 1776 etiarn
1198 1745 1240 1776 ob

180 1783 379 1816 Affectionem
392 1785 542 1822 sinceram,
561 1793 646 1822 quam
661 1783 694 1813 ad
712 1783 779 1814 Nos
796 1783 886 1820 ipsum
906 1783 1010 1813 habere
1031 1783 1238 1823 conspicimus,

223 1822 358 1854 Volentes
378 1824 459 1862 iplius
480 1822 690 1854 Gratitudinem
712 1821 872 1860 adjeffione
892 1821 1103 1852 Munificentiae
1131 1832 1240 1861 praeve-

176 1869 236 1891 nire

213 1885 424 1937 Pr’omittimus,
443 1899 520 1930 bona
534 1899 589 1930 fide
624 1898 704 1937 quod
719 1898 812 1929 eidem
826 1897 982 1936 Conrado,
1001 1898 1070 1929 ultra
1085 1898 1236 1930 Summam

174 1936 325 1976 Pecuniae,
344 1949 446 1977 quam,
463 1939 571 1968 ratione
596 1948 622 1968 ic
640 1937 824 1976 impendendi
838 1937 923 1968 nobis
936 1937 1065 1975 obsequii
1102 1938 1153 1968 fibi
1165 1938 1235 1969 solvi

171 1975 289 2006 fecimus
325 1977 431 2007 solvere
445 1977 579 2007 faciemus
595 1977 728 2015 Qatuor
744 1976 827 2006 Milia
842 1976 1049 2016 Florenorum,
1066 1962 1102 2007 de
1116 1976 1233 2007 Floren-

171 2014 223 2051 tia,
243 2016 271 2044 in
310 2015 369 2046 esto
383 2015 491 2046 Natalis
506 2015 630 2046 Domini
645 2016 779 2053 proximo
792 2015 851 2054 jam
867 2015 977 2045 futuro:

207 2053 402 2084 promittimus
421 2057 504 2085 etiam
526 2054 607 2092 quod
626 2053 720 2084 eidem
743 2052 898 2092 Conrado,
917 2063 971 2091 pro
985 2053 1029 2091 se,
1044 2054 1079 2086 &
1093 2053 1232 2085 Homini-

165 2091 218 2121 bus
242 2091 293 2122 suis
312 2092 470 2131 praedietis,
489 2094 516 2122 in
541 2092 710 2131 Stipendiis,
731 2092 764 2123 ὃς
789 2092 928 2123 Restauro
950 2091 1100 2129 Equorum
1114 2093 1230 2124 suorum

166 2129 199 2165 (ii
215 2140 286 2168 quos
297 2133 325 2161 in
341 2131 441 2162 nostris
455 2131 595 2169 obsequiis
610 2132 688 2170 perdi
711 2131 875 2169 contigerit)
892 2131 960 2162 sicut
972 2132 1029 2162 aliis
1043 2130 1231 2172 Hominibus,

166 2168 260 2199 Status
274 2169 328 2209 sui,
349 2171 431 2201 nobis
447 2170 654 2210 Servientibus,
673 2169 792 2201 satisfieri
808 2171 952 2202 faciemus.

18 1685 121 1711 Aatew.

22 1730 30 1746 i
41 1731 64 1748 ι.

17 1762 46 1785 E.
70 1769 94 1796 3.
114 1770 152 1788 m.

16 1806 44 1832 9.

204 2244 237 2275 In
255 2247 349 2285 cujus,
370 2248 430 2279 &c.

200 2319 267 2353 Dat.
283 2323 342 2355 &c.
357 2334 435 2356 nono
449 2324 495 2356 die
511 2323 648 2365 Augusti,
669 2325 730 2357 &c.

853 2404 905 2431 Per
918 2401 999 2440 ipsim
1014 2404 1118 2440 Regem.

209 2528 267 2559 Pro
286 2524 467 2560 Hominibus
484 2527 519 2561 de
538 2527 685 2561 Gandauo
696 2555 705 2569 ,
731 2527 875 2574 quodfint
893 2532 987 2575 quieti
1000 2529 1036 2563 de
1046 2529 1175 2576 Ulnagio

599 2581 782 2610 Pannorum.

124 2692 131 2698 .
161 2658 247 2732 RE

251 2659 281 2691 X
301 2661 465 2701 Omnibus,
483 2663 517 2694 ad
531 2673 618 2704 quos,
637 2664 698 2696 &c
716 2663 851 2694 Salutem.

20 2708 95 2747 ¹338
260 2699 357 2731 Sciatis
372 2702 467 2739 quod,
492 2741 497 2746 ·
900 2741 905 2747 ¹
1072 2742 1077 2747 ¹
1194 2741 1199 2747 ,

0 2749 51 2772 An.
72 2757 81 2774 Ι
90 2757 113 2776 Ζ,
194 2735 378 2780 Attendentes
391 2739 586 2771 Affectionem
602 2740 736 2771 sinceram
747 2749 844 2779 ,quam
853 2765 862 2779 ,
878 2739 996 2771 dilec'tos
1008 2741 1108 2779 nobis,
1117 2740 1215 2781 Burgi-

0 2788 29 2810 E.
53 2795 77 2821 3,
159 2775 324 2815 magistros,
343 2779 376 2808 ὃς
398 2778 550 2817 Scabinos,
569 2789 602 2809 ac
620 2778 889 2817 Communitatem,
909 2778 991 2809 Villae
1009 2778 1045 2810 de
1056 2778 1214 2819 Gandauo‚

0 2826 57 2851 l'at.
64 2826 135 2861 apud
159 2811 192 2843 ad
208 2823 260 2844 nos
275 2815 311 2858 &⁴
325 2815 436 2847 nostros
447 2818 548 2862 habere
563 2818 767 2862 conspicimus,
811 2856 831 2863 ..
961 2857 966 2862 ,

0 2865 97 2890 Autem.
196 2851 235 2882 Et
250 2854 371 2890 promde
385 2855 511 2886 volentes
525 2857 594 2894 ipsos
608 2857 736 2895 ampliori
748 2865 835 2896 gratia
845 2865 1016 2894 praevenire,

2 2909 45 2926 η,
194 2889 394 2923 Conceffimus
409 2893 511 2924 eisdem
526 2895 605 2933 quod
619 2895 773 2926 Ulnatores
786 2894 950 2925 Pannorum
971 2893 1212 2935 Cismarinorum,

0 2942 26 2964 Ε,
44 2949 67 2977 3,
90 2951 127 2968 Μ,
156 2937 205 2965 per
223 2939 275 2974 nos
296 2932 325 2960 iri
345 2931 567 2977 quibuscumque
589 2933 730 2977 lJortubus
744 2957 753 2972 ,
772 2933 816 2977 vel
834 2934 891 2978 aliis
912 2933 1098 2978 locis‘Regni
1121 2934 1211 2978 nostri

0 2975 26 3004 3,
154 2966 295 3036 affignati,
312 2969 356 3014 seu
373 2980 547 3014 quicumque
561 2972 623 3010 alii,
639 2972 675 3002 de
691 2971 808 3014 Pannis,
823 2971 902 3015 factis
919 2982 948 3016 iri
964 2972 990 3002 V
993 2972 1037 3002 illa
1057 2972 1210 3012 praedius,

153 3006 186 3048 &
214 3007 324 3075 affluo,
338 3018 367 3038 in
384 3009 484 3053 eadem
500 3009 575 3054 Villa
588 3012 621 3040 ad
633 3011 691 3041 hoc
707 3014 821 3047 uiitato,
840 3010 974 3055 S'ignatisn,
989 3012 1059 3041 cum
1072 3010 1106 3041 ad
1120 3021 1210 3050 partes

151 3043 219 3074 didti
263 3056 327 3085 egni
340 3048 485 3078 transmissi
500 3048 622 3087 fuerint,
640 3049 666 3079 se
680 3048 834 3079 nullatenus
849 3058 1050 3088 intromittant,

190 3082 276 3121 Nec,
293 3086 342 3115 sub
359 3086 459 3117 colore
478 3086 614 3127 Ulnagii,
631 3087 676 3118 seu
697 3087 911 3127 Forisfac‘turae,
930 3088 1074 3119 didiorum
1095 3087 1210 3120 Panno-

150 3130 232 3159 rum,
249 3123 351 3161 aliquid
365 3126 476 3162 exigant
491 3135 544 3165 pro
558 3125 678 3164 eisdem,

188 3159 237 3190 Set
252 3162 330 3199 quod
346 3162 492 3194 Ducentes
507 3163 619 3195 Pannos
633 3163 808 3203 hujusmodi,
827 3164 860 3194 ad
874 3164 983 3196 dissitum
998 3164 1134 3204 Regnum
1151 3176 1207 3197 no-

0 3210 17 3230 ir
33 3214 67 3239 v,
82 3223 125 3248 75-
150 3196 256 3241 strum,
275 3201 311 3243 ab
334 3200 477 3246 Ulnagio,
495 3202 532 3232 de
552 3202 653 3247 Pannis
672 3203 723 3233 illis
745 3202 814 3233 infra
828 3202 964 3247 Regnum
984 3205 1002 3222 ¹*
1022 3204 1152 3248 nostrum
1168 3204 1209 3235 fa-

149 3238 272 3276 ciendo,
291 3242 343 3269 lint
357 3240 471 3278 Qiieti,
491 3241 624 3279 quamdiu
640 3241 743 3272 nostrae
755 3240 887 3281 placuerit
904 3242 1049 3272 voluntati.

186 3274 240 3314 Et,
261 3277 278 3306 li
293 3279 437 3317 contingat
451 3289 506 3310 nos
520 3280 627 3311 dietam
641 3281 818 3311 voluntatem
831 3279 957 3310 nostram
972 3290 1006 3310 ex
1023 3280 1107 3310 causis
1122 3282 1209 3311 ratio-

147 3313 276 3345 nabiliter
290 3317 458 3355 immutare,
477 3317 609 3348 volumus
624 3318 825 3349 nichilominus
842 3318 922 3356 quod
935 3327 1109 3356 extunc,per
1117 3329 1205 3349 unum

151 3351 269 3384 Annum
290 3355 451 3395 integrum,
471 3356 546 3387 dieta
564 3356 656 3387 nostra
677 3356 835 3388 Conceffio
855 3359 884 3387 in
899 3357 950 3387 suo
964 3358 1068 3387 robore
1079 3357 1206 3396 perseve-

149 3399 199 3420 ret.

186 3428 221 3459 In
235 3432 327 3469 cujus,
345 3433 405 3464 &c.

185 3504 274 3537 Teste
290 3507 372 3548 Rege
385 3509 457 3548 apud
469 3508 640 3551 Andeiverp.
653 3511 769 3543 decimo
782 3511 856 3543 sexto
870 3511 916 3542 die
933 3510 1060 3551 Augusti.

830 3591 884 3618 Per
896 3587 977 3628 ipficm
992 3591 1097 3626 Regem.

0 3667 74 3698 Ann.
85 3667 127 3698 D.
315 3671 401 3677 m

0 3707 108 3773 4133}
556 3725 604 3756 De
623 3725 801 3757 Retinentia.

0 3788 129 3859 gat'szud
151 3800 441 3862 EDivarduSQDei
454 3806 560 3850 grani,
579 3806 784 3851 Rex-Anguste,
804 3807 874 3837 Dux
887 3807 1072 3852 Aquitaniae,
1085 3807 1118 3837 δε
1136 3805 1203 3851 Do-

0 3845 95 3889 Ansseiv.
228 3849 319 3869 minus
339 3841 502 3882 Hiberniae,
521 3844 704 3876 Praesentium
728 3845 900 3876 Litterarum
923 3846 1127 3886 Inspec'l'oribus
1141 3856 1204 3876 uni-

0 3908 39 3925 η-
55 3903 83 3927 E.
122 3923 127 3928 .
148 3877 247 3945 verssis,
266 3877 408 3920 Salutem,
426 3882 458 3911 &
475 3882 675 3919 plenitudinem
691 3885 785 3913 omnis
798 3884 876 3914 boni.

0 3945 29 3964 ⁷¹-
47 3946 75 3972 9·
182 3917 456 3992 Αῗέἓῗῖἓὲἓέἓᾞῗέ
465 3941 498 3986 ⁹&
514 3959 587 3987 urina
600 3959 767 4028 Obsequial}

778 3969 843 3997 quae
855 3961 883 3990 in
897 3961 1017 3995 negotiis
1037 3959 1138 3990 nostris
1161 3966 1204 3989 ar-

144 3991 222 4031 duis,
239 3993 416 4032 tangentibus
429 3993 497 4024 Nos
509 3995 542 4026 &
557 3995 724 4028 Commoda

768 3998 837 4036 egni
848 3993 964 4037 nostri,
984 3997 1125 4038 Majestati
1146 4008 1201 4029 no-

658 91 1463 145 CONVENTIONES,

1521 94 1912 148 LITERAE,

1307 177 1389 216 strae,
1408 178 1538 210 Dilestus
1552 180 1647 212 noster
1658 181 1786 221 Juratus,
1804 181 1938 212 Robinus
1951 180 1987 213 de
1999 182 2118 214 Foresto
2131 185 2258 216 exhibuit
2271 186 2366 218 &ser—
2391 181 2467 214 Ann.
2477 182 2520 215 D.

1305 218 1394 261 vivit,
1411 219 1446 249 ὃ(
1460 228 1525 256 quae
1537 219 1650 259 Nobis,
1667 229 1714 251 aut
1728 220 1941 251 Succefforibus
1956 221 2074 261 nostris,
2090 221 2169 253 idem
2188 223 2290 256 servire
2311 235 2365 264 po-
2415 223 2501 263 1338.

1306 263 1369 286 terit
1386 256 1567 295 infuturum,
2386 262 2455 291 Ἐάν.
2476 272 2502 299 3·
2539 283 2543 286 -

1343 294 1421 324 Tam
1437 304 1472 325 ex
1487 295 1605 326 Affestu
1622 296 1765 335 proprio,
1783 298 1869 335 quam
1883 306 1996 329 maturo
2018 297 2165 338 Consilio,
2184 298 2368 334 Dilectorum
2444 296 2451 308 ‘

1305 332 1339 362 &
1353 332 1492 364 Fidelium
1506 334 1687 374 nostrorum,
1703 335 1849 374 videlicet,

1341 407 1514 441 Venerabilis
1526 410 1614 442 Patris
1621 436 1631 449 ,

1342 449 1457 477 Henrici
1469 448 1588 489 Episcopi
1606 449 1796 490 Lincolnienfis
1805 473 1814 489 ,

1340 485 1455 516 Henrici
1472 488 1503 517 a'e
1524 488 1704 529 Lancast-ria,
1723 487 1892 529 Derbienfis,

1339 523 1486 554 Willielmi
1504 527 1535 555 de
1553 527 1667 566 Bohun,
1687 526 1983 567 Northamptonienfir,

1338 563 1383 590 W
1382 561 1485 592 illielmi
1502 565 1534 594 de
1553 568 1650 595 Monte
1668 568 1778 603 Aemo,
1793 565 2001 608 Salisherienfis,

1333 601 1377 668 gt
1395 601 1508 645 Roberti
1524 604 1556 633 de
1575 604 1701 643 Ufforde,
1718 603 1909 645 Suffilcienfis,

1364 648 1487 670 omitum

1332 676 1475 713 Johannis
1486 663 1518 708 a’le
1532 679 1642 719 Archi,
1659 680 1818 720 Senefihai'li
1829 685 1919 712 Curiae
1933 681 2047 722 nostra,

1333 717 1376 743 Et
1389 716 1516 756 Galfredi
1530 721 1624 757 scrop,

1333 753 1480 794 Militum,

1332 829 1466 862 Eundem
1488 832 1642 864 Robinum
1662 832 1898 866 Confiliariorum
1916 835 2083 868 nostrorum
2105 846 2227 869 numero
2249 838 2357 872 sincere

1292 867 1425 900 duximus
1441 872 1657 910 applicandum,

1315 907 1391 950 ‚Sibi
1409 920 1541 949 quoque,
1559 912 1588 940 in
1604 910 1719 941 suorum
1735 910 1904 943 Mercedem
1925 912 2072 952 laborum,
2089 914 2125 946 de
2147 915 2256 946 Annuis
2276 916 2358 949 Red-

1291 944 1411 986 ditibus,
1429 948 1463 978 ad
1487 949 1562 978 suam
1584 951 1690 987 vitam,
1708 948 1835 980 Centum
1860 950 2024 982 Marcarum
2039 953 2183 984 bonorum
2198 954 2356 995 Sterlingo·

1291 993 1374 1023 rutn,
1393 996 1470 1018 nunc
1485 988 1513 1017 in
1527 987 1629 1018 Anulis
1645 990 1838 1020 communiter
1854 989 2029 1020 Dativorum
2043 991 2089 1022 seu
2104 991 2355 1031 Currentium,de

1290 1022 1307 1051 s
1321 1024 1397 1054 eciali
1418 1025 1506 1065 gratia
1529 1027 1563 1057 δε
1587 1027 1738 1057 iberalitate
1754 1027 1848 1067 regia,
1866 1037 1967 1059 tenore
1981 1029 2174 1070 praesentium,
2190 1032 2220 1062 in
2232 1034 2354 1065 nomine

1325 1064 1434 1102 omini,
1452 1064 1654 1104 providemus,

1327 1099 1484 1141 Dieiasque
1507 1101 1637 1135 Centum
1660 1103 1775 1135 Marcas
1795 1104 1999 1144 sterlingorum
2022 1105 2120 1137 damus
2140 1107 2355 1146 &affignamus

1288 1139 1406 1176 praefato
1422 1141 1558 1181 Robino,
1577 1142 1766 1182 recipiendas,
1784 1143 1929 1181 levandas,
1944 1145 1977 1175 ὃς
1992 1143 2170 1185 deferendas,
2189 1147 2306 1185 pacifice
2313 1148 2351 1179 de

1288 1178 1390 1209 nostris
1406 1179 1491 1211 Bonis
1507 1182 1541 1212 &
1558 1180 1766 1219 Proventibus,
1785 1182 1841 1213 sive
1856 1181 2045 1222 Redditibus,
2065 1184 2094 1213 in
2108 1183 2268 1216 Botelstene
2285 1187 2349 1226 (qui

1289 1214 1349 1246 CU
1360 1227 1371 1247 s
1383 1227 1405 1248 T
1415 1228 1437 1249 U
1447 1227 1472 1249 Μ
1481 1230 1500 1250 Α
1520 1221 1670 1257 vulgariter
1686 1221 1880 1258 nominantur)
1897 1231 1945 1259 per
1964 1231 2061 1252 manus
2075 1222 2207 1254 antedicti
2221 1223 2347 1265 Robini‚

1287 1255 1333 1285 vel
1354 1256 1392 1286 sui
1415 1256 1611 1289 procuratoris
1626 1283 1635 1297 ,
1654 1259 1669 1289 a
1691 1258 1792 1290 nostro
1810 1259 1975 1298 Receptore
1990 1284 1999 1298 ,
2016 1260 2123 1291 ibidem
2142 1271 2196 1299 pro
2218 1269 2347 1300 tempore

1286 1293 1438 1362 lexistente,
1456 1296 1566 1336 singulis
1583 1298 1689 1337 Annis,
1704 1298 1815 1329 duobus
1831 1300 1912 1329 certis
1925 1298 2084 1338 Terminis,
2100 1299 2147 1330 hic
2163 1301 2279 1340 notatis,
2297 1301 2349 1333 sci-

1298 1341 1370 1372 icet,

1325 1372 1535 1413 Quinquaginta
1556 1374 1670 1406 Marcas
1689 1376 1718 1406 in
1738 1375 1852 1407 instanti
1873 1375 1919 1406 die
1941 1375 2027 1407 Festo
2048 1375 2211 1408 Nativitatis
2223 1376 2349 1409 Domini

1286 1409 1375 1441 nostri
1387 1411 1471 1449 Jhesu
1489 1412 1613 1452 Christi,

1321 1448 1359 1479 Et
1373 1451 1437 1481 alias
1452 1451 1669 1520 anuaginta
1687 1452 1819 1492 Marcas,
1837 1452 1982 1484 dictorum
1998 1453 2222 1494 sterlingorum,
2240 1455 2268 1485 in
2282 1455 2347 1486 sub-

1284 1486 1310 1517 se
1332 1489 1407 1519 uenti
1421 1490 1466 1520 die
1518 1492 1645 1522 ativitatis
1659 1492 1732 1522 beati
1743 1491 1882 1530 Johannis
1894 1491 2040 1532 Baptistae,

1348 1535 1360 1557 t
1380 1527 1417 1558 fic
1440 1529 1526 1567 ultra,
1547 1530 1629 1560 distis
1649 1530 1797 1561 Terminis
1818 1530 1958 1561 diei-irum
1978 1530 2167 1563 Nativitatum
2182 1556 2192 1570 ,
2211 1532 2347 1572 quamdiu

1283 1565 1412 1602 praefatus
1425 1566 1559 1599 Robinus
1572 1568 1670 1599 Vitam
1684 1569 1793 1600 duxerit
1806 1570 1834 1599 in
1849 1569 1999 1600 Humanis.

1320 1602 1489 1636 Mandant&
1511 1606 1714 1638 nichilominus
1728 1631 1738 1646 ,
1755 1609 1789 1640 &
1811 1609 1940 1640 volentes
1963 1608 2088 1646 expresse
2104 1633 2114 1648 ,
2131 1608 2216 1640 dietae
2239 1608 2348 1641 Custu-

1281 1651 1337 1685 rtiae
1361 1643 1534 1684 Receptori,
1553 1647 1677 1684 praesenti
1695 1647 1728 1678 &
1749 1646 1863 1686 futuro,
1881 1647 1915 1677 &
1936 1647 1993 1685 ejus
2007 1647 2124 1678 Locum
2137 1650 2261 1688 tenenti,
2277 1658 2346 1688 qua-

1279 1689 1370 1720 tinus,
1389 1681 1446 1712 sine
1465 1683 1574 1714 alterius
1598 1685 1716 1722 cujusvis
1735 1685 1931 1722 expediatione
1955 1685 2095 1726 mandati,
2111 1686 2147 1717 de
2164 1686 2247 1717 distis
2261 1686 2343 1718 Cen-

1278 1727 1341 1763 tum
1362 1720 1470 1752 Marcis
1488 1722 1717 1762 sterlingorum,
1737 1723 1895 1762 supradieto
1915 1723 2054 1763 Robino,
2072 1735 2120 1757 aut
2139 1727 2196 1764 ejus
2215 1725 2266 1757 suo
2286 1736 2344 1757 no-

1278 1766 1355 1825 {inme
1380 1762 1556 1792 procuratori
1570 1786 1580 1800 ‚
1598 1763 1682 1793 omni
1704 1762 1792 1793 Anno
1807 1787 1817 1801 ,
1834 1762 1914 1801 super
1934 1763 2086 1801 praedictos
2110 1765 2247 1795 terminos
2266 1765 2341 1796 satis-

1299 1804 1341 1833 at,

1312 1833 1352 1866 Et
1367 1836 1446 1874 quod
1467 1838 1602 1877 quicquid
1622 1839 1719 1870 noster
1739 1839 1887 1878 Receptor
1907 1849 1957 1878 per
1971 1839 2094 1871 modum
2109 1840 2278 1878 praedictum
2292 1850 2341 1872 ex-

1276 1873 1406 1914 solverit,
1425 1875 1555 1915 Robini,
1571 1877 1618 1908 vel
1633 1877 1671 1908 sui
1690 1880 1899 1917 Procuratoris,
1915 1879 1951 1909 de
1972 1879 2064 1910 soluto
2086 1878 2237 1910 ostendens
2264 1879 2342 1918 Qui-

1274 1913 1411 1958 tantiam,
1430 1914 1480 1945 fibi
1492 1916 1521 1945 in
1537 1916 1588 1946 suis
1601 1915 1737 1954 Receptis
1750 1918 1851 1948 locum
1867 1926 1977 1956 teneat,
1996 1919 2029 1950 &
2043 1917 2079 1948 de
2100 1918 2150 1949 suo
2171 1916 2341 1958 Comp0t0‚

1274 1960 1407 1990 compoti
1422 1953 1460 1983 sui
1475 1962 1622 1992 tempore,
1641 1956 1790 1986 minuatur.

1311 1989 1401 2028 Super
1421 1992 1521 2030 quibus
1540 1993 1676 2024 omnibus
1699 1995 1733 2024 &
1754 1994 1885 2032 singulis,
1905 1995 1934 2024 in
1955 1994 2171 2025 Testimonium
2193 1995 2228 2026 &
2248 1995 2345 2026 muni-

1274 2036 1423 2067 mentum,
1444 2031 1590 2070 praesentes
1605 2032 1725 2063 Litteras
1737 2031 1814 2071 fieri,
1835 2033 1868 2064 &
1888 2042 1922 2062 ex
1934 2032 2010 2063 certa
2024 2032 2137 2063 scientia
2149 2032 2249 2063 nostro
2271 2032 2346 2063 'ussi-

1270 2075 1333 2097 mus
1357 2067 1458 2105 Sigillo
1479 2072 1557 2109 regio
1576 2072 1723 2109 roborati,
1741 2082 1807 2110 quas
1830 2072 1916 2102 etiam
1930 2071 1965 2101 ad
1979 2070 2039 2102 usus
2054 2071 2164 2102 Robini
2177 2071 2256 2109 supra
2277 2070 2342 2110 fieti,

1293 2107 1401 2137 uamvis
1414 2117 1491 2138 nunc
1508 2110 1523 2139 a
1533 2108 1637 2140 nostro
1653 2109 1736 2140 sirnus
1748 2111 1872 2141 abientes
1888 2109 2014 2148 Regno,
2031 2109 2148 2148 nostro,
2166 2110 2200 2141 &
2223 2109 2343 2141 Succes-

1280 2155 1365 2175 orum
1390 2146 1575 2186 nostrorum,
1595 2150 1728 2187 nomine,
1744 2150 1812 2180 tanti
1836 2149 1957 2188 vigoris,
1976 2157 2115 2187 tantaeque
2142 2147 2279 2179 firmitatis
2293 2158 2343 2187 ap-

1267 2184 1439 2223 probamus,
1457 2195 1490 2216 ac
1506 2187 1526 2217 si
1541 2187 1612 2217 infra
1627 2187 1763 2226 Regnum
1779 2186 1910 2218 nostrum
1927 2187 2056 2227 Angliae,
2076 2186 2219 2218 mediante
2241 2187 2342 2218 nostro

1267 2221 1380 2263 Magno
1396 2222 1553 2265 Concilio,
1569 2225 1685 2257 indultae
1702 2226 1752 2258 sibi
1767 2226 1873 2264 essent,
1889 2235 1921 2257 ac
1941 2227 1970 2256 in
1988 2226 2106 2264 publico
2119 2225 2314 2257 concordatae.

1304 2298 1414 2331 Datum
1429 2302 1623 2340 Aritwerpiae,
1640 2303 1758 2334 Obtavo
1772 2303 1889 2334 decimo
1902 2302 1948 2333 die
1963 2301 2072 2333 Mensis
2086 2302 2226 2343 Augusti,
2243 2302 2334 2334 Anno

1264 2339 1279 2368 ὲ
1295 2339 1454 2371 Nativitate
1469 2341 1594 2372 Domini
1612 2341 1786 2380 Milleiimo,
1805 2341 2040 2380 Trecentesimo,
2058 2341 2221 2373 Tricesimo
2243 2341 2335 2373 Oeta-

1263 2388 1320 2416 νο·,
1338 2378 1433 2418 Regni
1449 2390 1518 2411 vero
1532 2380 1621 2411 nostri
1637 2380 1835 2412 Duodecimo.

1446 2519 1474 2546 ’κ’
1499 2525 1558 2556 Pro
1579 2525 1692 2556 Comite
1707 2523 1742 2556 de
1761 2524 1869 2566 Gelre,
1895 2522 1932 2555 dc
1947 2520 2134 2569 inquirenda.
2341 2536 2362 2558 2ss
2378 2542 2413 2569 v¹
2426 2543 2471 2578 76-

1254 2613 1387 2671 REX,
1406 2614 1527 2646 Dilectis
1541 2615 1608 2653 fibi,
1627 2615 1753 2653 Rogero
1767 2615 1921 2653 Nonnan,
1936 2613 2087 2646 Nicholao
2095 2613 2173 2655 Pyk,
2192 2614 2324 2646 &Tho-
2336 2613 2411 2646 Ann.
2425 2616 2468 2650 D.
2483 2614 2488 2633 ³

1329 2663 1384 2683 mae
1401 2653 1438 2683 de
1453 2653 1636 2692 Suetesham,
1651 2655 1785 2685 Salutem.
2365 2656 2450 2695 1338.

1292 2690 1369 2729 Qia
1389 2690 1485 2721 datum
1506 2691 1548 2722 est
1568 2693 1650 2722 nobis
1667 2692 1781 2731 intelligi
1802 2691 1882 2729 quod
1907 2692 2102 2730 quamplures,
2121 2691 2269 2723 Marinarii
2282 2693 2316 2723 δε
2334 2697 2386 2721 Aa.
2405 2704 2448 2724 iz.

1253 2728 1315 2766 alii,
1333 2729 1370 2758 de
1385 2729 1463 2760 Flota
1479 2729 1624 2769 Navium,
1644 2740 1709 2769 quae
1722 2730 1791 2761 Nos
1805 2731 1838 2761 δε
1853 2729 2040 2761 Excercitum
2055 2730 2187 2761 nostrum
2201 2730 2236 2762 ad
2251 2741 2316 2770 par-
2336 2735 2366 2760 E.
2390 2741 2416 2769 3.

1252 2775 1293 2798 tes
1307 2767 1516 2799 Transmarinas
1531 2779 1620 2806 nuper
1633 2769 1727 2807 duxit,
2335 2773 2393 2798 Par.
2425 2781 2468 2802 η.

1289 2804 1322 2836 In
1339 2806 1484 2837 redeundo
1499 2807 1533 2837 ad
1547 2817 1636 2843 partes
1649 2807 1679 2838 R
1717 2808 1746 2838 ni
1757 2807 1864 2847 nostri,
1902 2807 2061 2846 uamplures
2071 2807 2190 2847 Naves,
2207 2807 2310 2839 Nobi-
2332 2811 2364 2836 Ε.
2385 2819 2411 2846 3.
2422 2815 2447 2847 p.

1249 2843 1281 2874 lis
1296 2844 1372 2882 Viri,
1485 2861 1515 2867 -
1543 2845 1669 2877 Comitis
1681 2817 1725 2877 effe
1747 2845 1854 2885 GeIre,
1899 2848 1976 2878 ratris
1989 2846 2095 2885 nostri,
2113 2847 2147 2878 &
2161 2846 2198 2878 de
2211 2847 2311 2886 ipsius,
2333 2856 2359 2876 2.
2373 2858 2408 2877 m.
2420 2857 2465 2878 io.

1246 2893 1279 2913 ac
1300 2883 1421 2914 aliorum
1442 2883 1616 2916 Amicorum
1637 2885 1801 2916 nostrorum
1815 2909 1825 2924 ,
1851 2886 1881 2915 in
1904 2885 2026 2925 partibus
2046 2885 2097 2916 illis
2111 2909 2121 2924 ,
2145 2884 2310 2926 Dominio,
2330 2885 2393 2924 dors.

1249 2921 1451 2960 Mercandisis,
1471 2924 1504 2954 &
1526 2923 1583 2954 aliis
1602 2924 1684 2954 rebus
1704 2933 1844 2962 onerataS,
1865 2923 1945 2962 supra
1960 2923 2064 2963 Mare,
2082 2924 2156 2955 inter
2169 2923 2311 2956 Blaunke-

1246 2961 1334 3030 gergh
1348 2961 1382 2992 &
1398 2960 1489 3001 Hest,
1507 2972 1597 3001 prope
1613 2961 1766 2994 Costeram
1782 2961 1935 3002 Flandriae,
1955 2962 2074 2994 Armati
2087 2962 2311 2994 Potmtiainva-

1266 3009 1345 3030 entes

1286 3023 1430 3078 Qasdam
1452 3039 1488 3070 de
1510 3040 1615 3072 eisdem
1637 3040 1794 3080 Navibus,
1823 3049 1892 3071 cum
1912 3040 2048 3071 omnibus
2071 3037 2259 3070 Mercandisis
2277 3039 2313 3071 &

1247 3075 1349 3116 Bonis,
1369 3079 1398 3108 in
1412 3078 1516 3108 eisdem
1531 3079 1726 3118 existentibus,
1744 3079 1778 3111 δε
1793 3079 1844 3110 alia
1857 3078 2052 3109 Mercimonia
2065 3077 2099 3108 &
2113 3076 2312 3116 Bona‚incae-

1246 3117 1308 3146 teris
1322 3116 1457 3147 Navibus
1470 3117 1611 3155 praediffls
1625 3119 1756 3155 inventa,
1773 3117 1811 3148 us
1826 3127 1862 3147 ue
1876 3117 1911 3147 ad
1933 3126 1994 3147 non
2014 3115 2166 3146 modicum
2184 3116 2314 3148 valorem

1245 3163 1398 3193 ceperunt,
1415 3156 1450 3187 ὃς
1463 3155 1497 3186 ad
1513 3156 1601 3186 dictas
1616 3166 1705 3194 partes
1719 3156 1801 3194 ipsius
1846 3156 1912 3192 egni
1927 3154 2018 3184 nostri
2039 3153 2195 3194 duxerunt,
2212 3155 2248 3187 δε
2285 3166 2314 3186 e—

1243 3203 1292 3223 nes
1305 3193 1331 3223 se
1344 3194 1486 3232 detinent,
1505 3194 1607 3232 absque
1623 3195 1814 3225 Restitutione
1828 3192 1920 3232 aliqua
1934 3192 2000 3222 inde
2012 3192 2077 3237 illis,
2095 3203 2221 3231 quorum
2269 3204 2313 3225 er-

1243 3233 1368 3262 cimonia
1391 3233 1424 3263 &
1445 3232 1523 3262 Bona
1543 3232 1586 3262 illa
1609 3233 1728 3269 fuerint,
1748 3230 1892 3268 facienda,
1911 3232 1941 3260 in
1963 3230 2068 3270 nostri,
2086 3241 2120 3262 ac
2143 3231 2310 3264 nostrorum

1245 3270 1384 3300 Fidelium
1399 3293 1408 3308 ,
1435 3271 1584 3300 nobiscum
1603 3271 1786 3301 assistentium
1800 3293 1811 3309 ,
1837 3269 2000 3300 Periculum
2014 3292 2025 3309 ,
2049 3269 2196 3308 nostrique
2223 3279 2311 3310 grave

1244 3307 1414 3346 Dampnum
1428 3309 1461 3339 δε
1477 3308 1613 3339 Dedecus
1627 3308 1827 3347 manifestum,

1282 3346 1391 3384 Unde,
1410 3356 1463 3377 nec
1484 3347 1638 3386 inmerito,
1656 3347 1783 3379 intimius
1803 3356 2046 3386 commovemur,
2063 3346 2218 3385 praesertim
2237 3357 2310 3379 cum

1242 3383 1311 3415 Nos
1330 3384 1363 3414 ad
1387 3384 1614 3416 Satisfacslionem
1637 3385 1785 3417 Bonorum
1806 3385 1984 3424 hujusmodi,
2002 3386 2040 3416 fic
2062 3386 2241 3425 ablatorum,
2255 3386 2308 3417 nisi

1238 3423 1305 3453 inde
1322 3422 1367 3453 fiat
1382 3423 1479 3454 celeris
1493 3423 1826 3464 Restitutio‚compelli,
1840 3425 1912 3455 dum
1928 3424 1966 3456 fic
1983 3424 2014 3454 in
2026 3423 2233 3456 Tranfinarinis
2239 3434 2304 3464 par-

1242 3462 1316 3529 tiqu?
1329 3462 1452 3500 agimus,
1471 3462 1629 3503 valeamus,

1316 3510 1348 3530 os

1277 3523 1421 3576 Tam’pro
1434 3538 1530 3570 nostra
1543 3538 1766 3579 Indempnitate‚
1785 3541 1872 3579 quam
1885 3540 2029 3572 securitate
2040 3549 2074 3571 ac
2089 3539 2305 3571 conservatione

1240 3575 1369 3607 Honoris
1382 3577 1488 3616 nostri,
1503 3578 1533 3608 in
1548 3578 1603 3610 hac
1618 3588 1696 3617 parte
1708 3579 1834 3612 volentes
1848 3579 1929 3618 super
1941 3580 2000 3610 hoc
2015 3577 2192 3612 Remedium
2213 3587 2304 3619 appo-

1242 3625 1309 3645 nere
1321 3624 1498 3653 oportunum
1506 3639 1516 3655 ,

1279 3654 1486 3693 Affignavirnus
1501 3665 1571 3693 vos,
1589 3655 1767 3693 conjunctim
1783 3656 1818 3686 ὃς
1832 3655 1961 3695 divisim,
1978 3656 2012 3687 ad
2026 3652 2300 3698 inquirendum,per

1240 3692 1455 3723 Sacramentum
1468 3694 1526 3723 tam
1542 3693 1741 3724 Mercatorum
1758 3694 1791 3726 &
1812 3694 2052 3732 Marinariorum,
2071 3693 2157 3731 quam
2175 3693 2299 3722 aliorum

1239 3729 1404 3761 Proborum
1420 3731 1454 3761 &
1471 3731 1622 3769 Legalium
1636 3731 1804 3762 Hominum
1819 3755 1830 3770 ,
1850 3736 1908 3763 tam
1923 3732 2008 3763 Villae
2023 3731 2127 3762 nostrae
2148 3729 2302 3774 Suthamp-

1238 3770 1344 3807 reniae,
1362 3770 1448 3807 quam
1461 3770 1580 3801 aliorum
1599 3769 1757 3809 Portuum,
1775 3770 1929 3809 Villarum,
1947 3771 1981 3801 &
2001 3769 2170 3806 Locorum,
2184 3777 2215 3811 in
2236 3766 2300 3813 Co-

1239 3808 1339 3838 rnitatu
1355 3807 1596 3846 Suthamptoniae,
1615 3808 1684 3839 infra
1698 3809 1852 3840 Libertates
1865 3811 1898 3840 &
1911 3816 2002 3846 extra,
2019 3817 2068 3846 per
2081 3815 2152 3850 quos
2164 3815 2205 3835 rei
2225 3816 2306 3837 veri*

1238 3853 1278 3876 tas
1297 3845 1396 3876 melius
1418 3847 1479 3877 sciri
1500 3848 1619 3886 poterit,
1636 3847 1673 3878 de
1691 3848 1854 3878 nominibus
1877 3847 1992 3877 illorum
2028 3844 2163 3888 υἰᾲιῶε,
2179 3843 2298 3884 NaveS,

1240 3882 1453 3923 Mercimonia,
1471 3886 1505 3916 &
1525 3885 1620 3925 Bona,
1638 3886 1746 3924 praefati
1767 3884 1891 3916 Comitis
1898 3907 1908 3923 ,
1926 3885 1960 3915 δε
1989 3922 1994 3927 ,
2018 3890 2150 3913 ominum
2165 3881 2298 3922 suorum,

1237 3931 1272 3952 ac
1292 3922 1411 3953 aliorum
1430 3924 1605 3955 Amicorum
1625 3924 1788 3955 nostrorum
1802 3947 1814 3962 ,
1832 3933 1862 3954 ut
1878 3922 2040 3961 praedicitur
2056 3943 2066 3958 ,
2084 3929 2220 3958 ceperunt
2233 3944 2244 3960 ‚
2261 3922 2297 3954 δε

1239 3960 1416 3992 abduxerunt
1423 3985 1433 3999 ‚

1276 3997 1315 4029 Et
1328 4008 1392 4037 quae
1407 3999 1525 4040 Naves,
1544 4000 1757 4039 Mercimonia,
1775 4000 1810 4032 &
1823 3998 1920 4035 Bona,
1935 3996 2005 4028 inde
2015 3995 2090 4035 apud
2109 3996 2217 4030 dietam
2237 3996 2302 4070 &lx-i
