2562 4279
225 101 306 139 106

74 178 152 212 Ἁηη.
166 179 208 211 D.
223 184 319 252 fimo,
345 176 378 214 In
400 183 456 214 mei
479 182 594 213 Notarii
612 181 734 221 publici,
757 182 792 213 δε
814 180 950 212 ‘restium
971 181 1190 221 subscriptorum
1212 190 1286 220 prae—

97 230 109 249 i
174 242 180 248 .
235 231 308 252 entia

74 229 190 296 Εαὲῗζ.
261 245 384 289 Ρηέἷετο
406 259 540 290 Domino
561 257 705 288 Edwardo
725 259 762 289 de
775 258 909 298 Balliolo,
927 258 1010 299 Rege
1023 259 1132 290 Scotiae
1147 257 1282 289 existente

243 297 397 327 ersonaliter
410 298 482 335 apud
498 297 579 334 Edyn
601 297 692 334 burgh
706 298 735 327 in
749 296 856 337 Regno
868 298 990 336 Scotiae,
1007 298 1042 328 ad
1057 307 1129 336 quos
1148 298 1225 327 diem
1247 298 1281 327 &

230 345 318 366 ocum
340 334 559 365 Parliamentum
594 345 662 366 uum
685 337 815 372 generale
829 336 1036 375 Episcoporum
1076 335 1280 373 Pr'aelatorum,

219 373 372 404 Comitum
408 373 584 412 Procerum,
602 375 636 404 δε
648 374 769 405 aliorum
782 377 931 412 omnium,
950 376 999 413 qui
1012 359 1136 406 solebant
1149 375 1183 405 &
1195 374 1282 403 debe-

219 412 303 454 bant,
321 421 352 441 ut
363 395 527 450 dicebatur,
541 411 574 442 ad
585 412 661 442 idem
678 412 898 444 Parliamentum
910 414 1017 444 Scotiae
1031 411 1280 455 coiivocari,Par-

218 449 383 480 liamentum
398 450 478 481 suum
493 450 561 480 inibi
579 459 708 489 tenente,
725 451 911 482 affistentibus
924 452 957 483 &
972 452 1180 482 intendentibus
1203 454 1279 480 iimi-

216 487 279 518 li‘ter
297 487 364 526 libi,
381 488 465 519 velud
481 488 616 519 Domino
628 489 678 519 suo
692 490 727 520 Li
747 501 782 521 eo
797 491 831 522 &
848 490 922 530 Regi
936 491 1061 529 Scotiae,

253 526 464 557 Venerabilibus
475 528 504 557 in
519 526 637 558 Christo
652 528 727 560 Patri
750 539 797 567 us,
817 528 971 568 Dominis,

215 586 350 627 Johanne
364 586 542 668 Glasgufffij
765 589 898 629 Johanne
911 589 1025 630 Roffinfi
1033 613 1042 629 ‚

490 639 521 656 en
533 638 541 654 l

215 626 380 656 Alexandro
393 628 471 656 Aber
548 652 557 665 ,
765 633 813 659 Ac
828 633 911 659 etiam
924 627 1135 666 Dumblanenfi,

217 667 262 695 W
259 664 365 694 ilhelmo
380 665 563 706 Dunkeldenfi
571 690 580 705 ,
767 670 809 697 Et
824 668 985 706 Breghanen
996 679 1023 707 1,
1039 666 1199 705 Episcopis,

216 705 334 733 Hem-ico
349 704 479 733 Candidae
494 706 569 744 Cafie
578 728 589 744 ,

249 764 381 797 Necnon
394 765 554 797 Nobilibus
565 768 646 806 viris,
666 767 819 807 Dominis,

211 828 329 858 Henrico
348 829 379 859 dc
395 828 592 868 Bello-monte,
609 829 641 859 de
653 832 723 867 Bog-
762 832 883 860 Patricio
896 829 927 859 de
942 829 1078 867 Dunbar,
1095 827 1272 866 Comitibus,

249 866 337 904 hane,
763 869 877 899 Ricardo
891 867 989 898 Talbot
1003 871 1119 898 Domino
1134 868 1166 897 de
1184 869 1271 905 Mar,

211 906 316 935 David
324 907 355 936 de
367 905 504 944 Strabolgi
518 905 660 945 Atholiae,

249 965 286 998 Et
306 967 362 997 aliis
385 968 595 1006 quampluribus
615 967 786 1006 Baronibus,
815 967 1010 1007 Magnatibus,
1029 966 1215 1005 Proceribus,
1233 966 1267 998 δε

210 1005 390 1043 hominibus,
409 1006 466 1037 tam
483 1006 618 1045 Clericis,
637 1007 723 1043 quarn
740 1007 850 1046 Laicis,
867 1007 937 1038 dieti
953 1007 981 1037 R
1019 1006 1047 1036 ni
1063 1005 1187 1043 scotiae,

249 1043 302 1074 Vir
321 1044 455 1083 Nobilis,
474 1045 619 1075 Dominus
643 1044 786 1076 Galfridus
807 1046 833 1076 le
858 1046 951 1084 Scrop
968 1045 991 1075 R
1008 1046 1069 1082 iles,
1086 1044 1118 1075 &
1135 1043 1269 1082 Capitalis

205 1081 380 1122 justiciarius
395 1084 475 1120 ipsius
491 1083 615 1114 Domini
629 1083 720 1122 Regis
734 1084 864 1123 Angliae,
882 1084 1018 1115 Nuncius
1031 1084 1064 1114 δε
1080 1082 1268 1120 Procurator,

471 1122 651 1191 ΜΨ
676 1132 881 1191 R
931 1146 1268 1191 WinM

205 1170 310 1243 Acdultlx)1
327 1170 793 1243 DomingingeeoMatgniiniienegciz
813 1171 978 1238 degPagr’cy,
1002 1199 1036 1229 &
1059 1197 1213 1235 Radulpho
1230 1197 1267 1229 de

205 1235 307 1267 Nevill
321 1236 477 1268 Senescallo
490 1238 614 1276 Hospitii
629 1238 697 1269 dieti
712 1238 836 1269 Domini
849 1239 937 1277 Regis
950 1237 1078 1281 Angla,

245 1275 292 1306 Ad
307 1275 459 1313 petendum
474 1278 501 1306 in
518 1275 704 1307 Parliamento
718 1277 854 1314 praedicto
869 1276 1094 1314 completionem
1106 1275 1147 1318 &¹
1160 1274 1267 1305 confir-

208 1315 366 1344 mationem
386 1313 599 1346 Contentorum
622 1316 650 1345 in
664 1316 759 1346 litteris
774 1315 822 1345 Re
843 1317 861 1345 is
875 1315 981 1345 Scotiae
997 1323 1178 1351 memoratis,
1195 1323 1264 1344 cum

205 1352 258 1382 illis
278 1353 386 1390 verbis,
410 1354 606 1395 conjunctim,
631 1354 664 1384 &
683 1353 810 1391 divifirn,
822 1325 977 1392 specialiter
995 1352 1161 1396 constituti,
1173 1361 1264 1395 'prout

206 1401 257 1428 per
279 1390 509 1422 Prociiratorium
532 1393 580 1422 libi
600 1392 725 1431 saelum,
742 1392 843 1429 Sigillo
863 1392 931 1422 dieti
954 1391 1077 1422 Domini
1100 1390 1191 1425 Regis
1202 1391 1264 1421 An-

206 1429 289 1467 gliae,
315 1430 344 1458 in
368 1428 443 1460 Certi
465 1430 539 1460 Albai
556 1430 706 1469 impreffo,
731 1431 801 1461 mihi
821 1430 973 1469 subscripto
992 1429 1119 1460 Notario
1140 1428 1264 1460 Publico

204 1467 265 1498 satis
279 1477 366 1506 noto,
384 1468 531 1505 sigillatum
542 1491 550 1506 ,
567 1471 599 1500 ἃ
616 1470 644 1499 in
660 1470 719 1507 ipso
735 1469 923 1499 parliamento
943 1468 1029 1506 pleno
1049 1467 1206 1499 exhibitum
1228 1469 1263 1500 &

205 1505 346 1537 ostensum
355 1529 365 1545 ,
383 1507 460 1544 cujus
473 1506 662 1538 Procuratorii
674 1517 755 1539 tenor
771 1508 892 1547 sequitur
906 1509 936 1538 in
950 1507 1002 1538 hiis
1016 1507 1126 1544 verbis,

242 1582 414 1621 Edwardus,
425 1582 482 1614 Dei
498 1583 674 1622 gratiafflex·
684 1583 1011 1624 Angliae,&c.utfi1pra
1026 1584 1057 1613 de
1070 1587 1142 1613 Dat.
1155 1592 1167 1612 1
1187 1583 1264 1613 Febr.

241 1622 413 1652 Sermonem
436 1621 557 1659 dirigens
571 1623 619 1660 ipsi
638 1623 771 1653 Domino
786 1624 862 1663 Regi
876 1624 1000 1661 Scotiae,
1017 1622 1126 1652 causam
1149 1621 1266 1652 Adven-

202 1659 249 1690 tsis
261 1660 299 1690 sui
312 1660 419 1690 ibidem
434 1661 558 1699 exposuit
572 1663 601 1691 in
614 1662 705 1693 verbis
721 1662 855 1701 Gallicis,
873 1663 949 1693 hunc
962 1663 991 1692 in
1010 1660 1116 1692 eflectu
1137 1660 1266 1692 habenti-

201 1698 253 1730 bus
268 1699 444 1730 intelledtum
454 1722 464 1738 ,

245 1774 427 1806 Erenissimus
446 1775 581 1814 Princeps
601 1776 635 1807 &
658 1775 804 1807 Dominus
818 1786 914 1814 mein,
932 1775 1078 1806 Dominus
1092 1774 1265 1814 Edwardus,

263 1813 320 1844 Dei
343 1814 449 1853 gratia,
465 1814 528 1845 Rex
551 1815 661 1855 Angliae
683 1814 813 1853 Illustris,
840 1814 975 1853 Superior
999 1813 1147 1845 Dominus
1169 1814 1265 1854 Regni

203 1852 310 1884 Scotiae

239 1876 405 1922 Desiderans
427 1891 505 1930 Qiae
528 1891 697 1930 praelocuta,
715 1891 904 1929 concordata,
923 1892 956 1922 &
976 1890 1129 1929 promissa,
1146 1890 1207 1922 sunt
1221 1891 1265 1922 in-

200 1937 243 1960 ter
263 1930 353 1966 ipsum
376 1939 410 1960 ex
429 1939 504 1967 parte
524 1930 595 1968 unii,
621 1931 654 1961 &
676 1931 753 1969 Vos,
776 1931 911 1968 Princeps
934 1929 1109 1968 Magnifice,
1133 1929 1264 1960 Domine

202 1967 355 2006 Edwarde,
374 1967 473 1998 eidem
494 1969 597 2007 gratia,
616 1968 680 1999 Rex
700 1969 806 1999 Scotiae
828 1978 861 1999 ex
877 1968 946 2006 alifi,
965 1967 1082 1999 εξῖεέὶυί
1096 1969 1265 2007 mancipari,

198 2006 234 2037 ad
250 2016 313 2044 quae
328 2006 447 2037 tenenda
462 2006 594 2045 firmiter,
613 2008 646 2038 &
662 2009 689 2037 in
701 2008 836 2038 omnibus
850 2006 1027 2045 adimplenda
1037 2029 1046 2044 ,
1063 2015 1199 2044 quatenus
1219 2008 1263 2045 ip-

199 2045 261 2088 sum
282 2046 473 2113 cffntingunt,
493 2045 538 2077 vel
557 2047 723 2086 contingere
744 2054 878 2085 poterunt
902 2047 932 2076 in
946 2045 1090 2083 futurum,
1109 2053 1139 2076 ut
1153 2055 1263 2077 conve-

199 2092 241 2114 nit
276 2094 291 2113 e
352 2092 438 2114 aratus

236 2107 317 2152 Misit
331 2094 387 2152 line
409 2108 564 2153 N'uncium
585 2123 618 2154 &
640 2122 862 2155 Procuratorem
881 2124 979 2162 suum,
1004 2121 1039 2152 ad
1062 2121 1263 2161 requirendum

196 2171 266 2198 vos,
285 2160 417 2191 Domine
438 2160 503 2191 Rex
525 2160 656 2200 Illustris,
681 2170 711 2192 ut
731 2163 900 2201 praelocuta,
926 2160 1099 2193 concordata
1141 2161 1175 2191 &
1217 2171 1263 2192 ro-

180 2224 182 2226 .
197 2200 298 2238 miffa,
316 2200 465 2239 praedic‘ta,
484 2209 616 2238 quatenus
633 2211 684 2231 vos
697 2203 888 2239 contingunt,
906 2200 1012 2231 faciatis
1026 2201 1055 2230 in
1068 2185 1180 2230 instanti
1219 2210 1262 2230 ar-

196 2237 332 2268 liamento
352 2238 465 2276 vestro,
484 2240 520 2268 de
541 2239 674 2270 consensu
695 2239 870 2270 parliamenti
885 2238 971 2269 vestri
985 2238 1143 2276 praesentis,
1159 2247 1262 2276 appro-

198 2277 257 2307 bari
274 2278 307 2308 &
322 2276 503 2315 confirmari,
519 2277 553 2307 &
567 2277 655 2308 literas
671 2278 774 2308 vestras
788 2279 866 2315 super
881 2277 933 2307 hiis
947 2277 1094 2314 innovari,
1115 2277 1149 2307 &
1162 2278 1259 2308 omnia

197 2315 249 2345 alia
264 2316 297 2346 &
313 2315 415 2345 finoula
430 2316 479 2346 sibi
494 2315 568 2354 fieri,
587 2317 674 2347 teneri
688 2318 720 2348 δε
735 2316 892 2354 compleri,
909 2326 973 2354 quae
987 2316 1018 2345 in
1038 2315 1090 2346 hac
1112 2324 1189 2353 parte
1208 2325 1259 2353 per

198 2363 250 2385 vos
264 2353 325 2384 sunt
341 2339 444 2384 Debita
455 2353 500 2383 vel
516 2353 668 2384 Promissa:

237 2391 290 2430 Et,
307 2392 327 2422 fi
349 2392 426 2430 Vos,
445 2392 576 2422 Domine
590 2392 676 2432 Rex,
689 2393 722 2424 ὃς
739 2392 848 2423 Fideles
861 2392 964 2431 vestri,
980 2392 1113 2431 gratiam,
1129 2391 1261 2424 affectio-

198 2439 285 2468 nem,
303 2431 337 2460 &
351 2429 519 2467 subsidium,

238 2468 316 2506 Qiae
331 2467 439 2507 dictus,
458 2467 605 2498 Dominus
617 2478 713 2506 menS,
731 2468 797 2498 Rex
811 2468 921 2498 Anoliae
934 2467 1072 2507 Inclytus,
1091 2468 1165 2499 circa
1180 2479 1261 2501 recu-

197 2508 374 2543 perationem
388 2506 487 2544 Regni
502 2506 602 2544 vestri,
619 2517 677 2536 non
692 2515 800 2537 tantum
815 2509 844 2536 in
859 2492 1013 2537 'Exceffivis
1029 2507 1193 2544 Sumptibus
1203 2532 1212 2546 ,
1226 2510 1260 2540 &

198 2545 356 2575 Laboribus
370 2543 513 2575 Gravibus
527 2544 629 2576 Gentis
643 2545 766 2581 sute‚sed
782 2545 935 2576 Personam
947 2545 1023 2576 suam
1037 2547 1181 2583 propriam
1196 2556 1258 2578 tan-

196 2585 230 2614 tis
246 2583 390 2622 periculis,
405 2583 464 2614 tam
478 2583 642 2621 liberaliter,
662 2584 748 2621 quam
772 2584 1005 2622 magnanimiter,
1023 2584 1167 2623 exposuit,
1192 2585 1261 2616 sicut

195 2621 300 2660 Operis
315 2621 472 2660 evidentia,
490 2621 614 2652 laudetur
629 2621 799 2661 Altiffimus,
818 2621 913 2653 lucide
929 2622 1106 2661 manifestat,
1121 2623 1260 2662 impendit

195 2661 230 2692 δε
244 2661 370 2698 apposuit
386 2660 538 2691 efficaciter
548 2683 557 2699 ,
576 2669 660 2698 prout
676 2660 765 2698 scitis,

234 2698 325 2729 Grata
345 2698 567 2729 confideratione
591 2698 723 2737 pensetis,
739 2698 772 2728 ad
795 2698 958 2729 faciendum
972 2698 1105 2736 praedieta
1119 2698 1260 2731 Difficiles

194 2747 248 2769 vos
262 2737 376 2768 reddere
388 2747 449 2768 non
465 2737 586 2776 debetis,
604 2747 671 2767 curn
687 2747 736 2775 per
753 2737 828 2775 Dei,
844 2738 896 2775 ὃς,
914 2736 982 2767 diCti
998 2736 1139 2776 Domini,
1153 2737 1261 2768 Domi-

195 2776 227 2806 ni
246 2775 333 2814 Regis
353 2776 465 2815 Angliae
483 2775 635 2814 auxilium,
655 2776 749 2806 honor
766 2776 849 2806 vobis
870 2776 972 2806 accidit
987 2776 1016 2805 in
1029 2775 1138 2814 Regno
1154 2777 1259 2808 Scotiae

196 2823 284 2853 quem
299 2815 418 2845 habetis:

235 2851 462 2890 QAMOBREM
480 2852 543 2891 Ego
552 2876 561 2891 ,
575 2852 712 2883 Nuncius
725 2852 758 2883 δε
770 2851 941 2883 Procurator
955 2851 1080 2883 Domini
1092 2852 1181 2892 Regis
1197 2852 1259 2884 An-

216 2889 262 2920 liae
284 2890 433 2928 praedistus
469 2892 587 2920 nomine
611 2892 803 2928 procuratorio
816 2891 886 2921 dieti
899 2890 1023 2921 Domini
1037 2892 1111 2929 mei,
1129 2901 1197 2922 cum
1213 2893 1258 2922 in-

196 2898 297 2959 {antia
313 2928 423 2967 debita,
442 2915 573 2958 Domine
589 2928 652 2959 Rex
668 2930 792 2968 Scotiae,
811 2940 863 2959 vos
879 2930 992 2967 requiro
1010 2931 1178 2968 quamcitiiIs
1189 2940 1257 2961 om-

196 2968 241 2997 nia
262 2967 296 2998 &
314 2967 434 3006 singula,
453 2966 532 2997 dit‘}o
550 2966 684 2997 Domino
707 2977 774 2998 meo
795 2978 843 3005 per
865 2978 933 3006 VOS,
952 2977 982 2998 ut
1003 2969 1200 3007 praemittitur,
1217 2969 1258 2999 fa-

194 3005 313 3041 cienda,
331 3005 367 3035 de
385 3004 529 3036 Consensu
551 3006 584 3036 &
606 3005 787 3036 Diffinitione
810 3005 947 3044 praesentis
962 3006 1138 3037 Parliamenti
1152 3007 1257 3046 vestri,

195 3044 275 3075 dieto
288 3043 422 3074 Domino
437 3043 513 3082 Regi
528 3044 658 3082 Angliae,
678 3043 810 3074 Domino
823 3054 907 3082 meo,
925 3045 958 3075 &
974 3044 1086 3084 Michi,
1105 3046 1133 3076 in
1155 3045 1256 3077 Perso-

196 3082 233 3113 na
246 3082 308 3120 sua,
327 3082 432 3119 placeat
447 3083 530 3113 vobis
544 3082 635 3112 facere
649 3083 681 3112 &
695 3082 754 3112 fieri
770 3092 838 3112 cum
852 3082 974 3121 effestu3

235 3120 395 3150 Protestans
409 3131 455 3150 me
472 3129 614 3159 paratum,
631 3120 700 3151 dieti
717 3119 838 3161 Domini
853 3122 909 3151 mei
924 3121 1013 3160 Regis
1028 3122 1138 3161 Angliae
1159 3124 1254 3154 nomi-

197 3167 250 3197 ne,
270 3159 351 3190 vobis
364 3160 455 3189 facere
470 3159 546 3196 fieri,
564 3159 642 3198 Qiae
659 3169 707 3196 per
723 3158 834 3189 dictum
849 3158 1014 3190 Dominum
1033 3171 1129 3192 meum
1152 3161 1253 3194 restant

192 3196 270 3235 juxta
285 3197 457 3228 concordata
469 3197 629 3236 hujusmodi
648 3197 779 3228 facienda.

52 3273 66 3288 .
85 3273 137 3299 iv.

49 3319 114 3346 592·

232 3274 252 3293 ³*
274 3272 328 3311 Et,
348 3274 386 3304 ne
405 3273 536 3312 praedi&a
558 3272 758 3311 Concordiam,
775 3273 821 3304 vel
842 3273 996 3312 Promissa,
1014 3274 1128 3306 laterent
1150 3275 1254 3306 Praela-

198 3320 258 3351 tos,
278 3309 408 3342 Comites
423 3314 460 3356 ¹&
481 3311 630 3357 Proceres,
647 3323 680 3343 ac
701 3311 775 3357 alios·
786 3311 930 3342 Homines
951 3313 1049 3356 Regni
1069 3313 1173 3344 Scotiae
1187 3315 1254 3345 illuc

197 3350 731 3432 ciffi‘ssgaassssssv'issdffflissiffimsseffi}
733 3350 936 3420 ¹333ss³3212eNnss¹3
936 3361 954 3427 ,⁰
956 3351 1203 3428 'linigc‘uss‘s‘sscssissf
1204 3363 1256 3422 053

196 3400 341 3458 fidelitate
364 3428 397 3458 δε
417 3426 589 3465 Homagio,
606 3438 638 3457 ac
660 3427 783 3457 Duobus
803 3427 922 3457 Milibus
946 3427 1125 3458 Libratarum
1139 3429 1255 3468 Terrae,

197 3466 231 3497 &
243 3465 293 3496 alia
306 3468 418 3504 omnia,
438 3467 471 3497 &
485 3466 589 3503 singula
605 3465 683 3496 dieto
698 3465 830 3496 Domino
846 3465 923 3502 Regi
937 3466 1065 3505 Angli-325
1077 3466 1256 3506 Haeredibus,

198 3505 233 3535 &
248 3504 458 3535 Successoribus
472 3504 538 3543 suis,
557 3514 605 3541 per
619 3504 766 3542 praefatum
790 3503 906 3542 Regem
925 3504 1030 3535 Scotiae
1063 3504 1199 3536 Haeredes
1222 3507 1255 3537 &

200 3542 380 3573 Successores
400 3543 479 3580 suos,
496 3543 640 3581 facienda,
658 3552 722 3581 quae
744 3544 772 3572 in
792 3541 898 3572 duabus
912 3542 1023 3573 Litteris
1035 3529 1200 3574 ’patentibus
1213 3545 1256 3582 ip-

200 3580 252 3610 sius
273 3580 395 3611 Domini
417 3581 504 3617 Regis
524 3582 646 3619 Scotiae,
665 3590 781 3619 quarum
795 3581 925 3611 Tenores
937 3581 1060 3619 superius
1074 3583 1168 3619 primo
1181 3592 1255 3613 tran-

199 3617 353 3649 scribuntur
362 3643 371 3658 ,
390 3620 497 3657 plenius
509 3622 697 3651 continentur.

240 3657 371 3695 Qissus
391 3667 439 3696 per
461 3657 570 3688 dietum
590 3657 753 3689 Dominum
769 3656 945 3695 Galfridum,
964 3656 1119 3687 Nuncium
1133 3659 1166 3689 ὃ(
1183 3657 1255 3689 Pro-

203 3701 379 3733 curatorem,
397 3696 527 3735 publice,
545 3706 643 3727 coram
661 3695 794 3727 Domino
808 3696 890 3735 Rege
902 3695 1008 3726 Scotiae
1022 3695 1191 3734 saepedicto,
1206 3697 1256 3727 sibi

205 3730 245 3774 δέ,
257 3733 300 3775 ab.
312 3743 365 3771 eo,
383 3736 411 3763 in
434 3735 519 3772 pleno
535 3735 720 3765 parliamento
734 3735 782 3765 suo
797 3735 834 3764 sic
849 3735 995 3773 peroratis,
1013 3734 1142 3772 expositis
1157 3736 1191 3766 ὃς
1205 3745 1256 3774 pe-

203 3775 275 3805 titis,
293 3770 367 3812 idem
383 3770 528 3803 Dominus
542 3772 608 3803 Rex
621 3773 728 3804 Scotiae
740 3774 819 3810 super
830 3772 993 3811 praemiffis,
1010 3782 1079 3803 cuin
1093 3772 1256 3813 Episcopis,

207 3803 344 3849 Ptaelatts,
362 3808 541 3851 Comitibais,
557 3811 741 3849 Procerstms,
768 3813 802 3843 &
820 3812 879 3842 aliis
899 3812 1064 3842 horninibus
1083 3811 1135 3842 suis
1155 3812 1258 3850 praedi-

206 3843 278 3910 (stul,
296 3853 325 3873 in
346 3846 424 3877 disto
447 3847 631 3880 parliamento
652 3851 843 3889 congregatis,
860 3849 1090 3881 deliberationem
1102 3850 1199 3881 habuit
1211 3850 1260 3880 ali-

229 3892 261 3911 ua
272 3891 331 3911 em:

205 3892 226 3920 q
241 3919 294 3962 Et,
312 3919 402 3963 habiti
417 3921 627 3966 Deliberatione
638 3925 788 3963 praedieta,
803 3935 837 3956 ex
850 3934 927 3963 parte
938 3925 1007 3957 dieti
1028 3926 1151 3958 Domini
1171 3926 1260 3967 Regis

205 3957 310 3990 Sconae
324 3957 431 4001 distum
447 3960 497 3990 fuit
511 3963 544 3992 ὃς
561 3971 754 3994 RESPONSUM
769 3964 861 3994 eidem
877 3964 1010 3995 Domino
1025 3965 1157 3996 Galfrido
1167 3989 1175 4001 ,

244 3996 344 4036 QJoD
356 3995 432 4028 idem
448 3997 592 4031 Dominus
607 4000 672 4032 Rex
684 4002 810 4041 Scotiae,
827 4002 905 4040 super
917 4003 1081 4043 praenimis,
1091 4004 1125 4035 δι
1139 4004 1256 4042 respon-

658 93 1459 144 CONVENTIONES,

1282 4002 1338 4042 ⁴ses
1352 4002 1457 4044 Heirs,
1473 4005 1511 4036 de
1529 4005 1605 4037 κλάει·
1623 4005 1658 4037 &
1680 4006 1855 4045 meyntenir,
1870 4014 1888 4034 a
1908 4002 1949 4034 ses
1969 4001 2106 4046 Custages
2127 4003 2162 4036 &

1526 95 1912 150 LITERAE,

1322 179 1400 223 sione
1419 181 1546 226 congrua
1564 183 1615 214 sibi
1633 182 1777 222 faciendi,
1791 182 1946 214 deliberare
1967 182 2076 222 voluit,
2094 182 2179 222 usque
2190 185 2221 216 in
2232 185 2309 217 diem
2324 195 2386 217 cra-
2405 184 2536 221 Ann.D÷

1321 217 1427 262 {funum
1441 230 1605 257 proximum
1619 221 1849 264 subsequentem,
1867 232 1937 252 curn
1951 220 2092 260 Praelatis,
2110 223 2144 254 &
2157 223 2215 254 aliis
2229 223 2281 256 suis
2301 225 2385 257 Fide·
2421 236 2508 267 ¹334·

1320 257 1392 287 libus
1406 257 1440 288 ad
1455 258 1565 289 dietum
1581 259 1803 290 Parliamentum
1817 264 1898 290 suum
1915 261 2104 299 congregatis.
2403 269 2468 295 Edv.
2492 279 2519 298 :-

1359 295 1434 328 Atia
1447 296 1508 328 sunt
1521 297 1602 335 haec,
1621 298 1727 336 Anno,
1747 298 1918 338 indffifione,
1935 299 2046 338 mense,
2064 299 2098 330 δε
2110 299 2172 336 die,
2189 299 2385 342 praediffis,in
2492 299 2501 305 '

1322 334 1445 371 quadarn
1460 335 1592 374 Capellfi,
1609 337 1681 367 infra
1694 336 1905 367 Monasterium
1919 336 2030 368 Sanetae
2044 336 2147 368 Crucis
2157 337 2194 368 de
2210 338 2385 381 Edenburgh

1321 372 1498 413 constructa,
1516 375 1565 405 ubi
1582 375 1671 406 didius
1692 374 1837 406 Dominus
1860 375 1926 405 Rex
1947 376 2055 407 Scotiae
2076 376 2158 407 suum
2179 379 2268 409 tenuit
2283 377 2385 410 Parlia-

1321 420 1462 442 mentum.

1355 448 1560 491 Praesentibus,
1577 451 1735 483 Nobilibus
1750 451 1841 491 Viris,
1859 451 1996 484 Dominis

1358 489 1499 528 Ranulpho
1514 491 1546 520 de
1560 494 1670 530 Dat-re,

1354 528 1390 556 R.
1408 527 1441 556 de
1454 527 1594 568 Staffbrd,

1356 564 1490 603 Johanne
1502 568 1534 596 de
1547 570 1575 597 K
1572 567 1712 608 yngeston,

1355 603 1459 634 Thema*
1472 605 1560 644 Wst,

1354 643 1437 672 Petro
1452 644 1484 672 de
1499 643 1671 682 Middleton,
1688 644 1831 677 Militibus
1840 670 1850 683 ,

1355 679 1496 720 Magistro
1511 706 1521 719 ,
1557 682 1702 713 Willielmo
1722 684 1866 724 Brisebain
1882 706 1893 722 ,
1916 682 1987 715 dicti
2008 682 2137 714 Domini
2158 683 2247 724 Regis
2271 685 2381 720 Scotiae

1316 724 1404 761 tunc,
1416 729 1456 762 *ut
1469 719 1632 759 dicebatur,
1648 720 1842 760 Cancellari0‚
1861 722 1895 754 &
1910 723 1985 761 aliis,
2002 724 2032 753 in
2048 722 2230 754 multitudine
2243 726 2381 765 copiosa,

1312 765 1343 785 in
1359 757 1556 789 testimonium
1569 759 1777 796 praemissorum
1792 763 1898 793 vocatis
1911 762 1945 793 ὃ(
1959 763 2078 799 rogatis:

1356 795 1436 840 Qo
1455 806 1516 840 'DIE
1541 796 1739 837 CRASTINO,
1764 800 1821 831 viz.
1839 800 1885 830 die
1907 799 2078 831 Undecimo
2102 798 2211 831 Mensis
2230 800 2376 834 Februarii

1314 832 1479 874 supradicti,
1498 835 1604 874 Anno,
1621 837 1797 876 indictione,
1814 838 1849 869 &
1861 839 1929 869 loco
1943 838 2102 877 praedieiis,

1353 871 1476 904 Praefato
1492 873 1627 905 Domino
1641 875 1724 914 Rege
1738 875 1859 913 Scotiae,
1876 876 1932 907 una
1947 888 2033 915 cum,
2053 876 2267 908 Venerabilibus
2288 877 2379 909 Patri-

1315 909 1384 953 bus,
1402 910 1567 951 Episcopss,
1585 912 1766 952 Comitibus,
1782 924 1816 944 ac
1832 914 2001 947 Proceribus
2011 916 2168 955 praediffls,
2181 918 2215 947 &
2228 917 2378 956 quamplu-

1314 949 1391 992 ribus
1405 950 1572 981 hominibus
1585 951 1654 982 dieti
1667 952 1695 982 R
1757 954 1762 959 “
1777 952 1900 991 Scotiae,
1920 955 1950 983 in
1964 953 2081 993 Capella
2095 955 2228 992 praedieta
2247 955 2378 993 persona-

1313 986 1374 1018 liter
1388 988 1523 1020 existente
1557 989 1687 1030 sedente,
1755 990 1975 1023 Parliamentum
1989 993 2070 1025 suum
2087 1002 2218 1031 tenente,

1350 1025 1507 1073 Praedidtus
1527 1014 1675 1073 Dominus
1692 1028 1837 1074 Galfridus
1857 1031 1886 1060 in
1906 1029 2039 1075 Testium
2061 1031 2326 1072 suprascriptorum,
2343 1033 2378 1065 δε

1312 1074 1367 1095 mei
1391 1066 1508 1098 Notarii
1528 1067 1634 1106 publici
1652 1067 1837 1106 infrascripti,
1855 1068 2016 1107 praesentia,
2033 1071 2153 1100 nomine
2165 1072 2379 1111 procuratorio,

1314 1113 1373 1140 quo
1386 1105 1482 1144 supra,
1499 1106 1516 1136 a
1531 1106 1612 1137 dieto
1626 1105 1761 1137 Domino
1774 1106 1858 1146 Rege
1873 1106 1980 1137 Scotiae
1991 1107 2069 1146 super
2090 1108 2250 1147 praemissis,
2268 1110 2296 1140 in
2317 1111 2379 1148 ipso

1311 1141 1523 1183 Parliamento,
1540 1144 1586 1175 die
1607 1145 1773 1188 immediate
1795 1144 1983 1183 praecedenti,
2001 1146 2130 1184 expofitis
2150 1147 2183 1178 &
2204 1148 2311 1186 petitis,
2335 1151 2381 1179 in-

1311 1180 1414 1212 stanter
1431 1183 1594 1222 responsum
1609 1183 1659 1214 libi
1672 1183 1731 1214 fieri
1783 1185 1825 1214 tiit
1837 1193 1906 1214 cum
1927 1183 2042 1215 effeetu.

1348 1219 1387 1250 Et
1408 1220 1542 1261 demum,
1560 1221 1716 1260 praehabita
1758 1222 1939 1253 eliberatione
1956 1222 2098 1262 diligenti,
2115 1223 2245 1261 praefatus
2265 1223 2377 1256 Domi-

1309 1268 1362 1303 nus
1386 1259 1452 1290 Rex
1473 1260 1598 1299 Scotiae,
1615 1259 1652 1291 de
1674 1260 1810 1292 consensu
1833 1262 1866 1292 &
1882 1261 2002 1292 consilio
2015 1261 2186 1301 deliberato,
2203 1262 2273 1294 sicut
2291 1274 2377 1302 appa-

1309 1307 1383 1336 ruit,
1400 1300 1534 1343 omnium
1549 1299 1582 1330 &
1596 1299 1634 1329 fin
1675 1299 1770 1330 lorum
1783 1298 1988 1344 Dominorum·
1998 1299 2223 1344 Episcoporiim,
2240 1300 2377 1345 Praelato-

1306 1336 1835 1420 ‹issffl’pffssssfiiiffss'n'f‘vpiffisoessilssffi
1853 1338 2177 1408 ifiolr‘i'iffssmffliffft‘igm
2196 1339 2376 1411 {⁶333ss

1308 1412 1490 1458 Procuratori
1500 1437 1509 1453 ,
1527 1424 1560 1445 ac
1585 1414 1684 1446 Petitis
1707 1424 1767 1459 per,
1780 1424 1865 1454 eum,
1881 1425 1913 1446 ut
1927 1416 2107 1454 praedicitur,
2124 1400 2307 1459 respon—dere,
2323 1427 2379 1455 po-

1307 1452 1363 1482 suit
1375 1454 1462 1482 verba
1477 1453 1522 1483 sua
1535 1454 1563 1483 in
1578 1463 1630 1483 ore
1644 1452 1769 1484 Domini
1784 1453 1935 1485 Alexandri
1948 1454 1984 1485 de
1999 1454 2145 1494 Moubray
2161 1454 2279 1493 Militis,
2288 1465 2375 1494 quem

1308 1490 1343 1522 ad
1359 1491 1417 1522 hoc
1432 1491 1538 1522 ibidem
1552 1492 1608 1529 ipse
1624 1491 1690 1523 Rex
1703 1493 1819 1531 publice
1834 1492 1981 1524 constituit
1993 1492 2037 1524 Or
2056 1503 2141 1524 anum
2155 1494 2235 1524 vocis
2251 1493 2322 1524 suae·

1347 1529 1410 1568 Qii
1424 1530 1541 1568 quidem
1554 1530 1702 1562 Dominus
1716 1530 1891 1570 Alexander,
1907 1533 2026 1562 nomine
2074 1532 2165 1563 omini
2186 1531 2279 1569 Regis
2301 1517 2376 1570 §co-

1308 1568 1364 1611 tiae·
1375 1568 1521 1606 praedieti,
1541 1579 1639 1600 coram
1663 1569 1742 1609 ipso,
1757 1568 1918 1608 Episcopis,
1936 1570 2075 1610 Praelatis,
2092 1568 2277 1610 Comitibus,
2302 1569 2375 1602 Pro-

1309 1607 1437 1645 ceribus,
1454 1607 1486 1638 ὃ(
1500 1607 1679 1639 Hominibus
1692 1607 1816 1646 Scotiae,
1832 1609 1966 1640 omnibus
1978 1609 2012 1641 &
2027 1608 2141 1647 singulis
2154 1609 2185 1639 in
2203 1608 2285 1640 dieto
2307 1608 2377 1640 Par·

1310 1645 1447 1676 liamento
1462 1646 1928 1685 existentibusstudicntibus,non
1941 1648 1973 1678 in
1988 1647 2084 1695 aliquo
2098 1647 2382 1687 reclamantibus,sed

1308 1684 1433 1721 expresse
1452 1684 1708 1723 consentientibus,
1726 1687 1760 1717 &
1782 1685 1876 1724 dieta,
1896 1685 1943 1717 sua
1964 1696 2045 1718 ruera
2064 1686 2227 1725 voluntate,
2241 1694 2273 1718 ut
2291 1697 2377 1725 appa-

1309 1724 1460 1791 elias?
1474 1723 2378 1794 {3²:12³}50²{212¹&inssistieiffessspzssffizffiisiffsso‘ffi

1308 1798 1399 1838 Regis
1413 1784 1537 1839 Scbtiae,
1554 1801 1588 1831 &
1601 1809 1735 1839 tanquam
1748 1786 1900 1839 Organuin
1913 1802 1994 1833 vocis
2006 1801 2078 1840 suae,
2097 1811 2137 1833 DI
2147 1810 2213 1833 xir
2234 1811 2254 1833 E
2264 1810 2287 1832 ’r
2308 1811 2333 1834 R
2342 1811 2377 1833 ε-

1309 1848 1322 1868 s
1332 1846 1350 1867 P
1359 1847 1378 1866 o
1390 1846 1412 1867 N
1423 1847 1444 1868 D
1451 1847 1462 1868 1
1474 1846 1498 1867 T
1505 1862 1516 1876 .,

1347 1876 1408 1915 Qu
1419 1886 1440 1906 o
1449 1885 1471 1906 D
1486 1877 1589 1914 placuit
1603 1876 1696 1908 eidem
1711 1876 1846 1908 Domino
1859 1877 1954 1917 Regi,
1971 1877 2108 1909 Domino
2125 1878 2191 1917 su0,
2209 1878 2377 1917 Episcopis,

1307 1913 1454 1953 Praelatis,
1479 1915 1646 1946 Comitibus
1660 1938 1670 1954 ,
1694 1915 1866 1947 Proceribus
1879 1938 1890 1954 ,
1917 1918 1952 1948 ὅτ
1974 1916 2031 1948 aliis
2053 1917 2186 1948 universis
2210 1918 2244 1948 &
2265 1917 2376 1956 singulis

1307 1952 1485 1984 Hominibus
1499 1954 1569 1984 dieti
1584 1953 1672 1993 Regis
1687 1954 1809 1993 Scotiae,
1828 1956 1858 1985 in
1871 1954 1952 1985 disto
1966 1954 2160 1986 Parliamento
2183 1956 2380 1995 congregatis,

1308 1991 1432 2023 &idem
1444 1991 1669 2023 DominusRex
1687 2001 1800 2023 VULT
1816 1994 2078 2024 &coNcEDIT
2094 1992 2292 2024 Omnia&Si
2333 1994 2377 2025 ula

1308 2030 1443 2061 condieta
1457 2041 1508 2069 per
1522 2031 1630 2069 ipsum,
1648 2030 1785 2062 Domino
1802 2030 1876 2071 Regi
1894 2031 2025 2070 Angliae,
2042 2030 2178 2062 Domitio
2201 2031 2269 2069 suo,
2369 2056 2381 2070 ,

1307 2069 1352 2100 vel
1384 2069 1515 2107 romissa,
1532 2070 1681 2107 complere
1701 2069 1841 2108 plenarie,
1857 2078 1952 2100 tenere
1975 2069 2092 2100 firmiter
2099 2093 2111 2114 ,
2129 2070 2221 2100 facere
2243 2068 2380 2108 fideliter,

1306 2107 1343 2152 .&.
1370 2117 1468 2139 ervare
1488 2108 1668 2147 perhenniter
1681 2131 1691 2148 ,
1713 2109 1792 2148 juxta
1811 2108 1936 2139 formam
1957 2106 2199 2140 conventionum
2218 2107 2297 2147 super
2318 2108 2378 2140 hoc

1305 2155 1449 2177 immrum.

1342 2184 1389 2216 Ad
1409 2184 1504 2224 quod,
1521 2185 1581 2216 tam
1601 2184 1658 2224 ipse
1677 2184 1742 2216 Rex
1757 2185 1880 2225 Scotiae,
1920 2186 1986 2217 uam
2002 2187 2115 2226 caeteri,
2132 2184 2238 2225 Episco
2259 2187 2284 2224 i,
2299 2185 2381 2216 1²1ae.

1304 2223 1367 2261 lati,
1388 2222 1538 2263 Comites,
1556 2222 1697 2263 Batones,
1717 2223 1882 2263 Magnatoe,
1925 2234 2053 2264 roceres,
2071 2226 2105 2256 ὃς
2119 2224 2218 2263 singuli
2266 2225 2379 2258 omines

1303 2261 1339 2292 de
1353 2262 1468 2300 Scotia,
1486 2271 1555 2293 tunc
1589 2262 1714 2293 raesentes
1729 2272 1759 2294 ut
1772 2261 1938 2302 videbatur,
1956 2264 2146 2302 unanimiter,
2162 2263 2197 2294 &
2212 2262 2377 2303 spontanee,

1300 2311 1333 2371 }c
1347 2301 1497 2370 isaenivole,
1515 2311 1534 2332 n
1575 2311 1595 2331 ο
1610 2301 1840 2340 contradicente,
1859 2311 1914 2333 nec
1927 2304 1956 2332 in
1979 2302 2076 2342 aliquo
2100 2301 2287 2341 reclamante,
2305 2312 2380 2333 con-

1312 2350 1346 2370 en
1358 2348 1448 2371 erunt.

1342 2377 1434 2416 Super
1450 2379 1551 2416 quibus
1564 2377 1698 2409 omnibus
1714 2379 1747 2410 &
1761 2378 1800 2409 sin
1839 2378 1886 2418 lis,
1904 2379 2036 2418 praefatus
2049 2377 2198 2410 Dominus
2218 2377 2380 2421 Rex-Sco-

1303 2417 1367 2454 tiae‚
1385 2417 1421 2447 de
1442 2416 1568 2448 diffinito
1590 2417 1709 2447 consilio
1728 2419 1761 2449 &
1776 2428 1792 2448 a
1817 2417 1882 2449 ensu
1896 2418 2023 2449 unanimi
2039 2417 2109 2448 disti
2122 2416 2302 2447 Parliamenti
2321 2415 2378 2454 sui,

1303 2457 1439 2500 praecepit
1455 2456 1488 2486 &
1503 2456 1622 2499 injunxit
1637 2455 1726 2486 literas
1741 2457 1774 2488 &
1789 2464 1876 2487 cartas
1891 2456 1947 2487 suas
1961 2455 2038 2494 fieri,
2057 2457 2091 2487 δε
2106 2453 2291 2498 confirmari,
2308 2454 2328 2473 *²
2343 2463 2377 2497 ac
2396 2474 2416 2494 ,3
2436 2477 2478 2504 IV

1304 2496 1431 2538 innovari
1441 2517 1451 2533 ,
1469 2495 1502 2525 &
1518 2505 1571 2533 pro
1585 2494 1664 2525 dieto
1680 2493 1818 2525 Domino
1833 2494 1916 2535 Rege
1928 2494 2060 2532 Angliae,
2078 2493 2112 2524 ὅτ
2127 2492 2300 2523 Haeredibus
2323 2492 2376 2524 suis
2397 2522 2434 2550 59
2480 2498 2489 2506 ”

1303 2533 1415 2563 meliori
1430 2532 1521 2564 modo
1535 2543 1595 2571 quo
1608 2541 1736 2570 poterant
1748 2534 1879 2564 ordinari.
2439 2523 2466 2552 3·

1341 2570 1379 2601 Et
1400 2572 1453 2609 sic,
1468 2571 1504 2601 de
1524 2571 1675 2608 Praecepto
1695 2571 1761 2608 su0,
1778 2571 1814 2601 de
1835 2570 1970 2601 consensu
1992 2570 2026 2600 &
2041 2568 2149 2600 assensu
2163 2570 2249 2600 totius
2271 2568 2377 2600 Parlia-

1303 2610 1393 2640 menti
1414 2609 1560 2647 praediffi,
1585 2609 1668 2639 factae
1689 2609 1802 2639 fuerunt
1818 2609 1891 2639 inter
1909 2608 1962 2639 alia
1974 2633 1984 2647 ,
2011 2607 2147 2639 Domino
2165 2607 2242 2648 Regi
2263 2607 2375 2648 Angliae

1303 2647 1458 2716 {vraedi‘sto’
1477 2658 1525 2685 per
1539 2648 1639 2691 *ipsum
1660 2646 1828 2691 Dominum
1851 2646 1967 2691 Regem
1992 2645 2118 2691 Scotiae,
2137 2646 2375 2691 Qatuor'literae

1303 2685 1710 2762 xfiissl‘feezs‘ieissssssiiffifli‘z
1719 2684 2374 2768 fflssgssggffflgfflgflgessgffiss,³³33?ssth

1302 2761 1418 2793 decimo
1440 2763 1485 2793 die
1507 2762 1616 2792 Mensis
1639 2762 1799 2800 Februarii,
1815 2771 1891 2792 anno
1906 2762 2061 2800 praedisto,
2079 2761 2216 2801 sigillatae3
2237 2762 2372 2801 Qarum

1301 2810 1412 2832 tenores
1424 2801 1460 2832 de
1471 2802 1560 2833 verbo
1572 2800 1607 2831 ad
1622 2801 1742 2832 verbum
1750 2824 1761 2840 ,
1777 2800 1894 2831 fideliter
1908 2800 2124 2832 subscribuntur.

1347 2885 1512 2916 Cartarum
1536 2881 1690 2917 Edwardi
1707 2885 1795 2931 Regis
1803 2885 1910 2978 {gotia
1924 2882 1961 2918 de
1979 2882 2106 2931 Afflnfic
2120 2882 2322 2918 Parliamenti

1736 2935 1811 2966 Rati
1847 2936 1921 2968 atio.

1815 3018 1839 3049 1.

1297 3092 1482 3155 EDward,
1498 3103 1547 3131 par
1559 3094 1583 3124 la
1597 3093 1696 3126 Grace
1709 3094 1747 3125 de
1761 3093 1854 3132 Dim,
1873 3093 1935 3124 Roi
1946 3091 2103 3130 d’Escoce,
2119 3100 2136 3122 a
2148 3098 2218 3123 touz
2239 3100 2329 3132 ceux,
2346 3100 2363 3122 a
2378 3112 2419 3135 Ex
2426 3111 2487 3138 Aa,
2512 3099 2515 3102 ’

1334 3129 2143 3237 ὃεὶὲἕέκςῗιῗ,Ρὲἓίὲᾞεῑπέἷὶῗέἷέἓουῗὲἓῃὲἓαὲξῗὴε
2157 3171 2230 3199 Dat.
2248 3177 2286 3209 23
2301 3169 2363 3200 No-
2375 3154 2441 3185 ‘⁰3⁷‘

1296 3219 1359 3238 vem
1377 3219 1414 3237 νυ·
1450 3215 1513 3238 tunc
1537 3220 1559 3238 {c

1335 3232 1441 3284 Nous,
1467 3247 1503 3277 de
1520 3208 1643 3278 ls’A’ffent
1663 3245 1712 3276 des
1731 3245 1858 3284 Prelatz,
1882 3245 2012 3277 Countes
2046 3244 2170 3284 Barons,
2188 3244 2363 3284 Chivaliers3

1297 3284 1331 3314 ὃ(
1348 3293 1418 3315 touz
1437 3293 1544 3323 autres,
1568 3284 1717 3314 assembles
1735 3295 1751 3315 a
1771 3285 1868 3316 nostre
1887 3284 1996 3323 present
2018 3270 2181 3315 Parlement
2194 3308 2204 3323 ,
2227 3294 2243 3314 a
2263 3283 2361 3315 Eden-

1298 3322 1412 3360 burgh,
1431 3332 1467 3353 en
1480 3323 1520 3354 les
1532 3322 1658 3361 Oytavae
1673 3322 1709 3353 de
1730 3323 1756 3353 la
1777 3322 1967 3354 Purificacion
1987 3322 2085 3354 nostre
2106 3322 2220 3361 Darne,
2236 3321 2304 3353 l'An
2323 3320 2361 3352 de

1298 3359 1412 3403 Girace,
1429 3360 1519 3392 solorn
1542 3362 1603 3392 &c.
1621 3361 1655 3392 &
1677 3361 1714 3393 de
1730 3361 1826 3393 nostre
1845 3361 1948 3401 Regne
1966 3362 2028 3394 &c.
2046 3361 2095 3394 des
2115 3361 2170 3393 dits
2189 3361 2263 3393 deux
2282 3356 2360 3390 Mill·

1297 3397 1398 3429 Livi-es
1410 3399 1592 3436 pleinement.

1371 3436 1417 3467 En
1431 3437 1655 3476 Tesmoinance,
1677 3438 1737 3470 &o

1334 3474 1416 3505 Don.
1435 3486 1451 3505 a
1462 3476 1646 3516 Edinburgh,
1663 3487 1699 3507 en
1714 3477 1811 3509 nostre
1824 3477 1865 3509 dit
1877 3477 2056 3516 Parlement‚
2073 3476 2101 3509 le
2113 3476 2159 3508 xii,
2172 3475 2239 3514 jour
2251 3471 2288 3504 de
2301 3471 2358 3506 Fe-

1296 3523 1376 3546 verer
1384 3536 1394 3552 ,
1410 3514 1477 3545 l'An
1493 3515 1529 3547 de
1543 3516 1640 3547 Grace
1652 3516 1686 3548 &
1699 3515 1795 3548 nostre
1808 3516 1910 3557 Regne
1923 3525 2007 3549 avant
2019 3515 2069 3548 dit.

1334 3589 1388 3620 Sub
1399 3590 1508 3670 7⁸15!ngle
1507 3614 1523 3659 ’e
1534 3592 1625 3660 mifi-
1640 3591 1702 3625 cera*
1723 3592 1858 3633 imprefflp,
1870 3593 2004 3633 pendente
2027 3601 2046 3626 a
2061 3585 2216 3630 filissericis
2229 3609 2241 3626 ,
2255 3587 2357 3619 viridis·

1801 3699 1848 3732 11.

1298 3771 1483 3833 EDward,
1502 3785 1552 3813 par
1576 3774 1601 3805 la
1621 3775 1719 3807 Grace
1737 3775 1774 3807 de
1798 3776 1894 3815 Dieu,
1911 3774 1970 3805 Roi
1982 3772 2135 3810 d’Escoce,
2152 3781 2168 3802 a
2179 3777 2251 3803 touz
2267 3780 2359 3812 ceux,
2374 3786 2414 3811 Ex
2426 3785 2486 3817 Am

1333 3822 1513 3889 Sacalzeqzugffi
1520 3813 1615 3889 'cestes
1626 3815 1762 3853 presentes
1773 3815 1884 3851 Lettres
1895 3811 2055 3850 vendront‚
2073 3810 2166 3841 Saluz.
2373 3829 2439 3860 „gr-

1334 3887 1432 3920 Come
1445 3890 1653 3922 Tresexcellent
1666 3891 1786 3930 Prince,
1803 3892 1838 3922 &
1852 3889 1946 3921 nostre
1957 3887 2079 3919 trescber
2092 3886 2229 3926 Seigneur
2243 3887 2277 3919 &
2297 3885 2362 3918 Co-

1301 3925 1356 3964 fn,
1371 3925 1509 3966 Edward‚
1527 3939 1575 3967 par
1587 3929 1611 3960 Ia
1628 3929 1725 3961 Grace
1736 3929 1773 3960 de
1795 3928 1890 3966 Dieu,
1906 3927 1968 3958 Roi
1989 3925 2205 3965 d’Engleterre,
2221 3925 2362 3964 Seigneur

1298 3963 1470 4005 d’Irlaunde‚
1488 3968 1522 3998 &
1540 3967 1624 3999 Ducs
1642 3967 1824 4006 d’Aquitain,
1840 3967 1879 3998 eit
1899 3965 2029 3995 Grantez
2052 3964 2086 3995 &
2109 3964 2178 3995 Ob·
2199 3973 2235 3995 ez
2256 3965 2312 4002 lui,
2327 3964 2361 3995 δε

2314 4010 2364 4040 ὅ,

2294 4048 2362 4076 Qus,
