2562 4279
694 137 803 179 ET
886 137 1146 177 ACTA

0 239 54 264 lnn.
70 231 108 262 D.
160 228 271 259 Eodem
288 229 377 260 modo
392 228 549 259 mandatum
564 225 603 256 est
619 223 729 261 singulis
742 221 967 252 vicecomitibus
980 230 1028 257 per
1038 220 1185 257 Angl'iarn.

7 274 88 336 {³¹5²

0 321 87 374 fiii]

0 386 60 421 718.
1078 423 1082 427 Ι

238 432 251 444 7
355 433 359 437 .
375 433 380 438 .
437 432 441 435 .
600 427 605 431 .
799 425 804 430 .
822 424 827 429 .
948 424 953 428 .
1172 424 1186 445 Ὗ,

0 470 53 490 ³¹¹¹·
68 458 109 489 D·
127 429 497 508 Rsscssiiiilssssffsalsstss‘ss'i
506 425 701 502 ‚Dssslillk‘ssffje'
710 422 1124 492 gssgffinissiaffierffiffnamffio
1138 421 1183 452 sm,

242 354 261 375 '‘
296 353 353 388 Ad
375 356 516 386 Comitem
541 347 687 382 flandrie
710 346 744 380 de
767 350 844 380 Pace
865 342 1071 390 reformande.

0 507 30 537 13
40 499 82 527 ¹8·
164 510 323 541 Redeuntes
338 508 372 538 ad
385 516 436 535 nos
447 525 458 542 ,
477 504 571 534 dilecti
588 503 686 540 nobis,
703 500 858 531 Alexander
874 499 899 529 le
915 499 1043 530 Convers
1059 497 1188 529 Clericus

0 541 30 565 '⁷¹'
52 546 94 565 ¹²·
124 550 231 587 noster,
250 550 282 579 &
300 545 413 583 Egidius
427 542 461 572 de
476 541 672 578 Hertebergh,
806 577 810 582 ⁵
1052 576 1068 583 Ι.
1167 577 1172 582 ’

0 597 5 605 ’
26 584 49 603 2‘
163 588 246 626 Qios
266 593 351 624 nuper
372 581 405 611 ad
420 591 471 611 vos
484 579 683 610 destinavimus
698 587 751 615 pro
765 575 928 614 qmbusdam
944 576 1080 612 Negotiis
1090 600 1100 615 ,
1117 586 1188 605 ami—

0 613 71 650 laus.
123 627 243 656 cabilem
264 620 508 653 Reformationem
530 619 599 648 inter
621 617 728 646 nostros
748 615 781 645 &
801 614 907 644 vestros
926 615 1058 645 Subditos
1073 638 1082 653 ,
1108 615 1185 652 super

0 655 106 679 2.E.2.

25 697 38 725 3
79 690 96 716 d
123 664 249 700 damnis,
264 662 331 691 hinc
351 658 416 688 inde
438 657 507 687 daris
530 656 564 686 ὃς
578 655 673 692 illatis,
689 663 740 683 nos
754 654 839 683 etiam
853 653 915 683 alias
928 655 1118 692 tangentibus,
1134 663 1187 683 vo-

0 698 14 716 r.
49 699 71 718 1.
99 711 105 718 .

121 703 163 733 bis
177 710 210 732 ex
222 707 294 737 parte
313 696 407 727 nostra
422 693 609 737 exponendis,
946 732 951 737 .
1058 731 1063 736 .

156 740 227 770 Inter
243 744 343 767 caetera
359 757 368 773 ,
394 734 477 764 nobis
488 732 609 762 sericinis
633 729 783 760 retulerunt
807 730 885 768 quod
904 730 1065 769 hujusmodi
1081 729 1185 760 Refor-

121 772 274 809 mationem
299 771 476 805 amicabilem
498 769 660 807 affectatisg
686 769 836 799 adicientes
859 770 934 807 quod
956 770 1027 799 infra
1047 769 1184 804 Regnum

121 816 249 846 nostrum
265 821 355 843 certos
368 809 458 839 fideles
469 809 588 846 vestros,
606 818 674 837 cuni
689 807 837 837 sufficienti
851 807 1000 846 potestate,
1018 807 1052 838 ad
1066 807 1185 837 tratfitan-

122 855 191 884 dum
206 852 285 889 super
300 848 514 880 Reformatione
529 845 742 885 hujusmodi,ad
758 854 849 875 certos
863 846 941 876 diem
957 847 989 876 &
1004 847 1118 883 locum,
1136 855 1185 882 per

119 902 171 922 nos
186 891 262 920 suver
278 889 332 918 hoc
347 886 531 925 praefigendos
547 908 557 923 ,
576 885 724 921 videlicet,
744 885 771 913 iii
787 883 897 914 instanti
911 884 993 915 Festo
1007 885 1096 915 Beatae
1113 883 1181 914 Ma-

118 931 169 960 riae
225 926 381 965 agdalenae,
400 926 510 954 mittere
530 922 662 953 voluistis.

156 968 192 998 Et
205 968 269 997 licet
286 974 337 994 nos
351 963 488 1001 praemissa
496 961 611 993 effeetui
625 960 774 991 desiderato
788 962 1027 1000 mancipari‚.&,
1046 969 1181 1002 quantum

118 1008 196 1036 bono
210 1003 298 1034 modo
313 1000 373 1032 fieri
389 1001 493 1039 poterit
507 1024 516 1039 ,
543 1001 671 1030 maturari
688 999 868 1039 afl'ectemus,
886 1002 949 1038 quia
963 1002 1059 1031 tamen
1069 1023 1077 1038 ,
1096 1009 1182 1037 quan-

119 1045 158 1074 do
180 1042 304 1080 praedieti
320 1064 330 1079 ,
350 1040 503 1071 Alexander
524 1039 557 1069 ὃς
579 1039 708 1078 Egidi'us‚
726 1039 761 1068 ad
782 1049 832 1069 iios
854 1038 937 1076 usque
961 1039 1179 1075 Nortbanipton

118 1088 269 1118 venerunt,
286 1079 388 1109 fuimus
404 1080 432 1108 in
447 1078 596 1115 procine'tu
612 1078 718 1107 itineris
733 1077 818 1107 nostri
841 1077 929 1107 versus
945 1087 1030 1115 partes
1045 1076 1182 1112 floreres,

115 1121 150 1152 ad
164 1120 336 1155 Scotorum,
355 1117 545 1147 Inimicorum
568 1116 601 1146 &
622 1115 783 1146 Rebellium
799 1115 976 1154 nostrorum,
996 1116 1129 1145 malitiam
1145 1114 1179 1144 &

117 1159 284 1197 proterviam
295 1180 304 1195 ,
324 1166 394 1186 cum
408 1155 465 1185 Dei
481 1155 621 1191 adjutorio
627 1177 638 1192 ,
657 1154 855 1184 refrtenandas:

155 1197 225 1232 Quo
238 1204 370 1233 praetextu
384 1194 418 1224 ad
434 1192 610 1224 trastanduni
626 1193 704 1230 super
720 1192 853 1228 Negotiis
866 1191 1008 1229 praedidtis
1021 1214 1031 1229 ,
1049 1191 1083 1222 ad
1099 1191 1178 1221 diem

115 1235 193 1265 illurn
203 1258 212 1273 ,
230 1234 321 1264 fideles
337 1232 447 1262 nostros
462 1255 471 1269 ,
497 1240 620 1269 quorum
642 1230 788 1268 praesentia
804 1230 960 1260 commode
975 1241 1067 1260 carere
1082 1230 1180 1269 nequi-

114 1275 225 1311 vimus,
245 1283 303 1303 non
318 1273 459 1310 potuimus
473 1269 624 1305 destinare,
643 1271 676 1300 &
692 1267 773 1298 instat
784 1269 845 1306 jam
859 1277 969 1306 tempus
984 1269 1179 1306 autumpnale,

115 1312 182 1342 sicut
202 1312 274 1342 scitis
289 1334 298 1349 ,
329 1312 358 1340 in
381 1319 437 1347 quo
458 1318 515 1338 non
534 1307 644 1344 expedit
667 1307 825 1345 hujusmodi
847 1306 976 1344 Negotia
998 1307 1182 1344 pertractari,

115 1359 228 1389 propter
243 1348 326 1388 quod
347 1347 498 1378 crastinum
527 1346 624 1376 saneti
643 1345 795 1375 Michaelis
817 1347 948 1383 proximo
974 1346 1097 1376 futurum
1111 1368 1121 1383 ,
1145 1346 1180 1376 ad

114 1387 253 1428 praeiniss‘a
270 1386 426 1418 inchoanda
442 1384 598 1415 Londoniis
613 1407 622 1422 ,
640 1385 795 1415 terminum
809 1393 1020 1422 competentem
1037 1385 1070 1414 &
1084 1385 1180 1414 utilem

117 1428 292 1459 arbitramur.

157 1465 302 1505 Qiocirca
325 1464 479 1495 amicitiam
501 1461 622 1494 vestram
643 1460 797 1492 affectuose
819 1462 1004 1500 deprecamur
1022 1485 1031 1499 ,
1059 1462 1185 1499 quatinus

119 1507 271 1535 terminum
285 1504 318 1534 δε
331 1503 430 1533 locum
446 1502 597 1540 praediCros
612 1500 701 1532 velitis
715 1501 835 1531 similiter
851 1509 1009 1538 acceptare,
1027 1500 1060 1530 δε
1071 1500 1105 1530 ad
1122 1500 1182 1530 eos-

120 1544 187 1574 dem
197 1565 208 1581 ,
226 1542 262 1573 de
276 1541 401 1572 fidelibus
415 1540 510 1571 vestris
528 1541 607 1578 tales,
624 1539 770 1577 videlicet,
789 1549 856 1577 quos
868 1538 947 1569 Pacis
960 1540 992 1569 &
1009 1538 1183 1568 Concordiae

117 1580 188 1612 inter
203 1581 309 1611 nostros
323 1580 356 1610 δὲ
370 1579 476 1610 vestros
494 1578 625 1609 Subditos
645 1579 777 1608 noveritis
790 1577 920 1607 zelatores
930 1600 940 1614 ,
957 1587 1024 1607 cum
1050 1576 1184 1614 potestate

119 1617 273 1651 'sufficienti
295 1619 408 1649 mittere
430 1619 556 1655 curetis,
581 1626 632 1647 nos
647 1617 741 1654 enim,
756 1615 790 1645 ad
815 1615 909 1645 dietos
929 1615 1004 1645 diem
1020 1615 1053 1645 &
1070 1615 1185 1653 locum,

120 1666 211 1689 certos
225 1657 315 1688 fideles
338 1656 446 1686 nestros
467 1657 632 1693 mittemus,
651 1665 719 1685 cuin
742 1653 891 1684 sufficienti
910 1653 1061 1691 potestate,
1080 1653 1114 1683 ad
1129 1662 1185 1695 tra-

121 1696 258 1728 <standum
281 1705 351 1726 cum
371 1695 432 1732 ipsis
445 1716 455 1732 ,
479 1694 513 1725 &
534 1693 739 1731 perficiendum
760 1692 837 1730 quod
860 1692 896 1722 de
913 1693 1066 1723 communi
1081 1692 1184 1722 assensu

119 1735 272 1772 contigerit
283 1733 413 1764 ordinari.

157 1772 360 1805 Mandavimus
385 1778 479 1801 autem
499 1769 609 1810 fingulis
632 1768 859 1801 Vicecornitibus
881 1769 914 1800 ὃς
930 1766 1057 1808 Ballivis,
1074 1779 1125 1807 per
1139 1778 1184 1801 to-

119 1818 183 1842 tum
199 1811 333 1848 Regnum
348 1808 473 1839 nostrum
485 1830 496 1846 ,
523 1809 601 1847 quiid
613 1809 728 1846 quilibet
742 1818 841 1838 eorum
856 1830 866 1847 ,
885 1818 932 1845 per
946 1808 1078 1839 Ballivam
1092 1808 1186 1846 suam,

120 1850 234 1892 publice
248 1849 329 1879 faciat
343 1847 508 1886 proclamari
521 1870 531 1885 ,
556 1848 633 1885 quod
652 1846 794 1877 Homines
808 1847 841 1877 &
858 1847 1051 1886 Mercatores,
1068 1847 1104 1877 de
1119 1846 1186 1877 Do-

122 1889 215 1918 minio
238 1886 428 1924 vestro,iiifra
449 1885 584 1924 Regnum
608 1885 735 1916 nostrum
758 1886 854 1915 secure
875 1886 1007 1923 veniant,
1025 1893 1185 1923 morentur,

121 1926 155 1957 &
169 1925 298 1957 recedant
308 1948 318 1963 ,
335 1925 368 1955 &
389 1924 424 1954 N
425 1926 519 1961 egotia
532 1923 576 1954 sua
590 1932 756 1955 excerceant
769 1923 869 1961 absque
882 1923 1059 1955 Arestatione
1070 1923 1186 1963 Corpo-

125 1975 190 1995 rum
199 1988 209 2003 ,
228 1965 273 1995 seu
286 1963 431 1994 Bonorum
444 1963 575 2001 suorum,
592 1961 675 2001 usque
688 1962 722 1994 ad
736 1961 851 1993 Festum
863 1961 973 1993 Natalis
987 1962 1113 1993 Domini
1122 1972 1187 2001 pro-

121 2004 205 2034 ximo
218 2003 363 2040 futurum,

120 2072 123 2075 ,
163 2041 201 2071 Et
215 2040 416 2071 nichilominus
431 2039 547 2070 Litteras
562 2037 667 2070 nostras
680 2038 807 2070 Parentes
820 2039 856 2070 de
869 2040 944 2071 salvo
958 2040 991 2071 &
1004 2040 1101 2071 securo
1115 2049 1188 2070 con-

124 2079 213 2110 ductu
227 2089 279 2117 pro
292 2079 331 2108 eis
344 2077 403 2108 fieri
425 2077 560 2116 fecimus,
578 2079 611 2109 δε
632 2089 675 2110 eas
694 2079 776 2110 vobis
797 2079 936 2109 mittimus
951 2089 1000 2116 per
1011 2078 1188 2116 praesentium

148 2126 304 2148 ortitorem:

126 2127 147 2155 P
165 2155 225 2186 Vos
247 2163 391 2194 rogantes,
408 2155 534 2194 quatinus
554 2155 712 2185 consimiles
734 2153 995 2190 Proclamationem
1015 2155 1048 2185 &
1070 2154 1188 2185 Litteras

125 2193 162 2224 de
175 2193 319 2224 conduCtu
334 2217 343 2232 ,
362 2203 413 2231 pro
432 2192 607 2223 Hominibus
625 2193 658 2223 &
681 2193 888 2224 Mercatoribus
902 2194 999 2231 Regni
1015 2192 1122 2232 nostri,
1140 2202 1190 2231 per

125 2232 189 2263 loca
204 2232 336 2262 Dominii
349 2233 382 2262 &
396 2231 543 2261 Potestatis
555 2231 671 2270 vestrae,
688 2231 747 2262 fieri
759 2231 872 2261 faciatis.

165 2269 235 2302 Dat.
249 2270 323 2308 apud
336 2270 560 2306 Northampton.
578 2270 694 2300 decimo
709 2271 790 2301 tertio
805 2269 851 2300 die
861 2269 937 2309 julii.

356 2437 406 2469 De‘
427 2432 651 2478 Flandreffbus
680 2447 737 2468 non
758 2432 956 2479 molestandis.

0 2522 57 2554 {1¹1¹-
73 2517 114 2554 D·
128 2529 207 2587 RE
216 2531 247 2563 X
272 2532 500 2565 Vicecomitibus
513 2528 728 2565 Londoniarum
737 2557 746 2573 ,
765 2534 890 2565 salutem.

5 2563 87 2602 13¹3·
220 2571 317 2611 Cum,
335 2573 485 2604 occasione
504 2573 679 2605 diversorum
702 2573 904 2610 Dampnorum
919 2596 930 2611 ,
955 2583 1004 2612 per
1017 2573 1192 2604 Flandrenses

0 2604 37 2648 an.
54 2610 94 2628 ¹²·
128 2609 252 2643 Subditis
265 2611 381 2650 nostris,
400 2612 433 2642 &
448 2621 495 2648 per
509 2610 620 2641 nostros
634 2611 765 2641 Subditos
782 2611 998 2649 Flandrerifibus,
1014 2621 1044 2643 ut
1059 2613 1189 2652 refertur,

0 2652 17 2688 ’ζ’
33 2648 58 2666 ²·
128 2660 190 2682 ante
210 2651 274 2680 haec
295 2659 422 2688 tempora
444 2650 599 2688 illatorum,
618 2649 704 2680 nostri
725 2649 838 2680 Subditi
857 2650 890 2681 δε
904 2651 975 2681 dieti
990 2651 1163 2681 Flandrenses
1177 2662 1192 2681 a

0 2677 70 2714 daus.
129 2688 226 2720 mutua
240 2687 455 2719 Communione
464 2689 522 2726 jam
536 2710 546 2725 ,
567 2698 616 2727 per
629 2688 742 2726 aliquod
756 2697 880 2728 tempuS,
898 2688 925 2719 se
940 2689 1140 2727 abstinuerint,
1157 2689 1191 2720 ad

8 2724 21 2741 ²
39 2719 68 2742 E.
79 2724 104 2742 ²·
129 2727 284 2766 dampnum
298 2737 357 2757 non
371 2727 519 2757 modicum
534 2727 602 2756 hinc
615 2727 648 2757 δε
663 2727 742 2756 inde:
783 2738 791 2742 ’-

0 2753 112 2789 ”·3Ῑ·ά·
168 2766 213 2796 Ac
231 2765 291 2802 jam
308 2788 318 2803 ,
347 2764 424 2805 super
446 2763 635 2795 Restitutione
657 2766 702 2795 seu
723 2764 914 2796 satisfactione
929 2788 938 2805 ,
977 2765 1013 2797 de
1032 2766 1191 2804 hujusmodi

130 2801 258 2841 dampnis
274 2802 357 2842 datis„
375 2803 517 2834 amicabili
540 2802 775 2841 Compofirione,
802 2803 945 2843 faciendfi,
957 2804 992 2835 de
1010 2804 1123 2843 nostra,
1140 2806 1191 2843 &‚

133 2840 255 2872 Nobilis
266 2838 328 2870 Viri
341 2864 351 2878 ,
377 2841 501 2872 Domini
523 2840 644 2872 Roberti
667 2842 791 2872 Comitis
813 2842 950 2874 Flandi-iae
965 2866 975 2881 ,
1000 2843 1143 2874 voluntate
1157 2844 1191 2874 &

134 2878 285 2917 consensu,
304 2879 374 2909 infra
394 2879 530 2918 Regnum
545 2879 671 2910 nostrum
683 2881 834 2911 Traetatus
847 2881 906 2911 fieri
927 2881 1026 2912 debeat
1041 2883 1074 2912 &
1089 2883 1190 2912 teneri:

172 2918 256 2955 Nos,
273 2916 397 2947 nolentes
416 2917 553 2948 Homines
572 2919 605 2949 &
627 2918 798 2949 Mercatores
818 2919 888 2949 diffl
901 2919 1025 2950 Comitis
1038 2920 1193 2958 Flandriae,

134 2957 203 2987 infra
227 2956 363 2992 Regnum
376 2955 520 2994 nostrum,
537 2957 684 2987 occasione
695 2957 854 2995 aliquorum
868 2958 1026 2988 liu'usmodi
1040 2958 1194 2996 Dampno-

134 3005 215 3033 rum,
232 3004 282 3033 per
296 2993 437 3024 Homines
457 2993 493 3024 de
513 2995 646 3031 potestate
665 2995 736 3025 dieti
751 2995 876 3026 Comitis
913 2997 1015 3027 ubditis
1029 2995 1129 3026 nostris
1144 2996 1194 3027 da—

133 3040 230 3064 torum
242 3033 287 3064 seu
300 3031 440 3063 illatorum
453 3055 462 3070 ,
480 3032 606 3070 arestari,
623 3034 788 3071 inquietari,
807 3033 851 3063 seu
858 3044 915 3072 quo
924 3045 981 3074 quo
995 3035 1083 3065 modo
1096 3044 1193 3072 grava-

134 3071 158 3101 ri
166 3094 175 3110 ,
191 3072 261 3102 citra
273 3068 389 3101 Festum
405 3069 516 3101 Natalis
528 3070 653 3100 Domini
665 3073 796 3108 proximo
805 3072 865 3109 jam
876 3081 1045 3111 venturum,

15 3137 34 3158 o
172 3109 263 3140 Vobis
276 3109 453 3147 praecipimus
466 3108 546 3146 quod
561 3110 590 3138 in
607 3108 731 3141 Civitate
745 3110 880 3148 praedicta
895 3111 1009 3148 publice
1025 3110 1193 3149 proclamari

48 3140 102 3167 ῙῙῙ·
137 3146 344 3186 faciatis,qut›d
359 3157 460 3177 omnes
473 3148 505 3178 &
520 3147 618 3184 singuli
634 3148 863 3186 Mercatores,a<:
873 3149 948 3179 *alii
954 3149 989 3180 de
1003 3149 1134 3189 potestate
1149 3150 1195 3180 di-

25 3186 39 3213 7
48 3186 88 3213 19·
135 3187 176 3217 eti
190 3185 330 3223 Comitis,
347 3186 377 3215 in
389 3184 524 3225 Regnum
539 3185 667 3217 nostrum
688 3197 755 3217 curn
770 3187 854 3217 Bonis
869 3187 902 3217 &
916 3187 1115 3219 Mercimoniis
1126 3188 1194 3227 suis,

135 3224 180 3256 vel
195 3224 258 3254 alias
270 3233 324 3261 pro
336 3226 456 3261 negotiis
466 3224 517 3254 suis
530 3224 677 3263 faciendis,
695 3225 769 3256 salvo
784 3224 925 3263 &secure
939 3228 1067 3265 veniant,
1083 3227 1193 3257 ibidem

133 3272 296 3300 morentur,
313 3270 343 3292 ut
363 3261 554 3293 Mercimonia
575 3263 619 3294 sua
631 3273 804 3303 exerceant,
823 3273 856 3294 ac
877 3264 928 3295 alia
940 3267 1056 3302 negotia
1069 3265 1114 3295 sua
1129 3276 1194 3303 pro-

133 3302 293 3339 sequantur,
309 3300 342 3330 &
353 3300 454 3330 exinde
468 3301 614 3340 recedant,
631 3302 733 3339 absque
747 3303 923 3334 Arestatione
937 3302 1101 3342 Corporum
1110 3326 1119 3342 ,
1138 3303 1195 3334 Bo-

132 3347 255 3377 norum,
272 3339 317 3369 seu
339 3337 598 3369 Mercimoniorum
619 3339 749 3379 suorum,
765 3344 811 3372 vel
830 3341 882 3371 alia
894 3342 1090 3379 inquietatione
1109 3352 1195 3373 occa-

132 3378 210 3409 sione
223 3377 426 3414 Dampnorum
439 3376 568 3407 datorum
581 3400 591 3416 ‚
607 3378 691 3416 usque
706 3379 740 3410 ad
754 3379 865 3410 dietum
880 3379 993 3411 Festum
1006 3381 1115 3412 Natalis
1130 3381 1195 3411 Do-

133 3417 225 3454 mini,
240 3416 308 3446 ficut
322 3414 494 3452 praedietum
507 3415 564 3454 est,

172 3454 333 3485 Inhibentes
353 3452 519 3491 distrifflus,
535 3463 569 3483 ex
590 3462 665 3492 parte
684 3454 777 3486 nostra
792 3478 802 3494 ,
819 3457 954 3487 omnibus
973 3458 1007 3488 ὃς
1029 3458 1142 3496 singulis
1160 3458 1197 3489 de

134 3492 238 3524 Balliva.
254 3491 359 3530 vestra,
383 3502 419 3521 ne
438 3491 613 3522 Hominibus
629 3492 852 3532 Mercatoribus,
871 3494 916 3524 seu
930 3495 989 3526 aliis
1000 3496 1037 3526 de
1048 3498 1198 3535 Flandrifi,

135 3540 234 3562 contra
256 3531 379 3561 formam
401 3529 629 3561 Proclamationis
649 3532 792 3570 praedictae
808 3555 818 3572 ,
837 3533 993 3571 dampnum
1013 3535 1132 3567 inferant
1146 3535 1198 3566 ali-

135 3569 213 3608 quod
228 3567 273 3599 seu
286 3578 444 3600 oravamen.

174 3607 263 3639 Teste
276 3593 360 3646 R'ege
372 3607 445 3646 apud
456 3605 735 3647 ,Northamptoniam
744 3632 755 3648 ,
772 3607 888 3640 decimo
901 3611 986 3642 tertio
1000 3611 1045 3642 die
1054 3611 1130 3651 Julii.

139 3721 154 3752 b
171 3684 275 3752 Efflem
301 3685 374 3715 modo
393 3684 525 3726 firibitur
547 3682 651 3724 Custodi
670 3673 800 3726 ,Quinque
815 3689 963 3726 Por-tuum,
979 3685 1017 3722 (ᾧ,
1036 3690 1201 3719 Vitecomiti-

155 3733 184 3752 us
241 3734 315 3754 orum

366 3723 516 3761 Lincolrziae
530 3747 539 3762 ,
562 3722 718 3761 Norffolciae
733 3746 743 3762 ,
770 3723 899 3802 Syff‘olciae
914 3749 924 3764 ‚
952 3726 1090 3765 Effixiae,
1108 3730 1198 3757 Kanc.

139 3763 257 3834 ἓξὲξ,
274 3765 310 3831 δῖ(
331 3765 398 3794 exiae
413 3785 424 3802 ,
447 3761 659 3801 Suthamptoniae
673 3785 684 3802 ,
701 3765 787 3793 Somer
799 3767 859 3795 etiae
868 3787 878 3804 ,
895 3767 1048 3805 Dorsetiae‚
1065 3768 1199 3797 Devoniae

244 3811 278 3830 nu
296 3813 339 3832 lae.

177 4065 246 4098 Tom.
265 4069 307 4098 II.
325 4069 358 4100 P.
375 4073 402 4102 Ι.

1229 138 1700 187 PUBLICA.

2223 163 2236 187 1
2253 161 2300 197 ῖς

1645 272 1677 274 ⁷*
1710 273 1751 275 *W
1777 274 1784 276 “
1841 274 1855 276 ⁴
1961 275 1978 277 ‘⁷
1999 273 2027 276 ”“
2076 274 2118 276 *⁷*
2147 275 2160 277 F
2315 273 2390 310 Anii.
2408 280 2446 313 D,

1385 316 1433 346 Dc
1459 316 1629 358 Condaflfz,
1651 329 1704 363 pro
1732 322 1860 352 Nrmciis
1878 322 1995 367 praeftiri
2017 326 2144 355 comm.
2313 322 2426 383 EIUS-

1230 394 1351 449 IREX
1377 400 1511 429 omnibus
1525 399 1634 430 Eillivis
1649 403 1682 432 δε
1699 397 1839 435 fidelibus
1856 405 1922 444 suis,
1937 407 1970 436 ad
1989 410 2074 445 qum,
2093 407 2154 438 &Q
2169 407 2291 439 salutem.
2311 398 2363 439 (Μ’
2385 406 2425 423 ¹²·

1327 436 1423 466 Sciatis
1438 438 1532 475 quod,
1756 473 1758 479 ¹
2311 436 2341 457 L.
2363 443 2388 459 ²·

1249 472 1360 516 'Ctim3
1379 476 1528 518 occarionc
1543 477 1717 507 diversorum
1732 478 1947 519 Dampnorum,
1964 493 2012 519 per
2030 483 2204 514 Fundi-enses
2216 481 2293 515 Sub—
2311 473 2366 496 I'U'
2382 481 2423 498 ¹²·

1226 510 1289 541 ditis
1311 512 1425 550 nostris,
1442 515 1474 544 δε
1498 525 1547 558 per
1566 515 1675 544 nostros
1699 516 1830 547 Subditos
1852 520 2060 551 Flaiidi-eniibus
2076 545 2085 560 ,
2109 532 2137 552 ut
2162 523 2291 562 refertur,
2311 513 2366 535 '5²
2398 517 2411 545 Ρ

1225 558 1288 579 ante
1308 550 1370 581 haec
1395 559 1519 588 tempora
1541 553 1697 590 illatorum,
1716 555 1798 584 nostri
1819 556 1927 587 Subditi
1951 562 1982 589 ὅς
2006 560 2074 590 dieii
2098 561 2273 591 Flandrenles
2314 556 2434 584 ''¹³³4'‘

1225 597 1241 616 a
1263 589 1361 618 mutua
1384 588 1600 620 Communione
1616 592 1695 628 jam,
1713 602 1760 628 per
1776 593 1886 630 aliquod
1901 603 2026 635 tempus,
2047 598 2073 628 sc
2088 585 2289 630 abstinuerint?

1225 625 1259 654 ad
1274 626 1429 664 dampnum
1445 638 1502 657 non
1518 630 1666 659 modicum
1682 630 1749 659 hinc
1765 631 1797 659 ὃς
1814 632 1893 661 inde:
2275 623 2285 639 ²

1260 664 1305 694 Ac
1331 666 1391 708 jam
1408 688 1418 704 ,
1441 666 1521 703 super
1545 666 1735 697 Restitutione
1755 668 1799 698 seu
1820 669 2011 702 Satisfaffione
2030 686 2039 711 ,
2069 675 2105 704 de
2125 675 2285 713 hujusmodi

1225 701 1373 746 dampnis,
1391 704 1533 734 amicabili
1553 705 1771 742 Compositione
1787 729 1796 744 ,
1812 707 1956 745 faciendi,
1973 712 2008 740 de
2022 714 2129 751 nosttfi,
2148 716 2198 751 ὃς,
2219 715 2285 745 No·-

1225 740 1285 782 bilis
1302 741 1377 780 Viri,
1393 741 1520 772 Domini
1542 743 1580 773 R.
1600 742 1727 782 Comitis
1754 744 1891 775 Flandriae
1912 748 2052 779 voluntate
2071 754 2103 781 ot
2127 754 2257 784 consensu
2279 771 2282 774 >

1224 778 1295 809 infra
1312 779 1448 817 Regnum
1461 780 1604 820 nostrum,
1619 782 1768 811 Traetatus
1783 781 1839 811 fieti
1854 783 1968 823 debeat,
1985 787 2017 816 &
2030 788 2138 819 haberi:
2274 776 2284 792 ³

1257 816 1346 855 Cujus
1368 828 1498 856 praetextu
1520 820 1596 849 idem
1621 819 1728 849 Comes
1750 821 1902 859 quosdam,
1921 823 1955 852 de
1980 823 2103 856 fidelibus
2125 828 2175 858 suis
2212 829 2283 861 infra

1222 853 1362 892 Regnum
1379 858 1520 895 nostrum,
1540 866 1570 888 ut
1586 858 1786 895 intelleximus,
1804 859 1844 888 est
1857 861 1998 899 miss'urus3
2184 853 2193 868 ³

1258 894 1435 932 Suscepimus
1455 897 1484 925 in
1505 896 1609 926 salvum
1633 898 1666 926 &
1693 896 1819 926 securum
1847 896 2033 929 Conductum
2060 902 2185 933 nostrum
2211 906 2287 945 illos,

1221 941 1290 969 quos
1305 934 1383 963 idem
1396 933 1506 964 Comes
1522 935 1592 965 infra
1608 934 1743 971 Regnum
1759 934 1885 965 nostrum
1907 936 1939 966 ea.
1961 938 2108 970 occasione
2123 942 2268 974 destinabit

1220 980 1253 1000 ac
1269 981 1366 1001 eorum
1383 972 1524 1010 familias,
1541 973 1570 1002 in
1586 973 1725 1003 <leniendo
1740 973 1810 1004 infra
1831 973 1908 1004 idem
1929 974 2063 1013 Regnum
2079 969 2285 1019 nostrum,ibi³

1218 1008 1285 1052 dem
1302 1010 1459 1048 morando,
1477 1021 1510 1040 ac
1525 1011 1626 1041 exinde
1638 1011 1796 1041 redeundo:

1220 1085 1224 1090 ι
1256 1046 1293 1077 ht
1309 1048 1372 1078 ideo
1394 1050 1477 1078 vobis
1494 1049 1658 1080 mandamus
1673 1049 1751 1087 quod
1767 1049 1954 1086 Hominibus,
1972 1062 2040 1090 quos
2063 1053 2137 1084 idem
2160 1054 2282 1095 Comes,

1217 1084 1288 1115 infra
1302 1085 1439 1128 Regnum
1453 1086 1580 1117 nostrum
1594 1087 1720 1118 miffuriis
1734 1087 1791 1125 est,
1808 1097 1854 1118 aut
1865 1100 1963 1120 eorum
1978 1091 2099 1122 Familiis
2110 1115 2119 1131 ,
2131 1095 2159 1123 in
2167 1097 2282 1125 venien-

1216 1122 1255 1152 do
1270 1125 1341 1167 intra
1358 1124 1495 1161 Regnum
1508 1126 1653 1164 nostrum,
1671 1126 1777 1156 ibidem
1792 1128 1949 1166 morando,
1976 1138 2021 1159 aut
2039 1132 2140 1162 exinde
2164 1134 2282 1163 redeun-

1216 1160 1318 1206 d0,·m
1333 1161 1460 1193 Personis
1475 1173 1520 1194 aut
1536 1164 1633 1194 Rebus
1646 1174 1765 1203 eorum,
1783 1175 1843 1194 non
1858 1165 1998 1205 inferatis,
2015 1166 2073 1206 seu,
2093 1179 2229 1207 quantum
2252 1173 2282 1202 in

1217 1201 1298 1230 vobis
1320 1201 1360 1231 est
1374 1224 1384 1240 ,
1407 1203 1443 1232 ab
1461 1202 1518 1232 aliis
1537 1203 1633 1232 inferri
1654 1204 1819 1240 permittatis
1839 1204 1987 1243 injuriam,
2005 1207 2178 1247 molestiam,
2203 1209 2285 1240 dam·

1217 1248 1324 1277 pnum,
1342 1240 1577 1278 impedimentum
1599 1241 1730 1280 aliquod,
1749 1242 1793 1272 seu
1817 1251 1988 1281 gravamen,
2013 1245 2052 1274 set
2072 1247 2110 1275 eis
2132 1249 2222 1283 potius
2242 1249 2290 1279 salss-

1217 1287 1286 1320 γυῖα
1303 1279 1336 1309 ὃς
1351 1278 1479 1309 securum
1492 1279 1679 1310 Conductum
1693 1280 1795 1310 habere
1809 1280 1916 1311 faciatis
1924 1283 2050 1320 quotiens
2065 1283 2097 1313 ὅτ.
2113 1286 2223 1321 quando
2240 1294 2288 1325 per

1220 1315 1309 1359 1psos,
1328 1317 1373 1361 vel
1387 1327 1486 1360 eorum
1503 1318 1643 1360 aliquem,
1656 1318 1735 1356 super
1750 1319 1825 1356 hoc,
1843 1329 1877 1349 ex
1899 1328 1976 1357 parte
2000 1321 2110 1359 nostra,
2129 1323 2232 1354 fueritis
2247 1336 2290 1355 re-

1219 1356 1325 1399 quisiti:
1345 1355 1399 1394 ht,
1419 1358 1438 1386 ίι
1449 1356 1517 1400 quid
1531 1359 1570 1387 eis
1584 1356 1762 1388 forisfactum
1777 1357 1876 1396 fuerit,
1895 1358 1923 1389 id
1937 1359 1990 1397 eis,
2008 1359 2064 1390 fine
2079 1360 2229 1401 dilatione,
2248 1363 2290 1393 fa-

1219 1401 1296 1423 ciatis
1311 1394 1464 1424 emendari.

1221 1468 1240 1499 d
1255 1431 1289 1461 In
1305 1433 1397 1471 cujus,
1413 1433 1474 1464 &c.
1488 1433 1572 1472 usque
1585 1433 1620 1465 ad
1634 1433 1747 1465 Festum
1762 1434 1872 1465 Natalis
1883 1434 2006 1466 Domini
2020 1438 2153 1474 proximo
2165 1437 2291 1469 futurum

1241 1479 1370 1500 uraturas.

1258 1508 1345 1539 Teste
1364 1509 1446 1547 Rege
1465 1510 1538 1548 apud
1555 1510 1828 1550 Northamptoniam
1837 1534 1847 1551 ,
1864 1512 1991 1543 decimio
2005 1515 2088 1545 tertio
2103 1514 2149 1545 die
2161 1515 2239 1553 Julii.

1446 1639 1504 1669 Pro
1529 1635 1682 1684 Magistro
1703 1613 1872 1686 ansttndo
1899 1635 2054 1674 Subimni,

1223 1721 1329 1791 PAP
1339 1721 1379 1752 AE
1399 1716 1464 1753 Rex
1479 1721 1581 1753 devota
1596 1721 1701 1761 pedum
1716 1723 1807 1754 oscula
1822 1723 1977 1754 beatorum.

1306 1761 1408 1800 Adeo,
1425 1762 1543 1792 dilectus
1557 1763 1591 1792 ὅτ
1607 1772 1683 1792 carus
1691 1761 1832 1800 Clericus,
1852 1763 1885 1793 ὃ(
1901 1757 2082 1794 Consiliarius
2096 1764 2206 1804 noster,
2225 1764 2291 1796 Ma·
2312 1755 2387 1787 Asm-
2401 1755 2442 1786 D·

1224 1798 1310 1836 gister
1332 1800 1516 1839 Reymundus'
1535 1800 1677 1838 Subirani,
1703 1800 1893 1831 Decretorum
1912 1800 2047 1840 Boetor,
2072 1804 2101 1832 in
2125 1803 2240 1842 nostris,
2257 1807 2291 1835 &c
2333 1797 2416 1835 ¹3¹3·

1223 1837 1324 1875 Regni
1339 1838 1428 1868 nostri
1442 1839 1574 1877 Negotiis
1588 1838 1720 1877 fideliter,
1738 1839 1860 1877 devote,
1878 1839 1911 1869 δε
1924 1840 2026 1870 utiliter
2041 1841 2195 1881 laboravit,
2213 1843 2292 1880 quud
2311 1838 2364 1862 ²¹⁷¹·
2384 1844 2424 1861 ¹²·

1222 1878 1326 1908 merito
1341 1877 1469 1908 volumus
1482 1877 1562 1914 ipsius
1576 1877 1708 1907 Honores
1721 1878 1754 1908 &
1771 1876 1936 1908 Commoda
1950 1888 2128 1915 promovere.
2312 1878 2342 1900 E.
2360 1882 2385 1901 ²·
2416 1910 2421 1916 ‚

1262 1915 1298 1946 Et
1312 1915 1444 1951 idcirco,
1463 1923 1529 1946 eum
1546 1917 1688 1953 cupientes
1707 1914 1805 1946 favore
1820 1916 1944 1955 prosequi
1963 1917 2099 1956 gratioso,
2118 1919 2208 1957 ipsum
2224 1919 2292 1950 Ma*
2311 1915 2381 1939 Rom,
2401 1921 2435 1943 &⁸

1223 1953 1345 1990 gistrum
1359 1954 1503 1984 Sanffitati
1515 1954 1613 1985 vestrae
1629 1954 1714 1992 pleno
1726 1957 1993 1985 recommendamus
2008 1954 2128 1994 affeetu,
2314 1954 2402 1977 sz.
2412 1952 2441 1977 Ε·

1264 1992 1455 2030 Supplicantes
1474 1994 1599 2030 quatinus
1620 1993 1658 2023 sic
1679 1993 1783 2023 honori
1802 1993 1926 2030 personae
1953 1994 2033 2030 ipsius
2060 1996 2150 2032 (cujus
2173 1995 2291 2034 Mores,
2316 1997 2441 2015 ²·m·¹¹·

1225 2030 1492 2069 Conversationem,
1509 2030 1681 2068 Scientiam,
1709 2030 1864 2068 Originem
1886 2033 1919 2062 &
1940 2033 2036 2062 merita
2057 2033 2188 2063 haetenus
2211 2034 2293 2071 plene
2312 2026 2336 2053 ‘¹-

1226 2069 1323 2105 nostis)
1344 2069 1504 2105 dignemini
1540 2068 1640 2098 nostris
1658 2069 1805 2107 precibus,
1818 2071 1895 2108 juxta
1916 2069 2026 2100 Statum
2052 2072 2109 2109 ejus
2132 2073 2165 2101 ὃς
2187 2072 2292 2103 Merita
2362 2068 2374 2073 ”

1224 2107 1390 2146 providere,
1402 2107 1486 2145 equod
1502 2091 1605 2137 13reces
1617 2106 1741 2144 nostraS,
1758 2117 1825 2145 quas
1840 2107 2004 2138 Beatitudini
2019 2110 2117 2139 vestrae
2135 2119 2169 2139 ex
2189 2112 2291 2142 intimo

1226 2146 1315 2177 corde
1329 2146 1514 2184 porrigimus,
1531 2145 1582 2175 fibi
1597 2155 1645 2183 per
1660 2144 1797 2177 effedtum
1810 2145 1910 2177 sentire
1927 2146 2014 2178 valeat
2027 2148 2185 2179 fruetuosas.

1264 2184 1436 2222 Conservet,
1449 2184 1509 2214 &c.

1265 2223 1334 2255 Dat.
1350 2222 1423 2262 apud
1442 2222 1735 2263 Northamptoniam,
1752 2222 1869 2254 decimo
1885 2225 1985 2263 quinto
1998 2224 2045 2255 die
2052 2225 2128 2264 Julii.

2332 2349 2353 2370 ²
2371 2352 2425 2381 111.

2338 2400 2402 2420 ''20-

2339 2410 2347 2426 1

1286 2438 1369 2478 ΕΧ,
1385 2437 1495 2469 Nobili
1516 2436 1605 2476 Viro,
1631 2436 1764 2468 Domino
1785 2436 1870 2468 Petro
1893 2437 1928 2468 de
1944 2438 2011 2469 Osia
2026 2461 2037 2478 ,
2064 2438 2191 2471 Domini
2211 2439 2295 2479 Papae
2313 2426 2448 2473 AnnzD·

1303 2478 1430 2516 Nepoti,
1447 2476 1570 2507 salutem.
2344 2466 2427 2508 1318,

1267 2516 1365 2547 Sciatis
1379 2515 1457 2554 quod
1478 2515 1597 2557 summe·
1612 2513 1745 2552 gratiosa,
1762 2513 1919 2553 fructuosa,
1937 2515 1970 2546 ὃς
1991 2517 2151 2549 continuata
2171 2517 2296 2557 servitia,
2312 2511 2365 2535 ΑΗ·
2388 2515 2432 2533 ¹²·

1229 2564 1311 2593 quae,
1327 2555 1462 2591 dilectus,
1479 2553 1528 2590 δε,
1545 2563 1598 2591 pro
1617 2554 1740 2590 meritis,
1756 2561 1829 2582 totus
1850 2563 1927 2583 carus
1943 2553 2084 2593 ClericuS,
2103 2556 2136 2586 ὃ(
2159 2556 2296 2587 Coiiiiiia-
2314 2551 2345 2573 E.
2363 2556 2388 2589 2:

1229 2593 1283 2623 rius
1297 2593 1405 2631 iio'ster,
1423 2592 1563 2630 Magister
1576 2591 1768 2631 'Raymundus
1789 2591 1931 2629 Subirani,
1954 2592 2143 2624 Decretorum
2163 2593 2296 2634 Dotftor,
2351 2583 2414 2611 lbhl‘

1228 2632 1310 2661 nobis
1324 2633 1354 2660 in
1367 2630 1485 2669 nostris,
1505 2631 1538 2660 &
1556 2629 1651 2670 Regni
1663 2629 1748 2660 nostri
1765 2631 1875 2667 magnis
1888 2630 1921 2660 &
1942 2630 2031 2661 arduis
2049 2633 2294 2670 iiegotiis,prom-

1228 2671 1294 2708 pte,
1313 2669 1477 2707 fideliter&
1495 2669 1596 2700 utiliter
1618 2668 1776 2706 impendit,-
1795 2669 1899 2699 merito
1921 2678 1973 2698 nos
1987 2669 2123 2700 inducunt
2130 2679 2177 2708 ,ut
2197 2671 2231 2701 ad
2247 2673 2293 2709 ip-

1228 2709 1278 2739 ssus
1295 2709 1510 2745 promotionem
1530 2706 1658 2745 honoris,
1677 2708 1710 2738 δε
1726 2706 1850 2737 comoda
1870 2716 1922 2744 pro
1938 2707 2040 2738 viribus
2060 2709 2231 2746 procuranda
2249 2718 2295 2740 to-

1227 2748 1263 2779 tis
1274 2746 1412 2777 desideriis
1426 2745 1609 2776 intendamus.

1266 2784 1348 2815 Hinc
1362 2785 1404 2815 est
1418 2784 1496 2823 quod
1505 2807 1514 2823 ,
1533 2785 1603 2815 cum
1615 2783 1695 2814 dieto
1708 2783 1842 2813 Domino
1856 2782 1978 2814 Summo
1993 2783 2126 2816 Pontifici
2138 2785 2295 2823 supplican-

1228 2823 1268 2854 do
1283 2823 1471 2860 scripserimus
1485 2832 1537 2860 pro
1552 2822 1669 2859 eodem,
1685 2830 1732 2860 ut,-
1753 2821 1841 2851 nostri
1862 2823 2119 2861 contemplatione,
2137 2825 2230 2854 eidem
2247 2835 2296 2855 ve-

1229 2862 1277 2900 lit,
1290 2863 1366 2900 juxta
1379 2862 1487 2892 Statum
1503 2862 1536 2891 &
1560 2860 1716 2897 Meritum,
1733 2859 1898 2898 providere,
1915 2870 1967 2891 vos
1989 2871 2022 2891 ex
2042 2863 2128 2892 corde
2148 2872 2295 2901 rogamus,

1229 2902 1355 2940 quatinus
1374 2900 1446 2937 apud
1465 2899 1588 2929 eundem
1602 2898 1767 2928 Dominum
1781 2898 1932 2929 Summum
1951 2899 2126 2931 Pontificem
2147 2901 2184 2931 sic
2206 2901 2295 2931 velitis

1229 2938 1381 2969 affe&uose
1396 2940 1570 2975 interponere
1585 2945 1672 2974 partes
1687 2936 1799 2975 vestras,
1806 2936 1900 2967 eidem
1913 2937 2030 2968 volitum
2045 2938 2132 2969 nostri
2146 2941 2235 2969 animi
2248 2948 2294 2969 ex-

1230 2977 1382 3017 ponendo,
1400 2978 1496 3015 quod,
1522 2974 1612 3005 vestra
1634 2975 1780 3012 diligentia
1802 2976 1835 3005 &
1856 2976 1958 3006 auxilio
1980 2977 2180 3015 mediantibus,
2199 2985 2294 3014 preces

1230 3015 1353 3054 nostras,
1374 3026 1439 3053 quas
1459 3024 1493 3045 ex
1507 3014 1593 3044 'corde
1607 3015 1778 3052 porrigimus
1799 3023 1850 3051 pro
1869 3015 1972 3044 eodem
1987 3014 2132 3052 Magistro
2146 3015 2293 3055 Raymun-

1230 3054 1288 3092 do,
1306 3054 1341 3084 ad
1363 3061 1492 3091 optatum
1508 3051 1643 3082 effedtum
1667 3052 1816 3090 perducere
1838 3051 1980 3089 dignetur:
2000 3053 2134 3091 idemque
2156 3052 2293 3090 Magister

1230 3092 1416 3132 Raymundus
1430 3092 1528 3128 vobis,
1544 3100 1577 3120 ex
1592 3091 1649 3121 hoe
1658 3113 1667 3128 ,
1676 3100 1817 3120 remanere
1832 3090 1932 3122 debeat
1947 3093 2051 3122 merito
2068 3094 2202 3129 perpetuo
2216 3090 2291 3127 obli-3

1231 3140 1324 3199 gatsss’
1342 3131 1374 3161 ὃ(
1387 3140 1439 3172 nos
1454 3130 1535 3160 vobis
1546 3137 1688 3160 teneamur
1703 3129 1738 3160 ad
1753 3138 1850 3167 grates.

1303 3177 1338 3199 at.
1351 3178 1380 3199 ut
1395 3172 1483 3206 lupra.

1442 2350 1536 2385 *Ad
1556 2355 1639 2399 Papae
1661 2353 1823 2398 Mpotem‚
1842 2362 1898 2398 pro
1923 2352 2033 2387 eodem.

1350 3245 1465 3277 Eodem
1483 3246 1573 3277 modo
1591 3245 1754 3276 mandatum
1770 3244 1809 3275 est
1826 3245 1998 3284 subscriptis,
2016 3243 2164 3284 videlicet,

1267 3326 1383 3354 Domino
1402 3314 1531 3353 Arnasdo
1549 3324 1680 3361 Tirandi,
1697 3325 1796 3361 Nepoti
1814 3324 1912 3359 Papae,

1270 3365 1386 3391 Domino
1398 3363 1539 3392 Bernardo
1554 3362 1693 3400 Jordani,
1711 3364 1824 3390 Domino
1843 3359 1960 3399 Infitlae,

1272 3402 1387 3430 Domino
1404 3403 1487 3430 Petro
1505 3402 1537 3431 de
1556 3400 1627 3438 Vid,
1645 3402 1746 3438 Nepoti
1762 3401 1853 3437 Papae.

1507 3524 1557 3559 De
1580 3515 1806 3568 Flandrenfibus
1822 3521 2014 3570 protegendis.

2315 3600 2446 3636 Amr-DA

2335 3642 2419 3681 1318.

1274 3688 1372 3723 Sciatis
1385 3688 1478 3727 quod,
1496 3687 1556 3723 &c.
1567 3694 1647 3726 prout
1658 3687 1743 3726 supra
1758 3686 1789 3714 de
1811 3693 1855 3726 13:
1872 3682 1951 3727 uſjqtte
1969 3683 2025 3712 haec
2042 3683 2145 3723 verba,
2162 3687 2224 3714 viz,
2311 3684 2364 3708 Aa.
2386 3689 2430 3707 12.

1273 3726 1449 3765 Suscepimus
1465 3729 1494 3756 in
1512 3726 1724 3756 Prote-§tionem
1745 3723 1777 3753 &
1792 3722 1993 3752 Derenlionem
2012 3721 2134 3752 nostram
2146 3746 2155 3760 ,
2181 3731 2296 3754 necnon
2312 3723 2341 3746 E.
2362 3728 2388 3745 2·
2403 3750 2407 3752 ,
2446 3747 2448 3749 ,

1236 3767 1266 3796 in
1280 3766 1384 3797 salvum
1397 3766 1429 3795 &
1443 3765 1569 3795 securum
1581 3763 1757 3794 coiidu&um
1768 3760 1911 3798 nostrum,
1929 3770 2030 3790 omnes
2045 3760 2206 3798 &singulos
2213 3761 2296 3792 Mer-
2311 3761 2369 3784 ΡΜ·
2389 3764 2431 3784 ¹2·

1237 3814 1365 3842 catores,
1380 3812 1413 3833 ac
1426 3803 1495 3833 alios
1508 3802 1543 3832 de
1558 3800 1690 3839 potestate
1702 3799 1771 3829 dieti
1784 3798 1906 3829 Comitis
1919 3800 1948 3828 in
1961 3798 2100 3829 veniendo
2112 3800 2142 3828 in
2156 3799 2295 3837 Regnum
2310 3799 2405 3831 13.2.p.
2438 3832 2440 3834 ¹

1237 3843 1383 3879 nostrum,
1402 3850 1468 3870 cum
1483 3840 1567 3870 Bonis
1579 3840 1612 3869 &
1633 3838 1832 3868 Mercimoniis
1851 3836 1918 3874 suis,
1935 3836 1980 3866 vel
2000 3837 2062 3867 alias
2082 3847 2135 3875 pro
2157 3837 2296 3874 Negotiis
2315 3842 2383 3861 ¹·m·
2400 3835 2449 3870 313

1237 3882 1289 3913 suis
1308 3878 1456 3915 faciendo,
1474 3878 1580 3907 ibidem
1601 3877 1754 3913 morando,
1773 3875 1968 3905 Mercimonia
1987 3874 2032 3905 fua
2055 3876 2248 3915 excercendo,
2266 3886 2301 3908 ac

1238 3920 1289 3950 alia
1302 3917 1433 3954 Negotia
1449 3916 1494 3946 sua
1508 3915 1718 3953 prosequendo,
1736 3923 1849 3944 necnon
1861 3913 1962 3943 exinde
1975 3913 2132 3945 redeundo:

1278 3957 1315 3987 Et
1333 3956 1399 3986 ideo
1421 3954 1505 3985 vobis
1526 3954 1690 3983 mandamus
1706 3951 1783 3991 quod
1804 3962 1904 3982 omnes
1925 3952 1958 3982 &
1981 3952 2102 3990 singulos
2125 3952 2300 3983 Mercatores

1239 3995 1391 4034 praedietos
1400 4015 1410 4031 ,
1434 4002 1469 4024 ac
1483 3991 1548 4022 alios
1563 3992 1599 4022 de
1610 3991 1744 4029 potestate
1756 3990 1876 4028 ejusdem
1890 3989 2076 4028 Comitisstn
2095 3990 2232 4028 Regnum
2247 4000 2301 4020 no-

1241 4034 1328 4066 strum
1349 4042 1385 4064 ex
1407 4030 1491 4063 causis
1515 4029 1672 4069 hujusmodi
1687 4030 1846 4098 veniergtes,
1866 4030 2082 4068 manuteneatis,
2101 4028 2307 4095 protegagiesfefiffa

1239 3604 1519 3682 REtgffmomnibus
1541 3602 1651 3642 Ballivis
1674 3611 1707 3642 &
1728 3609 1865 3639 Fidelibus
1884 3608 1933 3638 suis
1946 3629 1956 3645 ,
1979 3606 2013 3637 ad
2032 3615 2117 3646 qum,
2142 3607 2205 3638 δῖε.
2231 3606 2298 3638 salu-
