2562 4279
195 105 276 158 148

39 188 117 222 Anu.
132 187 174 218 D.
231 186 432 221 Conceffimus
445 188 563 226 eis3pro
577 185 658 216 nob-is
674 185 707 215 &
728 184 898 215 Haeredibus
911 184 1028 225 nostris,
1038 195 1089 224 per
1099 186 1148 217 has
1163 186 1269 218 nostras

63 228 147 267 1318.
194 228 325 260 Parentes
339 227 472 265 Litteras,
486 227 623 264 perpetuo
644 223 799 267 duraturas,
819 223 900 263 quod
922 224 1093 262 praedietum
1113 225 1265 264 Castrum,

40 268 110 296 Elv.
131 277 158 295 2.
194 275 240 298 aut
256 267 360 297 Villam
375 264 557 304 praedistam,
571 263 616 293 seu
637 262 740 300 aliquas
760 261 880 293 Bastidas
894 285 905 301 ,
928 262 964 294 ad
982 263 1060 295 dieta
1083 263 1215 295 Castrum
1232 265 1266 295 &

196 305 302 338 Villam
318 306 501 342 pertinentes,
519 311 566 348 per
582 300 775 345 Donationem
791 324 801 339 ,
829 300 1093 342 permutationem,
1105 304 1151 335 vel
1166 304 1268 342 quovis

196 345 252 375 alio
274 342 381 379 modo,
396 350 470 372 extra
484 348 602 370 manum
615 338 740 377 Reglam
764 349 823 370 non
844 350 999 378 ponemus:

234 381 302 412 Hoc
323 379 522 410 tantummodo
544 385 664 415 excepto
680 377 756 418 quod
779 379 935 418 praedicta,
956 378 1089 411 Castrum
1105 403 1115 419 ,
1140 380 1215 412 Villa
1232 381 1266 411 δε

198 419 329 455 Bastidae,
342 427 411 448 cum
425 417 556 448 omnibus
571 416 743 454 pertinentiis
756 416 823 456 suis,
845 427 893 455 per
908 428 976 456 nos,
996 419 1030 450 &
1054 419 1187 450 Haeredes
1200 443 1210 458 ,
1233 420 1266 451 δι’.

679 97 1477 152 CONVENTIONES,·
1532 97 1923 151 LITERAEJ

2395 259 2471 293 Ann.
2484 260 2526 299 D,

2419 301 2502 341 1318.

2396 342 2462 369 Ἐάν.
2474 350 2500 370 2.

1304 371 1511 427 MAgnifico
1524 372 1669 413 Principi,
1689 374 1823 405 Domino
1840 375 1991 415 Philippo,
2009 376 2067 408 Dei
2079 377 2189 416 gratia,
2204 376 2279 417 Regi
2296 378 2381 410 Fran-
2396 380 2450 406 An.
2484 389 2524 409 11-

1387 421 1440 442 ciae
1454 412 1488 443 ὃς
1501 412 1637 444 Navarrae
1651 413 1763 452 illustri,
1782 414 1870 445 Fratri
1883 414 1933 445 suo
1949 415 2110 457 cariffimo,
2125 417 2293 455 Edwardus,
2311 418 2381 456 ejus·
2395 419 2423 444 Ε·
2441 426 2467 445 2·

1304 282 1364 317 Ad
1379 286 1487 332 Regem
1507 285 1659 326 Francia,
1683 281 1727 320 de,
1737 288 1925 332 attemptatis
1940 287 1972 319 in
1988 286 2163 334 Aquitania
2177 287 2380 324 emendandis.

198 456 375 489 Succeffores
389 456 516 494 nostros,
530 454 644 499 nostro,
658 455 692 487 &
706 455 831 493 ipsorum
848 456 1006 487 Haeredum
1020 458 1054 489 &
1067 458 1266 489 Succefforum
1303 447 1371 478 dem
1391 451 1496 489 gfffl'fia
1515 451 1576 483 &G
1594 451 1730 492 salutem,
1755 453 1804 492 &a
1822 452 1857 484 ad
1879 462 1946 485 vota
1966 455 2103 486 succeffUS
2117 456 2263 495 prosperos
2278 457 2311 488 &
2330 457 2380 488 fae·
2395 455 2462 491 Vas‘·
2479 449 2519 486 ¹¹·-

201 496 361 527 nostrorum
377 494 578 532 Primogenms
587 517 596 532 ,
608 494 740 533 tanquam
754 494 851 525 futuris
865 494 1036 527 Haeredibus
1044 496 1136 536 Regni
1150 497 1269 534 Angliae
1300 487 1377 518 lices·

199 536 233 566 &
247 532 375 564 Ducatus
382 533 562 571 Aquitaniae,
571 533 629 563 dari
646 533 753 563 valeant
766 534 800 565 &
818 533 959 573 concedi,
976 535 1009 565 &
1025 537 1103 573 quod
1115 546 1151 566 eo
1164 534 1268 566 nichil-

198 572 312 603 ominus
331 571 457 602 Coronae
473 570 570 610 Regni
586 571 699 611 Angliae
714 571 864 610 specialiter
886 574 1038 612 conjuncta
1056 582 1217 606 remaneant
1233 573 1267 605 &

196 621 382 687 ³¹¹3?ssth
396 649 457 680 &a
628 687 630 689 ‚

275 687 363 719 Teste
383 687 467 726 Rege
482 686 556 726 apud
571 686 874 727 westmonasterium,
892 688 937 719 18.
955 689 1002 720 die
1016 688 1126 720 Martii.

365 763 534 796 Confimiles
548 764 664 796 Litteras
682 764 766 797 habet
780 764 858 797 Villa
867 765 903 797 de
919 764 1105 797 Herbefaurer

1007 846 1102 889 coblffi

201 894 260 925 Pro
283 889 403 938 Jacobo
426 891 463 925 de
485 891 604 935 BerQ‘le
629 893 845 940 Confimguineo
869 895 974 938 Regis,
1102 890 1269 926 endatoria.

170 993 176 999 ·
200 981 310 1043 PAP
320 981 361 1012 AE
380 981 444 1013 Rex
460 982 562 1012 devota
577 981 683 1020 pedum
702 981 795 1013 oscula
810 982 966 1013 beatorum.

288 1020 413 1052 Provida
430 1020 653 1058 circomspectio
666 1019 772 1058 Regiae
788 1020 963 1060 Majestatis,
979 1020 1156 1051 considerans
1171 1020 1204 1052 &
1218 1020 1272 1051 dis-

154 1073 160 1078 ·
199 1069 334 1098 cernens,
348 1068 377 1090 ut
393 1061 545 1097 convenit,
563 1060 664 1089 merita
677 1059 876 1099 personarum,
893 1060 954 1090 illos
967 1069 1027 1090 non
1043 1061 1189 1090 immerito
1205 1069 1272 1100 pro-

200 1097 275 1136 sequi
290 1107 396 1128 tenetur
410 1097 597 1136 praerogativa
615 1097 719 1128 favoris
735 1098 769 1129 &
785 1099 883 1133 gratiae
902 1098 1026 1136 specialis
1037 1121 1048 1137 ,
1074 1108 1144 1137 quos
1163 1100 1272 1138 generis

205 1137 353 1175 nobilitas,
373 1136 540 1167 Litterarum
556 1136 687 1174 scientia,
711 1146 744 1167 ac
766 1136 817 1167 alia
836 1138 971 1168 virtutum
991 1138 1024 1168 &
1040 1138 1210 1168 meritorum
1230 1138 1273 1168 in—

200 1175 288 1211 signia
301 1175 493 1212 multipliciter
505 1176 747 1205 recommendant.

239 1214 320 1244 Cum
336 1214 439 1253 igitur,
455 1212 574 1244 dileAEtus
590 1212 825 1249 Consanguineus
846 1213 942 1245 noster
957 1233 968 1253 ,
993 1212 1134 1252 Magister
1151 1214 1275 1253 Jacobus

203 1251 240 1283 de
256 1252 389 1290 Berkele,
408 1252 501 1283 Sacrae
515 1251 689 1289 Theologiae
712 1251 829 1282 Doetor
849 1253 963 1290 (quem,
982 1262 1079 1290 praeter
1099 1253 1277 1285 nobilitatem

203 1293 331 1329 generis,
351 1291 384 1322 ὅτ.
401 1291 571 1321 Litterarum
584 1290 919 1328 scientiam,multiplicia
933 1293 1067 1322 virtutum
1081 1292 1198 1329 gratiosa
1212 1303 1273 1323 me—

199 1332 253 1400 }ita
263 1329 453 1398 ‚comitfffflffl
475 1328 605 1368 quaedam
618 1328 716 1359 habeat
732 1330 849 1366 negotia
864 1330 893 1359 in
906 1329 1006 1361 vestrae
1026 1330 1188 1362 Sanffltatis
1202 1341 1276 1371 prae-

212 1377 285 1400 entia
298 1377 332 1399 ex
353 1379 368 1398 e
389 1378 429 1398 ire

244 1377 375 1438 Eundgm
397 1390 647 1443 Co’nsanguineum
669 1405 813 1445 nostrum,
832 1406 865 1436 &
885 1405 943 1443 eJ'us
962 1408 1082 1444 negotia
1102 1417 1276 1447 memorata,

201 1445 303 1477 vestrae
318 1443 487 1476 Clementiae
499 1445 584 1483 pleno
598 1444 865 1474 recommendamus
882 1444 1004 1484 affeetu,
1019 1445 1127 1477 devotis
1143 1447 1275 1485 precibus

204 1485 386 1524 supplicantes
398 1484 532 1521 ‘quatinus
554 1483 699 1521 petitiones
720 1483 801 1520 ipfius
822 1482 1036 1521 Consanguinei
1056 1484 1162 1524 nostri,
1180 1485 1278 1517 vestrae

203 1523 371 1555 Beatitudini
390 1522 463 1560 porr'
485 1521 585 1560 endas,
609 1521 642 1551 ad
666 1521 849 1552 exauditionis
867 1530 972 1559 optatae
993 1524 1129 1561 gratiam,
1153 1534 1273 1562 precum

203 1561 358 1592 nostrarum
375 1561 407 1591 &
423 1561 447 1597 ei
479 1559 544 1590 dem
558 1560 661 1598 jacobi
684 1561 851 1591 meritorum
872 1561 989 1599 intuitu,
1008 1560 1155 1594 admittere
1173 1562 1275 1601 digne-

201 1609 245 1632 tur
260 1599 347 1630 vestra
361 1600 507 1637 paternitas
521 1598 711 1630 Sacrosansta.

241 1638 395 1669 Conservet
427 1638 488 1669 &c.

277 1675 367 1708 Teste
384 1661 470 1714 Rege
488 1675 561 1715 apud
580 1675 883 1715 NVestmonasterium,
902 1685 950 1706 20.
964 1675 1010 1707 die
1026 1674 1135 1708 Martii.

201 1757 256 1764 ‚-—

209 1806 254 1841 De
275 1802 454 1841 Intendendo
471 1807 552 1836 circa
573 1802 766 1836 colleaionem
778 1805 1028 1836 Procurationum
1041 1802 1253 1838 Cardinalium
1264 1831 1275 1848 ,

623 1855 654 1884 in
678 1848 846 1900 Ibeernia.

823 1940 928 1972 Abbati
945 1941 1042 1973 Sanffi
1055 1942 1182 1973 Thomae
1196 1942 1277 1974 Mar-

49 1955 124 1987 Αῃη,
139 1951 179 1984 D.
204 1942 344 2003 REX,
362 1942 468 1973 dilecto
483 1941 531 1972 sibl
545 1942 575 1971 in
584 1940 701 1972 Christo

76 1994 161 2033 1318.
281 1984 354 2019 titis,
370 1983 445 2019 J‘uxta
461 1980 652 2017 Dubliniam,
668 1978 791 2010 salutem.

47 2037 90 2062 A„
118 2043 126 2060 1
137 2043 160 2060 1,
241 2020 283 2051 Ex
295 2021 494 2057 insinuatione,
514 2018 725 2049 venerabilium
738 2017 875 2056 Patrum,
892 2017 1108 2057 Dominorum,
1127 2018 1278 2050 Gaucelini

50 2076 78 2098 Ε,
95 2055 126 2098 ’1,
200 2060 354 2099 Johannis,
371 2057 637 2089 tituli'Santstorum
660 2055 792 2087 Marcelli
813 2058 847 2088 «Sc
868 2056 962 2095 Petri,
980 2056 1142 2096 presbiteri,
1159 2058 1193 2089 &
1218 2059 1278 2089 Lu-

45 2109 133 2146 claus.
140 2118 148 2136 1
159 2119 181 2136 1,
204 2109 264 2138 cae,
285 2099 395 2129 Sanctae
409 2096 513 2127 Mariae
526 2097 556 2127 in
570 2096 626 2127 Via
639 2095 692 2127 lata
704 2094 848 2134 Diaconi,
866 2094 1077 2135 Cardinalium‚
1103 2097 1152 2135 qui
1166 2096 1200 2129 ad
1216 2107 1278 2136 par-

46 2154 78 2177 E.
102 2157 128 2176 2,
147 2157 182 2177 m,
204 2146 245 2169 tes
262 2137 374 2175 Anglioe
385 2146 473 2174 nuper
486 2143 641 2174 venerunt,
654 2135 815 2174 accepimus
829 2134 927 2175 quod,

49 2188 76 2216 3,
246 2177 328 2208 Licet
342 2176 393 2213 ipsi
408 2176 490 2205 vobis
502 2184 592 2212 nuper
607 2197 617 2213 ,
640 2174 806 2204 auctoritate
825 2174 904 2205 Sedis
924 2172 1118 2214 Apostolicae‚
1135 2175 1174 2206 eis
1195 2184 1277 2206 com-

206 2216 301 2254 missa,
320 2213 455 2245 dedissent
470 2215 498 2244 in
513 2213 665 2250 mandatis,
684 2212 762 2250 quod
786 2212 1000 2244 Procurationes
1021 2213 1094 2253 suas,
1112 2215 1142 2245 in
1155 2215 1277 2253 partibus

205 2255 369 2291 Hiberniae,
387 2252 463 2283 certa
477 2251 572 2282 forma
586 2251 695 2288 Colligi
710 2252 742 2282 δε
757 2250 859 2282 Levari
875 2252 1019 2291 faceretis,

243 2294 304 2325 Vos
323 2301 416 2323 tamen
437 2290 541 2321 eisdem
561 2289 754 2320 Cardinalibus
768 2289 937 2327 rescripsistis
960 2291 1059 2330 quod,
1084 2291 1141 2322 fine
1164 2291 1275 2322 licentia

206 2331 318 2369 nostra,
335 2340 387 2361 vos
407 2330 592 2360 intromittere
612 2328 647 2358 de
664 2327 799 2364 Negotio
818 2328 866 2358 illo
889 2329 1041 2360 nullatenus
1061 2329 1205 2369 potuistis,
1222 2331 1275 2362 fic-

206 2380 277 2408 que,
295 2369 327 2400 eci
343 2368 508 2405 occasione,
527 2366 691 2404 Negotium
707 2365 791 2405 illud,
809 2377 868 2397 non
878 2366 982 2406 absque
991 2377 1092 2399 eorum
1106 2369 1276 2400 incommo-

205 2409 245 2439 do
255 2431 264 2447 ,
286 2408 303 2426 *Ξ
318 2406 443 2438 remansit
455 2406 588 2437 ha&enus
598 2404 813 2443 imperfetfftum:

247 2449 309 2476 Nos
324 2447 408 2483 igitur
417 2468 426 2482 ,
445 2444 574 2483 praefatos
586 2442 744 2474 Cardinales
755 2443 849 2474 favore
864 2444 1003 2480 benivolo!
1017 2444 1223 2485 prosequentes,
1244 2456 1278 2478 ac

206 2485 332 2517 nolentes
347 2485 525 2515 exaetionem
538 2482 771 2514 Procurationum
784 2480 892 2513 suarum
907 2484 1121 2524 praedictarum,
1139 2485 1280 2522 praemissa

208 2525 374 2562 occasione,
393 2522 539 2559 retardari,

243 2562 334 2593 Vobis
348 2561 512 2592 mandamns
526 2559 623 2599 quod,
641 2561 716 2591 circa
731 2558 941 2590 Collectionem
955 2561 988 2591 &
1006 2561 1193 2592 Levationem
1206 2562 1279 2593 Pro-

207 2602 387 2631 curationum
411 2599 625 2637 praedictarum,
651 2600 680 2629 in
703 2598 797 2629 forma*⁴
818 2600 898 2629 vobis
917 2599 954 2629 ab
973 2599 1076 2630 eisdem
1098 2600 1280 2640 demandata,

210 2650 278 2671 cum
299 2639 345 2669 dili
367 2638 441 2668 entifi
457 2638 611 2668 intendatis.

245 2678 334 2709 Teste
348 2648 433 2715 Rege
447 2676 519 2714 apud
534 2676 577 2706 W
579 2675 842 2715 estmonastcrium,
861 2685 908 2706 20.
923 2676 969 2706 die
985 2675 1091 2707 Mariii.

72 2399 92 2420 ὓ
110 2401 165 2428 111.

91 2448 157 2474 700.

210 2807 259 2841 De
290 2801 508 2837 Pardonan‘one
528 2828 538 2844 ‚
586 2811 655 2847 uper
689 2803 793 2833 Morte
815 2799 941 2834 hominis
963 2805 1039 2835 inter
1067 2802 1281 2836 Burdeandum

587 2849 735 2883 lethaliter
749 2850 888 2896 percusse).

54 2948 131 2980 Ann.
148 2945 189 2977 D.
211 2931 330 2997 REX
348 2937 481 2969 omnibus
498 2936 606 2967 nantis
618 2936 651 2967 ὃς
666 2935 790 2966 fidelibus
803 2935 872 2973 suis,
890 2936 924 2967 ad
940 2946 1029 2982 quos,
1045 2938 1105 2969 sec.
1120 2938 1263 2970 santerna

81 2995 112 3016 1⁶
122 2985 166 3016 18.
306 2978 402 3008 Sciatis
416 2975 494 3015 quod
506 2999 515 3013 ,
532 2976 602 3005 cum
618 2984 723 3012 nuper,
742 2984 791 3012 per
807 2974 929 3017 singulos
943 2975 1100 3007 Comitatus
1114 2977 1210 3015 Regni
1225 2989 1280 3009 no-

55 3006 114 3054 11571.³
129 3034 171 3053 u.
211 3017 275 3055 stri,
292 3016 406 3055 publice
421 3015 602 3053 proclamari,
626 3014 660 3044 &
682 3013 732 3042 sub
753 3022 832 3049 gram
855 3013 1045 3057 forisfactura,
1064 3015 1213 3047 fecerimus
1236 3016 1281 3047 fir-

56 3068 89 3091 Ε.
109 3074 134 3090 2.
213 3058 295 3088 miter
310 3055 448 3092 Inhiberi,
467 3063 503 3084 ne
518 3054 597 3091 quis,
615 3052 736 3087 Come-³,
754 3051 842 3088 Baro,
862 3052 965 3090 Miles,
981 3053 1025 3083 seu
1041 3054 1107 3085 alius
1120 3054 1226 3085 Homo
1243 3055 1279 3087 ad

56 3105 116 3130 Par.
143 3111 186 3129 ιι,
210 3097 298 3126 Arma
320 3094 495 3131 quicumque
510 3114 520 3129 ,
538 3091 608 3122 infra
630 3090 770 3127 Regnum
794 3089 921 3133 nostrum
945 3091 1107 3131 Turneare,
1129 3092 1282 3134 Burdeare,

56 3142 88 3167 ἓ..
106 3148 131 3166 2.
141 3146 167 3177 p.
204 3133 293 3175 Justas
304 3131 413 3170 facere,
433 3131 586 3161 Aventuras
600 3139 740 3172 quaerere,
756 3128 800 3158 seu
814 3128 951 3172 alra-faeta
974 3130 1130 3162 Armorum
1148 3142 1281 3165 excerce-

58 3185 131 3206 2.m.
141 3187 188 3214 25.
209 3183 240 3205 re
249 3170 446 3211 praesumeret,
464 3169 521 3199 sine
534 3168 628 3199 nostra
641 3167 756 3198 licentni
768 3167 893 3204 speciah:

249 3211 314 3247 Ac,
332 3209 397 3238 licet
411 3207 585 3239 Willielmus
600 3205 733 3244 Melksop
754 3206 786 3236 &
800 3204 972 3237 Willielmus
994 3207 1030 3238 de
1049 3207 1185 3247 Pontou,
1203 3210 1281 3248 post-

211 3248 335 3282 modum
365 3245 435 3277 ustas
448 3246 567 3277 fecerint
579 3258 592 3277 a
614 3245 651 3276 ud
660 3245 811 3275 Lutoniam
820 3266 830 3282 ,
845 3245 873 3274 in
886 3244 1031 3276 Comitatu
1045 3246 1182 3278 Bedeford
1191 3258 1282 3287 ,con-

210 3298 252 3320 tra
266 3286 326 3317 Pro
355 3286 525 3315 amationem
541 3285 574 3316 ὃ(
612 3284 798 3314 nhibitionem
820 3282 994 3321 hujusmodi,
1013 3294 1061 3321 per
1082 3295 1148 3323 quas
1183 3287 1281 3318 uidem

209 3325 298 3366 justas
310 3323 402 3355 dietus
416 3323 459 3353 W
463 3322 591 3353 illielmus
608 3321 758 3360 Melksop,
775 3321 887 3352 diffisum
902 3322 1094 3354 Willielmum
1111 3324 1148 3355 de
1189 3335 1282 3357 onton

212 3364 351 3397 interfecit
359 3373 365 3391 :

250 3404 386 3434 Volentes
398 3408 493 3432 tamen
507 3401 600 3431 eidem
613 3399 657 3429 W
659 3399 773 3430 illielmo
789 3398 940 3437 Melksop>

252 3442 299 3472 Ad
313 3439 641 3478 requifitionem,dile6ti
656 3437 867 3474 Consanguinei
882 3438 915 3468 &
934 3437 1020 3467 fidelis
1035 3437 1283 3477 nostri,Ad0mari

216 3480 253 3510 de
268 3480 394 3509 Valentia
409 3478 533 3508 Comitis
549 3477 750 3508 Pembrochiae
760 3499 770 3514 ,
788 3486 835 3513 per
848 3486 932 3516 quern
946 3475 1128 3507 intelleximus
1150 3479 1226 3516 quod
1240 3480 1284 3509 di-

215 3518 278 3548 &us
288 3516 460 3546 Willielmus
473 3516 508 3546 de
522 3517 638 3546 Ponton
653 3526 701 3556 per
716 3514 918 3553 infortunium,
936 3515 1040 3557 &tnon
1056 3525 1104 3553 per
1128 3516 1285 3554 Feloniam,

214 3564 268 3623 ‘ituit'c
278 3554 420 3586 Malitiam
434 3555 504 3585 dieti
521 3554 671 3586 willielmi
686 3552 835 3592 Melksop,
854 3561 1083 3591 praecogltatam,
1101 3563 1223 3586 mortem
1246 3556 1283 3586 iic

228 3605 243 3623 u
271 3603 355 3632 murt,

255 3632 384 3663 Gratiam
403 3635 430 3663 in
445 3635 497 3664 hac
513 3641 588 3671 parte
602 3631 693 3662 facere
705 3630 851 3669 specialem
878 3628 1093 3675 pardonavimus
1106 3629 1198 3660 eidem
1207 3631 1287 3661 Wil-

218 3669 313 3700 lielmo
329 3671 462 3710 Melksop
476 3670 734 3709 transgressionem,
750 3679 834 3709 quam
849 3653 917 3699 feeit
927 3666 1022 3705 Justas
1036 3667 1167 3698 faciendo
1185 3678 1285 3700 contra

218 3707 474 3740 Proclamationem
490 3712 522 3741 ὅ(
542 3710 746 3739 Inhibitionem
769 3708 932 3746 praedictam,
957 3708 989 3736 &
1012 3705 1126 3737 Sectam
1142 3709 1216 3744 pacis
1233 3718 1288 3738 no-
1326 3708 1454 3739 Thomae
1475 3706 1511 3736 de
1524 3706 1549 3736 la
1563 3704 1678 3743 Grave,
1695 3704 1728 3734 δε
1744 3702 1851 3742 Majori
1862 3703 1912 3734 suo
1926 3702 2056 3738 Baionae,
2072 3699 2194 3729 salutem.

219 3745 302 3784 sttae,
321 3757 383 3784 quae
396 3747 429 3777 ad
454 3758 504 3778 nos
522 3749 658 3785 pertinet,
676 3757 728 3784 pro
748 3756 843 3777 morte
866 3744 1021 3784 praedittfi,
1040 3746 1076 3774 ita
1095 3754 1191 3775 tamen
1211 3746 1288 3786 quod

2394 497 2425 520 E·
2438 502 2466 524 2·
2483 505 2519 525 m.

1327 525 1490 570 'Qaedam
1512 530 1610 570 nobis,
1627 531 1705 570 super
1727 530 1796 562 statu
1819 530 1949 563 Ducatfis
1969 531 2054 562 nostri
2074 533 2220 572 praediffi,
2245 532 2383 573 Praejudi-
2401 541 2443 562 ¹0.
2458 534 2509 564 dor.

1305 565 1404 610 cralra,
1420 567 1455 598 &
1467 567 1600 610 hactenus
1612 569 1737 601 Inaudita
1745 593 1754 608 ,
1772 571 1871 601 nostris
1884 571 1994 602 auribus
2007 571 2095 602 indies
2100 572 2277 604 inculcantur
2284 596 2295 612 ,
2303 573 2384 613 quod

1306 604 1371 635 hcet
1394 605 1557 653 immediata
1571 609 1745 647 jurisdictio,
1762 608 1798 639 de
1818 610 1953 640 omnibus
1974 610 2007 641 &
2028 609 2158 649 fingulis,
2175 611 2308 642 Subditos
2329 623 2385 644 no-

1309 643 1380 675 stros
1394 646 1525 677 Ducatus
1541 647 1670 685 praediffi
1682 649 1710 677 in
1725 647 1827 678 eodem
1842 647 1960 679 Ducatu
1974 650 2222 689 contingentibus,
2239 650 2273 681 ad
2292 651 2386 682 Mini-

1309 683 1381 714 stros
1401 684 1510 716 nostros
1532 686 1653 725 ejusdcm
1677 685 1826 726 Ducatus,
1843 689 1964 718 nomine
1984 687 2103 728 nostro,
2127 689 2282 720 exercenda
2302 692 2387 729 perti-

1307 732 1386 753 neat:

1345 761 1417 793 Nec
1438 762 1557 794 debeant
1572 762 1732 801 hujusmodi
1746 763 1781 795 ad
1795 762 1914 795 Curiam
1927 764 2052 796 vestram
2073 765 2207 805 devolvi,
2225 776 2279 798 nec
2294 765 2325 799 in
2337 778 2388 800 eo-

1309 800 1376 831 dem
1390 802 1517 840 trac'tari,
1534 802 1584 832 nisi
1601 812 1649 840 per
1661 802 1737 832 viam
1749 801 1864 841 refortiz,

1346 839 1563 871 Nichilorninus
1579 840 1746 871 Senescallus
1760 840 1866 880 vester,
1884 852 1918 872 ex
1931 850 2006 880 parte
2019 841 2126 881 vestra,
2149 843 2178 874 in
2198 842 2387 882 Petragorici-

1310 879 1378 916 nio,
1398 879 1431 909 &
1455 879 1500 909 alii
1522 879 1670 917 Ministri,
1685 879 1850 919 aliquando,
1868 888 1898 911 ut
1916 880 2052 921 afferunt,
2071 880 2122 913 sub
2141 882 2240 913 colore
2259 883 2387 916 Officio-

1309 926 1372 946 rum
1390 916 1502 948 suorum
1512 940 1522 955 ,
1540 918 1573 949 ὃς
1587 918 1619 948 al'
1643 918 1735 948 uando
1755 918 1917 951 audioritate
1931 920 2088 952 Literarurn
2102 920 2275 961 vestrarum,
2289 923 2330 953 eis
2342 922 2389 954 di,

1310 955 1472 994 redarum,
1496 956 1609 987 distum
1664 964 1776 987 ucatum
1798 957 1929 989 nostrum
1948 959 2161 998 ingrediuntur,
2177 960 2212 991 &
2233 961 2263 991 in
2285 961 2389 993 eodem
2419 987 2423 990 .

1306 993 1535 1064 ssrisdietionem
1550 994 1763 1033 immediatam,
1780 995 1816 1025 ad
1837 1005 1889 1025 nos
1910 997 1943 1027 &
1960 995 2109 1029 Ministms
2130 997 2243 1030 nostros
2260 1000 2388 1037 ejusdem

1345 1032 1442 1064 ucatfis
1455 1035 1660 1072 pertinentem,
1676 1033 1798 1073 satagunt
1811 1043 1974 1065 excercere:
2381 1034 2383 1037 ⁴

1345 1071 1461 1110 Insuper
1474 1072 1631 1104 Arnaldum
1644 1071 1757 1104 Calculi
1791 1071 1979 1104 senescallum
1993 1071 2127 1104 nostrum
2142 1073 2335 1117 Xannoniae,
2353 1078 2389 1110 ὃς

1310 1110 1417 1142 Civem
1433 1111 1560 1143 nostrum
1576 1111 1684 1143 Burdel.
1703 1095 1873 1155 (nostraeque
1894 1109 1928 1142 &
1942 1110 2145 1143 Ministrorum
2164 1112 2294 1146 Ducatfis
2317 1127 2388 1154 prae-

1311 1150 1381 1181 dieti
1399 1150 1591 1189 Jurisdiffloni
1617 1150 1780 1183 immediate
1799 1149 1970 1188 subJectum)
1997 1150 2034 1180 de
2056 1152 2199 1184 veniendo
2222 1153 2257 1184 ad
2283 1153 2388 1186 Parlia-

1314 1197 1443 1219 mentum
1460 1189 1584 1220 vestrum
1598 1188 1728 1228 parisius,
1744 1189 1780 1220 ad
1801 1189 2030 1228 prosecutionem
2049 1188 2120 1220 Eliae
2142 1191 2330 1233 Souziprada,
2346 1193 2389 1226 su-

1313 1238 1363 1266 per
1377 1227 1487 1259 diversis
1502 1227 1716 1269 responsurum,
1733 1236 1763 1259 ut
1778 1227 1986 1267 intelleximus,
2000 1229 2063 1266 jam
2078 1228 2206 1262 citirunt.

1350 1266 1415 1296 Nos
1425 1267 1526 1309 igitur,
1541 1266 1713 1298 advertentes
1725 1265 1882 1305 praemissa,
1901 1267 1920 1297 fi
1932 1266 1982 1298 sub
1997 1268 2180 1300 conniventi&
2192 1271 2387 1308 permitteren-

1314 1313 1356 1336 tur
1371 1307 1495 1344 traniire,
1514 1307 1543 1335 in
1558 1304 1646 1335 nostri
1661 1305 1877 1346 praejudicium,
1893 1306 1927 1336 &
1942 1305 2198 1339 exhaeredationem
2215 1308 2315 1340 cedere
2328 1319 2389 1341 ma-

1314 1343 1416 1374 nifeste
1452 1354 1513 1374 non
1534 1344 1707 1383 valentesque
1727 1353 1787 1374 tam
1809 1343 2031 1384 Praeiudicialia,
2058 1344 2208 1386 Injuriosa‚
2226 1347 2259 1378 &
2275 1347 2390 1387 Damp-

1315 1382 1382 1413 nosa
1400 1367 1514 1421 Nobis,
1530 1383 1563 1414 &
1585 1382 1709 1413 Subditis
1729 1381 1830 1413 nostris
1850 1382 1921 1414 dieti
1942 1382 2091 1423 Ducatus³
2107 1386 2300 1424 aequanimiter
2321 1388 2391 1419 tole-r

1313 1431 1504 1504 rar'fRegiam
1518 1460 1742 1492 benivolentiam
1758 1460 1878 1492 vestram
1894 1460 1941 1499 (de
1947 1460 2003 1501 qua
2011 1460 2095 1499 plene
2109 1461 2288 1502 confidimus)
2303 1474 2391 1502 quan-

1313 1506 1344 1529 to
1357 1509 1444 1529 cartus
1457 1500 1491 1530 ὃς
1514 1498 1692 1530 affectuosius
1713 1499 1875 1538 poffumus,
1893 1499 2094 1540 deprecamur,
2111 1503 2238 1539 quatinus
2260 1502 2296 1533 ad
2317 1513 2390 1541 ptae7

1312 1537 1393 1568 milla
1412 1538 1507 1576 (quae,
1524 1546 1623 1575 praeter
1639 1538 1843 1569 conscientiam
1859 1537 1997 1577 vestram,
2012 1538 2075 1569 fore
2086 1539 2231 1571 credimus
2249 1541 2391 1579 improvi-

1314 1576 1352 1606 de
1371 1578 1541 1614 attemptate)
1563 1577 1695 1607 intuitum
1710 1577 1840 1608 debitum
1855 1586 2069 1616 convertenteS,
2086 1578 2194 1617 velitis,
2220 1589 2272 1617 pro
2294 1580 2392 1615 Nobis

1312 1615 1347 1645 &
1362 1614 1481 1653 praefato
1496 1615 1620 1646 Arnaldo
1629 1638 1637 1653 ,
1656 1615 1692 1646 de
1707 1617 1884 1653 competenti
1896 1616 1930 1647 ὅ(
1945 1615 2049 1647 festino
2069 1616 2211 1648 Remedio
2224 1619 2393 1658 providere,

1312 1653 1346 1684 δε
1368 1654 1405 1684 ab
1427 1653 1586 1692 hujusmodi
1610 1654 1848 1694 Praejudicialibus
1862 1677 1871 1692 ‚
1897 1653 2086 1693 Dampnofis,
2104 1656 2137 1687 δὲ
2159 1655 2317 1697 Injuriofis,
2339 1668 2390 1696 per

1313 1693 1460 1730 praefatum
1474 1692 1682 1732 senescallum,
1700 1693 1733 1724 δε
1751 1693 1818 1724 alios
1839 1692 1990 1724 Ministros
2008 1693 2114 1724 vestros
2147 1695 2270 1735 prorsus,
2289 1697 2309 1726 fi
2326 1698 2387 1734 pla-

2423 1459 2443 1481 *
2465 1453 2518 1490 ni.

2442 1509 2507 1535 70¹·

1258 1759 1267 1762 ,
1313 1739 1377 1769 cet,
1394 1731 1542 1771 desistere,
1559 1732 1593 1763 δε
1614 1730 1773 1770 Proceffus,
1791 1732 1810 1762 fi
1833 1732 1882 1770 qui
1902 1742 1951 1770 per
1972 1731 2062 1771 ips05,
2079 1743 2114 1764 ve
2144 1743 2246 1765 eorum
2263 1735 2386 1775 aliquem

1312 1769 1380 1801 facti
1394 1769 1496 1800 fuerint
1511 1772 1541 1800 in
1557 1769 1718 1809 praemissis,
1734 1770 1868 1801 facientes
1880 1771 2001 1802 totaliter
2013 1781 2149 1803 revocari.

1352 1807 1424 1839 Dat.
1435 1808 1510 1847 apud
1520 1808 1666 1848 Haddele,
1683 1818 1729 1849 30.
1744 1808 1790 1840 die
1803 1808 1913 1841 Martii.

1529 1938 1579 1970 De
1594 1936 1731 1983 generali
1754 1932 1935 1969 Inhibitione
1958 1936 2181 1971 Torneamenti.

1318 2020 1399 2077 RE
1409 2019 1440 2052 X
1456 2021 1633 2053 Vicecomiti
1645 2021 1789 2053 Hereford
1801 2042 1811 2060 ‚
1825 2021 1949 2052 salutem.
2405 2028 2483 2063 Am,
2496 2031 2528 2065 D

1411 2058 1492 2090 Cum
1511 2070 1616 2099 nuper,
1633 2069 1682 2098 per
1704 2060 1744 2091 fin
1792 2070 1824 2090 os
1847 2059 2008 2101 Comitatus
2029 2057 2130 2099 Regni
2151 2057 2256 2100 nostri,
2273 2061 2389 2100 publice
2435 2057 2538 2112 13184‘

1317 2099 1506 2138 proclamari,
1521 2100 1555 2131 δε
1569 2108 1604 2130 ex
1616 2107 1692 2137 parte
1707 2109 1747 2130 no
1787 2098 1803 2129 a
1815 2098 1966 2129 fecerimus
1979 2099 2094 2130 firmiter
2109 2099 2254 2142 inhibere,
2271 2110 2308 2132 ne
2316 2102 2396 2141 quis,
2406 2115 2460 2141 An,
2477 2121 2506 2140 11

1318 2138 1521 2178 cujuscumque
1539 2137 1622 2169 stath
1642 2137 1687 2169 seu
1709 2137 1884 2169 conditionis
1901 2137 2044 2177 existeret,
2060 2138 2112 2169 sub
2131 2137 2307 2171 forisfaciturzi
2328 2150 2394 2172 om-
2408 2156 2439 2181 E.
2458 2161 2485 2181 2·
2512 2134 2523 2152 ²
2540 2148 2541 2151 ’

1318 2179 1400 2209 nium
1438 2188 1483 2209 uae
1500 2178 1583 2209 nobis
1596 2177 1757 2208 forisfacere
1770 2176 1881 2215 posset,
1897 2176 2061 2215 Turneare‚
2077 2177 2231 2217 Burdeare,
2246 2177 2338 2217 Justas
2350 2179 2392 2211 fa·
2407 2191 2495 2230 clus

1317 2226 1400 2256 cere,
1417 2188 1574 2249 Rventuras
1592 2225 1734 2255 quaerere,
1751 2223 1799 2246 aut
1821 2213 1962 2259 alia-facta
1985 2215 2144 2246 Armorum
2166 2216 2271 2247 alicubi
2283 2238 2294 2255 ,
2320 2218 2392 2249 infra
2410 2240 2453 2258 11,
2471 2235 2502 2260 Ε
2511 2232 2539 2260 ,1

1316 2255 1454 2293 Regnum
1468 2255 1615 2294 nostrum,
1633 2255 1683 2285 nisi
1705 2264 1757 2292 pro
1769 2253 1948 2291 expeditione
1959 2251 2079 2284 Guerrae
2088 2253 2194 2286 nostrae
2206 2254 2332 2296 Scotiae,
2347 2266 2396 2289 ex-
2407 2279 2435 2300 n,
2458 2269 2475 2298 3
2493 2269 2519 2301 δ,
2533 2262 2538 2268 ’

1315 2304 1431 2326 cercere
1446 2293 1642 2334 praesumeret,
1656 2294 1713 2324 sine
1728 2291 1821 2323 nostra
1837 2291 1964 2323 Licentia
1977 2291 2101 2330 speciali:
2438 2293 2444 2300 ‘
2478 2291 2492 2310 ‘-
2518 2302 2522 2307 ¹

1355 2332 1392 2363 Et
1413 2332 1512 2371 quod,
1528 2333 1549 2363 fi
1569 2333 1637 2372 qui,
1654 2330 1718 2370 post
1739 2330 1997 2362 Proclamationem
2020 2331 2055 2362 ὅ(
2074 2330 2281 2365 Inhibitionem
2299 2333 2395 2373 hujus-

1319 2371 1420 2410 modi,
1436 2372 1545 2402 inventi
1563 2371 1653 2416 effent
1674 2372 1704 2401 in
1718 2369 1774 2414 hac
1792 2378 1868 2414 parte
1879 2368 2100 2410 Delinquentes,
2116 2378 2185 2403 tunc
2200 2371 2332 2411 Corpora
2343 2382 2397 2411 effi

1317 2409 1588 2493 runstzsc'uxrssglqttgss
1599 2408 1789 2487 agelint-ilaerrfggtuas
1801 2407 2234 2494 seriffffigrrgnsiiajesstfqss‘ngpum
2246 2449 2398 2494 nostrum}

1319 2487 1368 2518 nlfi
1391 2498 1426 2519 ex
1447 2486 1530 2520 causa
1542 2487 1696 2527 praedidffi,
1714 2485 1932 2525 quomodohbet
1946 2494 2107 2524 excercerl,
2124 2487 2177 2517 tibi
2192 2486 2394 2529 Praecipimus,

1320 2526 1437 2558 firmiter
1448 2526 1653 2566 Injungentes,
1668 2525 1748 2564 quod
1764 2524 1876 2562 statim,
1892 2523 1955 2567 vifis
1970 2524 2164 2564 praesentibus,
2180 2526 2211 2556 in
2225 2526 2338 2565 singulis
2349 2526 2395 2558 lo-

1320 2567 1379 2604 cis,
1397 2567 1427 2596 in
1449 2565 1557 2597 Baniva
1575 2565 1643 2604 tua,
1662 2566 1711 2595 ubi
1731 2563 1860 2601 expedire
1879 2561 1982 2593 videris
1994 2585 2005 2602 ,
2023 2563 2140 2602 publice
2174 2564 2341 2605 roclamari,
2357 2566 2393 2598 &

1318 2614 1353 2636 ex
1375 2612 1453 2642 parte
1474 2604 1570 2636 nostra
1581 2604 1696 2634 firmiter
1715 2601 1798 2633 facias
1819 2601 1957 2640 inhiberi,
1974 2611 2013 2632 ne
2029 2603 2114 2645 quis,
2169 2612 2251 2634 ornes
2264 2627 2274 2642 ,
2300 2603 2393 2644 Baro,

1320 2643 1409 2674 Miles
1423 2667 1434 2682 ,
1451 2642 1496 2674 seu
1517 2642 1608 2682 quivis
1628 2642 1695 2674 alius
1712 2640 1820 2671 Homo
1839 2639 1874 2670 ad
1896 2639 2001 2677 Arma,
2019 2641 2222 2680 cujuicumque
2243 2641 2326 2674 stath
2345 2652 2393 2675 aut

1320 2682 1494 2714 conditionis
1514 2680 1626 2719 existat,
1645 2680 1697 2711 sub
1718 2678 1894 2710 forisfiiGOErfi
1914 2677 2070 2717 praedicta,
2087 2679 2208 2718 alicubi,
2225 2681 2298 2712 infra
2313 2681 2393 2722 Reg-

1318 2731 1389 2752 num
1403 2720 1531 2751 nostrum
1546 2743 1556 2760 ,
1574 2719 1737 2757 Tumeare,
1751 2717 1904 2755 Burdeare,
1914 2716 2002 2756 justas
2015 2717 2124 2757 facere,
2145 2719 2299 2751 Aventuras
2315 2730 2395 2758 quaea

1320 2770 1399 2829 rerg,
1417 2759 1462 2829 ssu
1484 2760 1575 2830 alailqua
1588 2758 1663 2790 faeta
1676 2759 1833 2790 Armorum
1847 2764 1996 2787 excercere
2009 2755 2174 2796 praesumat,
2191 2758 2248 2789 sine
2263 2758 2395 2792 Licentia

1320 2809 1360 2830 ΠΟ
1385 2810 1413 2829 ra
1456 2808 1501 2829 ecl
1545 2809 1551 2828 ἰ

1357 2837 1396 2869 Et
1419 2808 1533 2878 fipquos
1548 2861 1558 2877 ,
1575 2836 1639 2876 post
1661 2834 1918 2867 Proclaman'onem
1936 2833 1970 2865 &
1991 2828 2194 2865 Inhibitionem
2215 2835 2396 2875 huhstnodi,

1320 2879 1460 2910 inveneris
1472 2880 1502 2909 in
1513 2878 1568 2908 hac
1584 2884 1660 2915 parte
1673 2874 1888 2912 Delinquentes,
1905 2881 1974 2903 tunc
1987 2882 2051 2911 eos,
2068 2883 2226 2910 percorum
2272 2883 2391 2912 orpora,

1321 2927 1375 2947 una
1397 2928 1466 2949 cum
1488 2916 1591 2955 Equis,
1610 2915 1724 2952 Armis,
1739 2913 1773 2944 &
1794 2911 1951 2950 Hemefiis,
1969 2920 2004 2942 ac
2024 2913 2157 2942 omnibus
2176 2912 2236 2942 aliis
2255 2911 2342 2942 Bonis
2354 2912 2390 2943 δε

1322 2954 1437 2988 Catallis
1457 2954 1524 2995 suis,
1541 2955 1731 2992 ubicumque,
1748 2951 1783 2983 &
1801 2952 1832 2981 in
1847 2959 2092 2989 quorumcumque
2105 2951 2246 2989 manibus,
2263 2951 2293 2980 in
2310 2949 2392 2980 Balli-

1320 2995 1358 3028 νεὶ
1371 2996 1434 3034 tua,
1454 2994 1575 3026 inveniri
1594 2992 1764 3029 contigerit,
1781 2988 1897 3028 arestes,
1915 2989 1949 3020 ὅ(
1969 2987 2020 3019 sub
2034 2988 2124 3020 aresto
2140 2988 2299 3031 hujusmodi
2313 2988 2392 3020 salvo

1321 3034 1459 3066 custodias
1493 3033 1588 3064 donec
1603 3030 1677 3062 aliud
1691 3041 1707 3061 a
1717 3030 1800 3060 nobis
1814 3028 1880 3058 inde
1892 3028 2021 3058 habueris
2034 3028 2065 3057 in
2080 3025 2232 3066 mandatis,
2249 3026 2393 3067 affutnpto

1318 3074 1354 3106 ad
1369 3074 1441 3111 hoc,
1459 3057 1478 3103 si
1493 3070 1606 3103 neceffe
1618 3069 1719 3108 fuerit,
1736 3065 1814 3107 poffe
1824 3064 1987 3097 Comitatus
2001 3065 2050 3096 tui.
2075 3104 2082 3110 θ

1359 3111 1397 3143 Et
1416 3112 1453 3143 de
1476 3110 1641 3142 nominibus
1653 3108 1785 3145 illorum,
1804 3115 1874 3144 quos
1888 3104 1926 3135 fic
1938 3102 2110 3142 arestaverrs,
2126 3112 2160 3134 ac
2174 3103 2210 3134 de
2223 3102 2319 3135 valore
2333 3103 2391 3135 Βο-

1320 3161 1425 3182 norum
1439 3151 1472 3182 &
1488 3149 1663 3181 Catallorum
1672 3145 1813 3184 ipsorum,
1832 3143 1870 3173 fic
1883 3140 2092 3173 arestandorum
2100 3165 2112 3181 ,
2127 3142 2212 3173 nobis
2225 3142 2296 3174 scire
2308 3142 2393 3175 facias

1316 3189 1498 3258 mclffiiiinur
1512 3233 1605 3256 autem
1619 3222 1717 3262 quod,
1733 3221 1812 3259 super
1820 3220 1984 3251 executione
2000 3219 2124 3251 mandati
2134 3218 2239 3258 nostn',
2255 3220 2307 3251 tibi
2319 3220 2394 3259 prius

1321 3267 1389 3298 inde
1403 3265 1523 3302 dircen,
1541 3273 1593 3294 nos
1606 3261 1739 3293 haetenus
1753 3261 1901 3290 certiorare
1913 3258 2049 3303 distulisti.

1357 3303 1447 3335 Teste
1460 3302 1546 3340 Rege
1559 3301 1633 3342 apud
1648 3297 1808 3337 Mortelak,
1826 3307 1854 3337 7.
1866 3298 1913 3328 die
1928 3297 2041 3335 Aprihs.

1360 3380 1473 3412 Eodem
1485 3379 1574 3411 modo
1587 3377 1749 3409 mandatum
1763 3375 1806 3407 est
1818 3374 1932 3414 singulis
1943 3373 2174 3406 vicecomitibus
2183 3382 2234 3413 per
2245 3372 2392 3411 Angliam,

1398 3546 1447 3579 De
1465 3539 1666 3589 Sufferentia‚
1691 3545 1769 3575 inter
1788 3543 1877 3574 Cives
1898 3541 2011 3573 Baionae
2023 3564 2033 3581 ‚
2057 3542 2094 3578 (fr
2113 3537 2318 3571 Normannos.

1331 3628 1453 3684 REX
1466 3652 1476 3669 ,
1491 3628 1599 3660 dileftis
1619 3627 1653 3659 &
1674 3625 1800 3671 fidelibus
1821 3625 1873 3657 suis
1887 3648 1898 3665 ,
1916 3625 2047 3657 Antonio
2065 3621 2214 3660 Peffaigne
2235 3621 2271 3652 de
2285 3621 2395 3666 Janufi,
2408 3628 2485 3661 Arm,
2496 3623 2535 3658 D:

1407 3667 1563 3699 senescallo
1581 3666 1631 3697 suo
1652 3665 1799 3696 Vasconiae
1813 3688 1823 3704 ,
1849 3664 2000 3697 Amaneno
2022 3661 2059 3692 de
2079 3659 2193 3692 Foffito
2205 3683 2217 3697 ‚
2249 3659 2395 3699 Magistro
2427 3666 2512 3707 1318-

1366 3746 1465 3776 Sciatis
1486 3744 1583 3782 quod,
1601 3743 1672 3773 cum
1690 3751 1724 3772 ex
1742 3741 1967 3773 Diffensronibus
1978 3763 1989 3778 ,
2007 3741 2096 3776 inter,
2110 3736 2228 3768 dilectos
2247 3736 2281 3767 &
2301 3737 2394 3769 fideles
2405 3711 2521 3773 {mmm

221 3784 275 3815 stet
296 3784 393 3815 Recte>
412 3786 441 3815 in
457 3786 542 3816 Curia
561 3785 675 3823 nostrii,
692 3785 712 3815 fi
733 3787 793 3823 quis
812 3786 904 3816 versus
925 3793 992 3815 eum
1015 3782 1094 3821 loqui
1112 3784 1232 3817 voluerit
1251 3785 1288 3816 de
1329 3784 1454 3821 nostros,
1470 3783 1633 3821 Majorem,
1648 3781 1774 3820 juratos,
1791 3780 1878 3812 Cives
1889 3780 1922 3811 &
1936 3777 2182 3808 Communitatem
2194 3774 2324 3807 Civitatis
2336 3786 2391 3807 no-
2404 3783 2473 3822 Vasc.
2486 3781 2527 3809 1¹3

222 3831 315 3854 morte
330 3822 493 3859 supradicta.

260 3860 293 3891 In
314 3862 407 3899 cujus,
429 3862 489 3891 &c.

258 3897 349 3932 Teste
361 3899 445 3937 Rege
457 3900 529 3937 apud
542 3899 844 3938 Westmonasterium,
862 3910 909 3929 20.
922 3899 967 3929 die
983 3899 1091 3930 Martii.

387 3981 440 4010 Per
453 3978 534 4019 ipficm
550 3982 645 4018 Regem
659 3982 817 4011 Ntmae‘ante
831 3980 873 4010 W
872 3978 979 4009 illielma
992 3981 1027 4010 de
1040 3983 1140 4011 Atlante
1156 3978 1257 4009 Acuto.

1329 3822 1391 3853 strae
1412 3821 1524 3852 Baionae
1546 3830 1580 3852 ex
1603 3829 1678 3858 parte
1697 3820 1769 3859 una,
1788 3821 1822 3851 &
1843 3818 2030 3850 Normannoe
2048 3823 2083 3845 ex
2102 3813 2185 3845 altera
2244 3813 2390 3853 suscitatis,
2407 3825 2437 3850 E.
2457 3830 2484 3848 2.

1329 3860 1483 3898 Dampna,
1499 3860 1533 3890 &
1556 3858 1696 3897 Pericula,
1712 3869 1746 3890 ac
1773 3857 1852 3902 Mala
1873 3854 2075 3895 quamplurima
2087 3862 2172 3895 ‚per
2180 3838 2301 3897 ”ferram
2319 3876 2330 3891 ,
2353 3854 2388 3885 δί
2405 3869 2442 3891 m.
2462 3867 2504 3886 m.

1329 3910 1378 3938 per
1392 3898 1491 3936 Mare,
1509 3898 1653 3928 evenerint
1674 3897 1742 3929 hinc
1762 3897 1796 3928 &
1812 3895 1895 3933 inde,
1911 3894 1944 3924 &
1958 3892 2044 3936 multa
2058 3900 2170 3935 majora¹
2178 3890 2278 3936 exinde
2294 3891 2396 3936 formi-

1329 3939 1426 3969 denter
1444 3938 1575 3975 evenire,
1592 3937 1641 3968 nili
1663 3933 1822 3975 hujufinodi
1843 3932 1984 3970 Dampms
2005 3930 2039 3962 &
2054 3928 2185 3961 Pericuhs
2200 3939 2282 3962 citius
2295 3931 2398 3963 obvie-

1329 3986 1437 4046 turNos
1450 4038 1460 4053 ,
1490 4022 1619 4046 mutuam
1648 4012 1895 4044 Communionem
1920 4007 2063 4041 dierorum
2086 4005 2270 4041 subditorum
2287 4007 2403 4078 norigrgss

2387 4068 2400 4084 2
