2562 4279
15 828 89 862 Ann.
100 828 140 859 D.

35 877 118 909 1337·

11 912 63 936 An.
84 917 125 934 11.

9 968 126 1012 ,4ιί9711311.

13 1030 56 1052 11⁴
74 1027 101 1050 E.
114 1029 140 1060 3.

7 1901 83 1933 Ann.
93 1901 136 1933 D.

5 1950 120 2008 &³312

1 2027 106 2086 zbidffsn.

7 2903 24 2919 ⁶
41 2903 95 2931 IV.

739 206 846 245 ET
933 204 1198 244 ACTA

15 294 90 325 Ann.
105 288 146 319 D.
199 288 254 327 Et,
273 289 293 320 si
318 288 404 319 Meis.
424 289 460 320 de
483 290 607 331 Haynun
628 291 704 320 avoir
727 300 781 320 euz
802 291 884 320 ascun
899 298 990 328 temps
1003 290 1040 320 le:
1059 288 1155 318 Milies
1172 287 1227 316 Ar-

14 339 88 398 Εῗλέξ
96 336 126 404 73.
161 368 194 398 &
209 377 261 404 pur
277 367 315 396 les
331 368 411 396 altres
426 366 521 397 Milies
534 367 680 397 Hommes
695 367 824 397 d'Armes
841 367 906 396 aussi
924 367 1029 400 (selonc
1044 367 1069 395 lc
1091 365 1224 398 Trainet)

162 337 255 358 mures
276 328 312 357 (16
334 329 406 365 secr,
426 339 481 365 que
503 330 528 359 le
547 330 602 359 Roi
626 329 722 358 nostre
745 329 883 365 Seigneur
899 330 959 359 doit
973 329 1088 358 sustenir
1103 337 1139 356 un
1162 326 1225 361 An,

161 406 255 437 chelui
277 414 368 442 temps
389 405 457 434 serra
476 406 609 442 rebatuz,
634 416 668 435 au
688 405 805 435 Counte
825 404 860 434 de
883 404 1026 440 Zeeland,
1053 402 1098 446 del
1118 412 1151 431 311
1168 412 1225 438 que

161 443 257 474 nostre
273 443 313 473 dit
327 444 459 481 Seigneur
472 443 498 473 le
513 443 572 473 Roi
588 444 684 474 devoit
699 444 766 473 faire
780 443 818 472 les
831 442 946 480 despens
960 442 1008 471 des
1023 441 1119 470 Milles
1126 440 1225 483 Hom-

162 492 223 513 ines
238 482 388 519 d'Armes,
403 492 443 511 ou
458 482 494 512 de
507 482 579 512 deux
594 481 707 519 Milies,
727 481 783 511 ensi
798 482 845 518 qui
859 482 884 510 le
901 481 1042 510 Traitietz
1058 488 1186 508 contient
1197 501 1206 516 ,

200 520 254 550 Par
272 521 296 550 le
308 520 536 559 Tesmoignance
550 520 586 550 de
600 519 688 550 cestes
703 520 796 549 lettres
810 518 926 548 enseales
939 517 975 547 de
988 527 1040 546 nos
1055 517 1136 547 86313.

200 558 282 590 Dori.
301 569 316 589 a
338 557 457 589 Valenc.
475 558 502 588 le
523 567 565 597 24
584 559 651 597 jour
671 558 710 588 du
731 557 811 588 Mois
832 557 868 586 de
883 556 971 594 May,
989 555 1055 585 l'An
1072 556 1108 586 de
1131 554 1226 585 Gracc

165 606 251 637 1337·

423 735 483 766 Pro
497 729 611 775 Adolfo
635 730 747 763 comite
761 726 797 761 de
819 727 956 762 Marlia.

162 818 277 877 REX
294 816 460 856 Universis,
475 817 535 848 &c.
553 813 685 845 Salutem.

254 857 383 890 Noverit
398 853 572 887 Universitas
584 851 675 882 vestra
692 851 769 890 qu‘od
786 851 870 891 Nos,

198 895 324 927 Ratione
346 893 493 926 Fidelitatis
513 892 546 921 &
566 890 723 929 Homagii,
742 891 824 921 nobis
848 902 915 929 per,
941 890 1085 921 Nobilem
1110 891 1144 922 &
1165 889 1225 921 Po-

163 942 270 965 tentem
285 934 404 972 Virum,
422 930 589 962 Dominum
605 929 761 968 Adolfum,
781 929 930 960 Comitem
945 929 980 959 de
994 929 1096 960 Marlia
1118 929 1225 967 praesti-

196 983 226 1003 ru

162 982 363 1050 toEtrrin’ropter
377 1007 543 1044 Auxilium,
560 1006 641 1037 nobis
661 1006 830 1044 promissum
854 1016 903 1043 per
926 1006 1034 1036 dietum
1058 1005 1223 1036 Dominum

163 1047 330 1086 Comitem,
349 1046 509 1078 faciendum
523 1056 592 1075 cum
607 1045 736 1076 Centum
752 1043 827 1075 Viris
842 1045 965 1075 Armatis
982 1047 1015 1076 &
1031 1044 1127 1075 Galeis
1149 1055 1223 1082 prae-

160 1089 277 1127 paratis,
293 1086 339 1117 seu
353 1086 476 1124 majore,
494 1085 539 1114 vel
555 1085 667 1114 minore
679 1093 800 1114 numero
810 1106 818 1120 ,
834 1083 867 1113 ad
881 1083 1067 1127 Voluntatem
1081 1082 1224 1127 nostram,

157 1128 193 1158 &
208 1125 367 1157 Haeredum
382 1123 566 1160 nostrorum,
584 1122 740 1153 secundum
764 1120 980 1153 Continentiam
1005 1121 1162 1151 Literarum
1180 1131 1223 1158 ip-

157 1166 211 1196 fius
226 1162 351 1195 Domini
362 1162 504 1199 Comitis,
524 1171 590 1198 quas
603 1161 653 1191 sub
667 1160 767 1197 Sigillo
781 1161 848 1198 suo,
865 1160 899 1191 &
915 1160 1029 1199 Sigillo,
1049 1159 1168 1190 Nobilis
1189 1160 1223 1190 &

158 1202 288 1234 Potentis
300 1202 379 1239 Viri,
400 1200 525 1231 Domini
539 1199 662 1230 Comitis
678 1198 838 1229 Gelerensis
873 1199 1034 1235 optinemus
1048 1198 1179 1242 signatas,
1199 1237 1204 1241 Π

197 1240 341 1272 Dabimus
353 1240 387 1271 ὃ(
402 1239 541 1270 solvemus
556 1238 671 1276 praefato
688 1237 822 1268 Domino
865 1237 949 1267 omiti
967 1236 1003 1266 de
1025 1236 1128 1266 Marlia
1148 1236 1222 1280 Tria

157 1277 243 1310 Milia
261 1279 468 1316 Florenorum,
487 1276 645 1308 Parvorum
664 1276 700 1306 de
720 1274 882 1312 Florentia,
901 1276 930 1305 in
953 1274 1037 1305 Festo
1058 1273 1223 1319 Nativitatis

157 1317 256 1351 8311611
273 1318 410 1357 johannis
425 1315 569 1353 Baptistae,
587 1315 722 1352 proximo
735 1323 812 1344 nunc
829 1313 941 1350 futuro,
958 1313 1032 1351 apud
1048 1313 1222 1357 Lovoniam.

196 1356 332 1387 Praeterea
343 1355 431 1393 Nos,
448 1355 482 1386 &
495 1353 632 1384 Haeredes
645 1353 750 1390 nostri,
769 1352 899 1390 quotiens
913 1352 947 1382 &
973 1351 1087 1390 quando
1110 1351 1222 1382 (1ιᾶ11111

159 1394 311 1426 Comitem
323 1395 360 1425 de
375 1392 493 1429 Marlia,
510 1400 556 1423 aut
577 1391 653 1430 suos,
673 1392 702 1420 in
721 1390 844 1421 Servitio
865 1389 981 1428 nostro,
1000 1391 1028 1420 in
1049 1390 1161 1429 Armis,
1177 1391 1224 1434 vel

157 1443 252 1471 eirtra,
271 1433 342 1464 stare
363 1430 528 1470 contigerit,
543 1429 635 1460 eidem
657 1429 770 1459 Comiti
792 1427 922 1467 Marliae,
941 1428 974 1458 &
995 1428 1062 1467 suis,
1088 1429 1150 1472 talia
1167 1428 1224 1459 Sti-

157 1472 276 1511 pendia,
294 1471 381 1510 qualia
396 1471 434 1500 sui
449 1468 608 1499 consimiles
621 1478 636 1497 a
651 1468 734 1498 nobis
748 1467 899 1505 recipient,
918 1467 1068 1499 ministrari
1079 1468 1225 1506 faciemus,

157 1510 255 1541 fraude
269 1512 302 1542 &
316 1510 385 1541 dolo
399 1507 514 1538 exclusis
526 1506 635 1545 penitus
651 1507 679 1536 in
694 1504 851 1544 praemiffis.

234 1548 267 1579 In
281 1550 359 1579 cu'us
392 1548 453 1577 &c.

199 1586 268 1617 Dat.
283 1559 356 1626 apiid
367 1571 520 1622 'Ebomm‚
538 1583 674 1614 vicesimo
691 1591 790 1621 quarto
810 1582 856 1613 die
880 1582 970 1620 Maii,
987 1581 1076 1612 Anno
1097 1582 1223 1626 Domini

159 1624 326 1665 Milefimo,
343 1623 576 1661 Trecentesimo,
592 1622 755 1653 Tricesimo
769 1621 904 1660 septimo,
922 1621 1019 1661 Regni
1037 1623 1110 1653 vero
1133 1620 1224 1651 nostri

161 1663 324 1694 undecimo.

464 1799 522 1830 Pro
539 1797 671 1829 Henrico
689 1794 725 1827 de
747 1792 914 1829 Gemenith.

158 1886 274 1944 REX
285 1884 452 1923 Univerfls‚
470 1885 530 1916 &c.
546 1884 682 1915 Salutem.
813 1919 816 1920 ⁷

250 1923 381 1955 Noverit
394 1921 570 1953 Universitas
586 1923 675 1953 vestra
691 1923 771 1961 quod
786 1922 869 1960 Nos,

194 1961 322 1994 Ratione
340 1960 441 1991 Homa
463 1962 480 1991 ii
504 1962 536 1991 &
563 1961 732 1999 Fidelitatis,
750 1963 849 2000 nobis,
869 1970 916 1998 per
938 1960 1080 1994 Nobilem
1106 1963 1139 1994 &
1162 1961 1222 1994 Po-

157 2008 266 2033 tentem
287 2001 390 2032 Virum
405 2023 415 2039 ,
440 1970 604 2030 Dominum
624 1999 787 2031 Henricum
811 2000 846 2031 de
866 2000 1025 2032 Gemenith
1040 2025 1049 2040 ,
1076 2001 1222 2041 Militem,

156 2040 368 2078 praestitorum,

194 2077 233 2108 Et
252 2085 367 2115 propter
387 2075 550 2113 Auxilium,
569 2076 651 2106 nobis
670 2076 838 2114 promiffum
859 2087 907 2114 per
927 2077 1038 2108 dietum
1057 2078 1221 2110 Dominum

155 2115 338 2152 Henricum,
360 2114 521 2144 faciendum
541 2114 696 2145 secundum
716 2114 934 2146 Continentiam
959 2116 1118 2148 Literarum
1140 2119 1222 2156 iplius

155 2153 286 2186 Domini
298 2152 434 2189 Henrici‚
452 2162 518 2189 quas
530 2152 579 2182 sub
593 2153 691 2192 Sigillo
707 2154 755 2184 suo
768 2155 928 2191 optinemus
943 2155 1073 2194 signatas,

193 2191 337 2222 Dabimus
352 2191 385 2222 &
399 2190 540 2221 solvemus
553 2190 644 2221 eidem
662 2191 796 2222 Domino
811 2192 1138 2231 Henrico,Trescentos
1154 2195 1221 2226 Flo-

156 2240 242 2262 renos
257 2231 382 2267 Aureos,
401 2240 503 2267 parvos
518 2228 554 2258 de
568 2229 725 2268 Florentii,
743 2240 848 2268 unam,
867 2231 1018 2270 videlicet,
1036 2232 1221 2264 Medietatem

157 2270 189 2300 in
212 2269 297 2300 Festo
321 2267 484 2298 Nativitatis
505 2267 600 2298 8311611
617 2268 754 2307 johannis
770 2268 915 2308 Baptistae,
932 2270 966 2300 &
980 2270 1063 2301 aliam
1079 2271 1222 2303 Medieta-

156 2316 219 2339 tem
234 2308 264 2337 in
279 2306 364 2337 Festo
378 2305 472 2336 8311611
487 2305 613 2345 Remigii
624 2306 727 2337 deinde
741 2307 924 2345 subsequenti.

196 2345 354 2383 Praeterea,
372 2344 440 2375 Nos
455 2345 487 2375 &
503 2343 638 2375 Haeredes
662 2345 769 2383 nostri,
785 2347 902 2384 praefato
923 2345 1072 2386 Henrico,
1091 2350 1222 2386 quotiens

156 2383 251 2421 ipsum
268 2385 298 2413 in
311 2383 434 2413 Servitio
448 2382 547 2413 nostro
561 2382 631 2413 stare
646 2385 815 2423 contigerit,
832 2385 861 2414 in
883 2385 1032 2422 Stipendiis
1051 2387 1085 2418 ὃ(
1108 2387 1221 2428 Vadiis,

155 2431 243 2460 prout
256 2422 315 2451 aliis
328 2421 536 2459 stipendiariis,
553 2421 603 2452 sibi
617 2422 827 2460 confimilibus,
845 2422 1070 2464 administratur,
1084 2426 1222 2458 ministra-

156 2460 183 2491 ri
197 2459 350 2497 faciemus,
367 2458 463 2490 fraude
476 2460 509 2490 &
524 2459 593 2491 dolo
606 2461 717 2498 penitus
730 2461 855 2492 exclusis.

194 2497 230 2530 ln
244 2498 321 2536 cujus
330 2520 340 2535 ,
357 2498 420 2528 &c.

231 2535 301 2567 Dat.
318 2535 393 2573 apud
407 2535 554 2574 liborum,
573 2537 711 2568 vicesimo
723 2546 824 2577 quarto
838 2538 884 2570 die
897 2538 980 2570 Maii.

194 2611 366 2644 Confirniles
387 2611 493 2643 Literas
514 2612 618 2644 habent
635 2614 781 2683 ’gib-scritpti
802 2616 838 2647 de
863 2615 978 2648 summis
999 2617 1173 2657 subscriptis3

611 2663 641 2684 vi
662 2663 731 2683 eice
751 2676 761 2692 ,

194 2731 326 2758 Dominus
343 2727 470 2767 Ernestus
483 2729 516 2758 de
529 2728 727 2770 Mulenarken,
745 2731 776 2760 de
792 2730 939 2770 Treficntis
953 2731 1081 2763 Florenis.

197 2769 241 2797 W
238 2767 355 2797 mandas
369 2767 399 2796 de
410 2767 663 2807 Dunzenchoyven,
679 2770 710 2799 de
723 2769 943 2809 Quadringentis
954 2770 1082 2801 Florems.

159 2898 188 2925 'K‘
212 2900 261 2932 De
289 2900 425 2932 Licentia
446 2898 562 2932 emendi
578 2902 698 2943 Lanas,
723 2901 759 2934 de
771 2903 899 2948 speciale
909 2909 1036 2951 gratia,
1061 2907 1221 2939 Mercato-

1284 201 1751 254 PUBLICA.
2257 223 2337 265 169

1264 286 1373 325 laisnes,
1392 289 1425 318 &c
1439 301 1477 331 Qu
1492 292 1509 321 il
1524 293 1572 337 esp
1582 295 1688 326 ordene
1703 299 1739 328 de
1754 298 1868 330 vendre
1882 301 1915 331 ὃ(
1931 300 2053 331 Achatre
2068 301 2151 332 131063
2165 311 2199 332 en
2224 301 2330 341 Engle-
2352 300 2424 331 Anii.
2437 298 2478 332 D.

1264 333 1354 363 tetre,
1374 326 1511 359 6113161106
1538 331 1626 370 ville,
1643 344 1700 365 tant
1722 337 1758 366 de
1780 338 1886 376 Laine,
1905 340 1937 369 ὅ(
1959 350 2017 369 nori
2041 340 2118 377 plus,
2138 350 2256 371 comme
2277 341 2329 371 elle
2375 350 2459 379 1337.

1738 377 1785 412 qui
1808 376 1853 405 An
1875 378 1907 407 δε
1927 379 1993 415 jour
2017 387 2034 417 y
2056 380 2170 409 avolent
2191 379 2327 417 demore,
2348 381 2411 407 Edu.
2436 390 2461 416 3³

1264 372 1311 391 ein
1332 374 1412 400 porra
1433 377 1479 402 par
1502 368 1539 398 ses
1557 370 1711 410 Ouvriers,

1265 409 1366 431 mettre
1379 412 1413 432 60
1427 414 1508 434 oeure
1521 408 1553 436 ὃ(
1570 412 1644 447 uler,
1664 421 1699 440 en
1714 411 1826 448 l'espace
1843 414 1879 443 de
1892 414 1968 445 demi
1985 415 2048 454 An,
2066 417 2132 447 sanz
2145 417 2201 446 mal
2215 418 2327 455 enoieii,

1264 448 1372 483 6011311(
1386 442 1419 471 ὃ(
1432 444 1623 486 6001606030(
1638 459 1652 477 3
1666 449 1691 478 13
1711 449 1843 482 Nativite
1857 452 1892 482 de
1906 453 1929 482 13
1945 453 2025 484 Feste
2044 454 2123 485 Seint
2141 455 2236 494 Johan
2252 442 2327 494 ‘bap‘-

1264 477 1320 507 tisti
1330 501 1337 514 ,
1357 481 1588 521 prochainement
1604 495 1707 516 venant
1717 511 1725 524 ,
1744 498 1792 525 par
1808 490 1862 520 tele
1876 492 2049 530 condicion,

1304 516 1382 556 (Qu,
1401 518 1436 548 de
1454 519 1592 565 chascune
1611 524 1658 554 des
1680 523 1784 565 1711163,
1802 537 1840 558 011
1863 528 2039 568 Franchises,
2057 530 2217 562 dessusdites
2256 542 2327 563 ven-

1264 563 1329 584 ront
1344 557 1416 586 deux
1432 555 1567 598 BurgOis,
1584 571 1697 598 portans
1713 564 1821 595 Lettres
1838 565 1960 597 Overtes
1974 568 2029 604 de,
2048 569 2142 599 nostre
2154 570 2195 600 di't
2210 554 2327 609 Cousyn

1366 594 1393 624 le
1407 594 1491 639 Due,
1510 607 1663 630 contenans
1678 603 1816 633 combien
1830 603 1865 633 de
1879 605 1950 635 laine
1963 608 2112 638 comvient
2125 618 2177 645 pur
2190 608 2248 639 leur
2263 609 2327 639 Vil-

1263 629 1290 660 16
1300 640 1352 674 *par
1366 632 1443 677 demi
1459 635 1523 673 An,
1541 638 1591 675 ὃς,
1609 648 1729 677 avoeqes
1743 650 1794 680 ce,
1812 641 1832 671 il
1845 642 1871 672 le
1880 643 2010 682 jurront,
2028 645 2090 675 sour
2112 646 2206 685 Sains,
2224 657 2240 676 a
2261 647 2327 679 lour

1263 670 1376 712 milleur
1392 681 1466 710 avis,
1486 673 1551 704 sanz
1566 677 1621 706 mal
1642 687 1751 716 engien.

1301 707 1340 738 ht
1361 709 1414 740 tele
1433 714 1557 748 quantite
1575 713 1623 744 des
1644 715 1741 754 laines,
1760 726 1816 754 que
1828 717 1924 749 nostre
1935 719 1975 749 dit
1988 717 2103 760 Cousyn
2118 721 2323 762 Tesmoignera

1263 755 1313 783 par
1325 747 1364 790 ses
1378 747 1505 793 Lettres,
1522 751 1555 781 &
1569 752 1606 782 les
1619 752 1692 783 deux
1707 755 1743 784 de
1757 755 1893 786 chascnne
1907 757 1933 785 V
1936 758 1980 787 ille
1989 759 2116 796 jurront,
2136 761 2254 791 chascun
2273 770 2325 799 pur

1263 783 1289 813 sa
1312 785 1402 825 Ville,
1420 798 1449 825 qi
1471 798 1489 826 y
1503 799 1587 820 vorra
1600 793 1731 830 envoier,
1751 793 1770 822 il
1783 803 1902 830 porront
1916 796 2042 833 36113161,
2059 806 2156 828 menet
2171 800 2204 829 ὅ(
2222 810 2325 830 ouvrer

1262 832 1299 852 en
1315 823 1448 864 Brabant,
1465 828 1498 857 &
1512 828 1569 858 null
1585 838 1646 866 part
1658 828 1782 869 aillours,
1801 834 1889 869 parmi
1903 835 1993 870 paiant
2008 834 2079 865 leurs
2092 835 2250 876 custumes,
2264 837 2326 869 Re-

1262 860 1417 902 devances,
1434 866 1467 896 &
1483 865 1641 898 Droitures.

1301 899 1356 944 Et,
1375 902 1401 932 se
1422 903 1447 933 la
1466 902 1534 934 Paiz
1555 915 1591 936 ne
1609 907 1634 936 se
1648 906 1754 945 faisoit,
1773 905 1877 938 dedens
1889 906 1965 938 demi
1980 910 2045 948 An,
2063 911 2098 941 de
2113 911 2136 941 la
2150 912 2262 944 Guerre
2278 915 2327 952 (de

1262 947 1330 975 qum
1344 950 1383 970 on
1398 942 1424 971 se
1437 942 1544 973 doubte
1560 954 1664 975 encore
1678 955 1692 975 a
1706 947 1799 980 mont)
1816 947 1835 976 il
1847 947 1872 976 la
1887 947 1945 977 dite
1974 948 2070 978 Grace
2091 953 2268 982 renouvellee
2288 953 2325 983 de

1261 986 1333 1008 nous
1347 988 1395 1015 par
1407 989 1484 1011 autre
1497 981 1575 1012 demi
1588 983 1653 1020 An,
1671 985 1704 1015 &
1719 984 1797 1015 einffi
1811 994 1846 1015 en
1862 987 2029 1017 continuant
2045 998 2092 1024 par
2108 988 2184 1018 demi
2201 991 2325 1029 Annees,

1262 1023 1321 1045 tant
1337 1026 1393 1054 que
1409 1018 1433 1047 la
1445 1018 1514 1049 Paiz
1527 1021 1623 1052 serroit
1638 1022 1712 1052 faite.

1300 1053 1354 1092 Et,
1371 1055 1420 1086 fait
1438 1057 1463 1087 la
1484 1057 1568 1096 Paiz,
1587 1060 1620 1090 ὃ(
1642 1061 1736 1090 nemie
1756 1061 1874 1100 devant,
1893 1062 1989 1093 nostre
2011 1063 2052 1094 dit
2072 1063 2205 1104 Cousyn,
2230 1068 2263 1097 &
2287 1067 2326 1098 163

1263 1090 1417 1124 Μ31611303
1436 1095 1473 1125 (16
1495 1104 1559 1127 tout
1570 1097 1630 1140 'son
1645 1098 1723 1136 Pais,
1741 1099 1852 1131 useront
1867 1110 1882 1131 a
1898 1101 1988 1140 plain,
2007 1102 2071 1132 sanz
2083 1104 2327 1143 empeschement,

1263 1129 1310 1160 des
1325 1131 1435 1163 bonnes
1449 1133 1630 1166 Condimons
1645 1136 1678 1167 ὃ(
1692 1136 1846 1174 Privileges
1855 1161 1866 1176 ,
1884 1140 1933 1176 qui
1947 1149 2024 1170 entre
2037 1151 2109 1171 nous
2121 1143 2155 1172 ὃ(
2169 1142 2266 1173 nostre
2285 1143 2327 1174 dit

1262 1166 1379 1209 Cousyn
1393 1171 1445 1202 soit
1459 1173 1617 1212 accordez,
1636 1175 1669 1205 &
1684 1174 1792 1206 serront
1804 1176 1929 1207 donnees
1945 1187 1959 1207 a
1972 1179 2019 1209 vie
2033 1179 2118 1210 d’une
2133 1181 2238 1218 part&
2251 1181 2326 1212 d’au-

1261 1214 1320 1244 tre,
1336 1211 1369 1240 ὅ(
1383 1219 1443 1240 000
1456 1211 1517 1248 plus
1532 1221 1588 1250 que
1601 1222 1617 1242 a
1631 1222 1690 1242 noz
1704 1215 1762 1245 vies
1775 1222 1834 1245 tant
1845 1214 2011 1247 soulement.

1298 1245 1336 1277 Et
1354 1257 1426 1285 pour
1441 1257 1510 1287 ceo,
1528 1260 1584 1288 que
1604 1258 1695 1282 tout&
1719 1262 1766 1282 ces
1785 1252 1882 1283 choses
1896 1254 1930 1284 &
1943 1253 2131 1286 Covenances
2145 1257 2322 1298 deffusdites,

1259 1283 1294 1315 &
1317 1285 1454 1318 chascune
1472 1288 1617 1328 d’ycelles,
1641 1290 1661 1320 si
1681 1299 1802 1320 comme
1822 1291 1861 1321 ses
1882 1291 2010 1323 Parentes
2034 1293 2141 1324 Lettres
2162 1296 2324 1328 1636011116-

1260 1332 1347 1362 nent,
1364 1325 1453 1356 soient
1468 1327 1529 1364 plus
1545 1327 1715 1359 fermement
1730 1337 1843 1367 tenues,
1860 1330 1894 1361 &
1907 1331 2061 1368 acomplies
2080 1334 2280 1372 entierement,
2298 1346 2324 1375 3,

1260 1361 1358 1393 nostre
1381 1365 1448 1394 61161
1468 1364 1600 1405 Cousyn,
1619 1367 1645 1396 le
1666 1366 1737 1398 Duc
1760 1367 1863 1398 devant
1876 1378 2013 1407 nomme,
2031 1371 2064 1400 &
2081 1379 2096 1399 a
2110 1371 2148 1400 ses
2164 1372 2223 1402 ditz
2243 1373 2326 1403 Mar-

1261 1399 1364 1439 chans,
1383 1412 1499 1441 avoms,
1517 1403 1554 1434 de
1567 1404 1661 1435 nostre
1676 1406 1799 1436 certaine
1811 1406 1937 1445 science,
1956 1408 1988 1438 ὃ(
2005 1417 2058 1445 por
2072 1409 2168 1448 cause,
2187 1410 2234 1440 fait
2253 1421 2327 1443 met-

1261 1445 1303 1468 tre
1318 1439 1413 1471 nostre
1428 1441 1493 1472 Seal
1506 1451 1521 1471 a
1533 1442 1571 1473 ses
1584 1443 1720 1481 presentes
1736 1444 1851 1475 Lettres.

1299 1476 1380 1520 Don.
1399 1490 1414 1509 a
1438 1479 1596 1522 Everwyk,
1612 1482 1638 1511 le
1660 1492 1700 1520 24
1716 1483 1782 1520 jour
1801 1483 1837 1513 de
1860 1482 1941 1514 Mois
1955 1483 1990 1514 de
2006 1484 2093 1523 May,
2108 1485 2176 1516 1Ἀο
2192 1485 2228 1516 (16
2243 1496 2326 1526 grace

1261 1513 1362 1554 Mille,
1377 1517 1530 1557 Trelcent,
1549 1520 1659 1558 Treui,
1675 1522 1707 1551 ὅ(
1724 1520 1806 1561 Sept,
1824 1522 1858 1552 &
1871 1521 1908 1552 de
1921 1522 2017 1553 nostre
2033 1523 2132 1563 Regae
2150 1525 2284 1556 unzisme.

1263 1640 1472 1675 conventiones
1489 1653 1557 1676 cum
1579 1642 1743 1677 comitibus
1761 1647 1957 1684 Hanoniae&
1983 1647 2134 1680 Zelandiae
2161 1648 2196 1681 de
2221 1652 2326 1682 Servi-

1676 1696 1728 1727 tiis
1740 1693 1807 1739 suis
1825 1696 1911 1727 initae.

1339 1776 1427 1809 OUS
1434 1803 1444 1817 ,

1274 1854 1278 1858 Ι
1376 1817 1485 1856 Henri,
1503 1827 1551 1855 par
1570 1818 1595 1849 13
1618 1817 1715 1850 Grace
1735 1818 1772 1850 de
1791 1818 1885 1858 DIeu,
1905 1819 2034 1859 Evesque
2049 1820 2084 1851 de
2100 1816 2228 1859 Nicole,
2246 1822 2324 1853 Wil-
2343 1814 2417 1847 Anii,
2430 1816 2471 1851 D,

1260 1852 1327 1883 liam
1349 1855 1384 1886 de
1405 1855 1569 1895 Montagu,
1595 1856 1712 1889 Counte
1732 1858 1767 1889 de
1791 1859 1945 1898 Salesbyrs,
1969 1860 2098 1890 William
2121 1861 2157 1891 de
2181 1859 2325 1901 Clynton,
2363 1865 2448 1896 1337-

2340 1899 2392 1922 Aa.
2413 1908 2453 1924 11⁷

1261 1890 1379 1924 Counte
1394 1893 1429 1925 de
1443 1894 1640 1939 Huntyndon,

1298 1931 1409 1962 Faisons
1432 1933 1520 1963 sav01r
1540 1943 1554 1963 a
1576 1943 1663 1973 toux,
1680 1945 1734 1973 que
1747 1945 1819 1966 nous
1839 1945 1926 1966 avons
1940 1938 2063 1976 promiS,
2081 1938 2114 1968 &
2131 1939 2321 1976 0101010003,
2338 1937 2375 1978 Eg
2391 1944 2415 1971 Ξ-

1260 1978 1349 2000 come
1362 1971 1381 1989 *ᾖ
1397 1971 1573 2002 Procurours
1586 1973 1621 2003 (16
1633 1974 1730 2004 nostre
1745 1975 1829 2004 chere
1844 1974 1977 2005 Seioneur
1991 1976 2016 2005 le
2032 1975 2092 2005 Roi
2106 1975 2302 2013 d'Engleterre
2312 2000 2322 2014 ,
2337 1971 2403 2000 [bid.

1872 1998 1990 2044 C³ounte
2012 2013 2048 2043 de
2069 2013 2196 2053 Haynun
2210 2037 2219 2053 ,
2243 2016 2276 2046 ὃ(
2296 2015 2322 2045 16
2339 2019 2365 2035 m
2396 2021 2423 2045 9·

1265 2046 1384 2078 Counte
1404 2048 1440 2079 de
1463 2048 1592 2088 Zeland,
1616 2051 1665 2080 son
1689 2050 1736 2089 fil,
1756 2061 1828 2089 que,
1854 2059 1917 2082 tout
1932 2051 1999 2082 auffi
2019 2052 2093 2089 test,
2117 2062 2204 2083 come
2224 2062 2265 2083 no
2283 2053 2323 2084 dit
2342 2048 2356 2063 ³*
2376 2050 2429 2076 IV·

1260 2084 1395 2124 Seigneur
1407 2087 1433 2117 le
1447 2086 1523 2126 Roi,
1541 2098 1580 2118 ou
1597 2087 1616 2118 si
1629 2088 1733 2120 Aidant
1748 2097 1866 2126 purront
1879 2091 2010 2129 gaigner,
2024 2100 2065 2121 ou
2079 2090 2266 2128 conquester,
2284 2091 2324 2122 les
2344 2088 2410 2123 753·

1260 2017 1274 2037 a
1288 2031 1298 2046 ,
1323 2008 1421 2040 Hautz
1442 2009 1588 2041 Homines
1608 2012 1642 2042 &
1663 2012 1779 2042 Nobles
1792 2034 1802 2050 ,
1827 2012 1853 2042 16

1260 2123 1405 2156 Chasteux
1419 2126 1452 2156 &
1466 2126 1504 2156 les
1521 2126 1607 2157 1711163
1622 2126 1658 2157 (16
1679 2126 1852 2158 Crieuecuer
1873 2130 1907 2159 &
1927 2128 2069 2166 d’Auues,
2087 2139 2125 2159 ou
2147 2129 2203 2159 l’un
2222 2129 2322 2168 d’eux,

1259 2162 1293 2192 ὅ(
1308 2163 1386 2194 8610(
1401 2164 1551 2203 Surpleth,
1569 2166 1602 2196 &
1620 2165 1658 2195 les
1682 2166 1925 2205 Appartenances,
1943 2167 1962 2197 il
1982 2167 2020 2196 les
2039 2167 2098 2198 ditz
2118 2165 2262 2198 Chasteux
2285 2169 2320 2199 ὃ(

1260 2200 1361 2240 vines,
1379 2213 1418 2233 ou
1441 2212 1475 2233 ce
1492 2213 1547 2241 que
1561 2205 1659 2242 gaigne
1673 2204 1707 2235 ὃ(
1723 2204 1879 2243 conqueste
1891 2215 1927 2235 en
1948 2215 2006 2242 ara,
2025 2206 2058 2236 &
2080 2213 2173 2236 toutes
2196 2206 2234 2235 les
2258 2206 2323 2244 Ap-

1259 2248 1475 2280 partenaunces,
1502 2241 1662 2281 Seignurie,
1676 2242 1815 2281 Justices,
1831 2243 1951 2281 Rentes,
1971 2243 2139 2281 Revenues,
2156 2244 2190 2275 ὅ(
2205 2243 2322 2275 1-101113-Ι

1259 2287 1322 2316 ges,
1340 2279 1405 2309 sanz
1419 2281 1497 2310 rienz
1512 2289 1664 2319 exceptez,
1683 2281 1772 2312 donra
1787 2291 1822 2311 au
1838 2281 1878 2313 dit
1894 2282 2012 2312 Counte
2026 2282 2062 2312 de
2078 2282 2188 2312 Zeland
2202 2292 2253 2320 pur
2264 2283 2324 2322 lui,

1258 2317 1292 2347 &
1308 2327 1360 2354 pur
1375 2318 1413 2349 ses
1428 2318 1526 2358 I-leirS,
1543 2329 1559 2350 a
1571 2327 1640 2350 toux
1651 2321 1748 2358 jours,
1767 2320 1981 2351 heritablement
1996 2331 2033 2350 en
2047 2330 2099 2358 pur
2113 2320 2194 2351 Don.

1296 2355 1335 2386 Et
1366 2357 1496 2395 avesques
1516 2366 1579 2388 tout
1599 2367 1649 2395 ce,
1667 2368 1756 2388 avons
1778 2368 1850 2389 nous
1870 2360 1993 2397 promis,
2012 2360 2045 2389 ὅ(
2078 2368 2252 2397 romettons,
2271 2371 2324 2392 co-

1259 2403 1308 2424 me
1330 2379 1501 2426 firocureurs
1520 2395 1557 2426 de
1574 2406 1614 2426 no
1631 2397 1671 2427 dit
1686 2396 1840 2435 Seigneur,
1856 2398 1921 2435 q’il,
1939 2408 1980 2428 no
1995 2397 2036 2428 dit
2072 2399 2187 2436 eignur,
2205 2399 2324 2430 restorra

1257 2442 1294 2462 en
1318 2431 1410 2465 Bones
1430 2433 1555 2473 Rentes,
1573 2443 1701 2474 certeyns
1721 2437 1754 2467 &
1775 2435 1842 2465 bien
1864 2436 2002 2473 affenees,
2020 2446 2076 2466 enz
2091 2437 2223 2467 Roialme
2236 2437 2325 2468 d'En-

1258 2471 1393 2510 gleterre,
1412 2474 1450 2503 vi.
1469 2472 1536 2503 Mill
1556 2472 1676 2503 Liveree
1698 2473 1734 2504 de
1753 2474 1900 2504 Tournois
1915 2484 1962 2512 par
1979 2475 2026 2504 An
2039 2474 2279 2513 heretablement,
2297 2476 2324 2506 le

1258 2519 1327 2546 gros
1342 2520 1394 2548 pur
1408 2512 1454 2541 xii.
1474 2511 1510 2541 de
1524 2511 1645 2549 Tourn,
1662 2522 1715 2549 pur
1728 2512 1766 2542 les
1788 2512 1897 2543 Rentes
1917 2513 1957 2551 qil
1977 2512 2129 2543 renderont
2150 2523 2185 2543 au
2206 2513 2267 2544 Roi
2288 2513 2325 2544 de

1260 2548 1382 2588 France,
1401 2558 1488 2588 quant
1502 2549 1520 2579 il
1535 2558 1680 2580 entreront
1695 2559 1749 2580 euz
1764 2560 1800 2580 en
1814 2550 1929 2582 Service
1942 2550 1978 2581 de
1993 2561 2032 2582 no
2047 2551 2089 2582 dit
2104 2551 2231 2591 Seignur.

1297 2587 1374 2618 Mais
1390 2588 1409 2618 fi
1424 2588 1496 2624 (011,
1516 2598 1571 2625 que
1586 2598 1626 2619 no
1639 2588 1681 2619 dit
1696 2589 1739 2619 Sir
1753 2590 1825 2619 aroit
1838 2597 1897 2619 tant
1911 2590 2010 2629 gaigne
2030 2589 2066 2620 de
2080 2589 2192 2627 Reme,
2209 2591 2243 2621 ὅ(
2262 2600 2324 2628 para

1257 2625 1309 2656 ties
1323 2636 1351 2657 es
1362 2626 1466 2657 Terres
1481 2628 1514 2657 &
1526 2627 1613 2665 Paiis,
1633 2637 1689 2665 que
1703 2627 1741 2657 lui
1755 2627 1815 2657 Roi
1827 2627 1863 2657 de
1884 2627 1989 2658 France
2011 2629 2080 2658 tient
2095 2638 2110 2658 a
2124 2629 2248 2666 present,
2265 2639 2323 2666 que

1257 2664 1282 2694 la
1305 2664 1400 2695 Rente
1419 2664 1550 2695 deffusdit
1571 2668 1711 2703 vaurroit,
1731 2675 1770 2695 no
1786 2665 1828 2696 dit
1850 2666 1895 2696 Sir
1914 2666 1932 2696 li
1950 2666 2022 2696 Rois
2038 2667 2099 2696 lour
2112 2667 2239 2697 deveroit
2254 2667 2321 2698 faire

1257 2701 1283 2732 le
1307 2703 1347 2734 dit
1370 2704 1559 2742 affenement,
1577 2714 1593 2733 a
1615 2704 1675 2742 plus
1696 2714 1756 2742 pres
1769 2703 1818 2734 des
1831 2704 1917 2735 Villes
1932 2706 1965 2735 &
1981 2704 2138 2742 Chasteux,
2154 2705 2321 2743 dessusditz‚

1258 2740 1298 2778 qil
1314 2743 1439 2780 purroit,
1458 2742 1508 2779 &,
1527 2743 1615 2780 parmi
1629 2752 1681 2780 66,
1699 2743 1716 2772 11
1728 2743 1825 2773 serroit
1842 2744 1902 2780 quit
1914 2743 1959 2773 del
1972 2753 2050 2773 autre
2066 2744 2267 2781 Assenement,
2285 2744 2323 2782 qil

1256 2781 1329 2810 aroit
1343 2781 1406 2818 fait,
1423 2790 1462 2810 ou
1476 2780 1604 2811 deveroit
1618 2780 1684 2810 faire
1696 2792 1731 2811 eri
1745 2780 1926 2819 Engleterre,
1946 2781 2053 2812 licome
2067 2781 2107 2812 dit
2123 2781 2172 2811 est.

1294 2818 1349 2857 Et,
1367 2819 1404 2849 de
1424 2829 1475 2856 66,
1493 2819 1601 2850 devons
1621 2829 1692 2849 nous
1715 2819 1798 2856 faire,
1816 2829 1856 2849 no
1877 2820 1918 2850 dit
1943 2819 2081 2857 Seignur,
2104 2820 2130 2850 le
2152 2820 2211 2849 Roi
2233 2819 2321 2851 doner

1258 2856 1369 2887 Lettres
1384 2856 1524 2895 Overtes,
1539 2867 1567 2887 as
1581 2856 1710 2887 Countes
1722 2857 1887 2895 deffusditz,
1906 2858 1947 2887 sur
1962 2858 2038 2888 ceste
2054 2859 2180 2895 presente
2194 2858 2266 2888 date.

1296 2895 1377 2925 Don.
1395 2905 1410 2925 a
1426 2895 1644 2934 Valenciennes,
1662 2896 1726 2928 xxiv
1737 2896 1817 2934 jours
1833 2906 1869 2926 en
1885 2895 1974 2934 May,
1994 2896 2047 2926 l'an
2060 2896 2096 2927 de
2118 2906 2203 2935 grace
2225 2905 2257 2928 ut
2279 2896 2324 2928 su-

8 2949 74 2977 757·
483 2945 566 2980 ribus
584 2947 752 2983 Brabantiae
768 2951 902 2997 concejffiz.
1256 2942 1312 2973 Ρη

8 3045 137 3077 Ama-D·
160 3029 1222 3113 111111,Ἆῇξ’]ξέξῆῖὲἒξυῗὲῖέςἓῖευὲἓὲῗξωζῇΞῐὲὲῗᾶὲἒζέἑς-
1423 3067 1482 3099 pro
1498 3064 1679 3099 εωνικινκο
1698 3065 1775 3100 mo
1796 3068 1917 3100 comen-s
1933 3065 1969 3100 de
1993 3064 2149 3115 Lym-borg-

7 3093 123 3151 Affi3171‘-
160 3106 415 3176 Legtres'vefrront,
432 3119 472 3140 ou
485 3119 602 3149 orront,
622 3111 715 3150 Salut,
733 3112 767 3143 &
780 3099 946 3151 cognoistie
959 3115 1055 3146 verite.
1366 3149 1379 3163 ν
1454 3152 1459 3158 ,
1515 3151 1531 3181 s
1660 3151 1679 3182 S
1696 3151 1704 3182 l
2335 3152 2362 3184 Α
2424 3153 2466 3186 D.

197 3155 297 3214 31011
311 3156 685 3222 3311333333,
704 3189 737 3220 3
757 3188 793 3219 de
815 3190 910 3221 ime
924 3190 1057 3231 Am,
1075 3201 1131 3230 que
1259 3150 1891 3234 REs-{Jvsssstefflzfeirmaffinia‚
1936 3230 1941 3235 ,
2128 3226 2134 3233 ,
2363 3164 2463 3233 {¹3¹2

12 3247 54 3267 Η.
66 3243 95 3266 E.
114 3248 140 3276 3.
159 3232 260 3252 avoms
284 3232 400 3262 envers,
417 3224 513 3255 nostre
532 3225 675 3270 Trescher
695 3228 729 3258 ὃ(
752 3228 828 3258 Ame
849 3228 983 3269 Cousyn,
1003 3231 1152 3264 Monsieur
1167 3233 1222 3271 Jo-
1293 3227 1377 3259 (ῙῦΠὶ
1398 3237 1486 3272 inter,
1504 3229 1649 3273 Noleem
1673 3230 1707 3260 &
1730 3229 1754 3259 P
1755 3238 1885 3273 cientem,
1904 3227 2023 3273 νέῑῑέῑῃ)
2042 3226 2206 3272 Domlnum
2226 3226 2317 3281 Ever-
2331 3235 2384 3259 An.
2408 3243 2448 3261 ¹¹·

8 3285 46 3305 m·
62 3276 90 3306 ὃ.
160 3261 232 3298 han,
258 3270 307 3298 par
326 3261 351 3290 12
372 3271 454 3301 grace
477 3262 513 3294 de
533 3262 629 3303 Dffiu²
655 3265 726 3296 Duc
745 3266 781 3297 de
804 3266 903 3298 [οἵως
922 3268 958 3299 de
976 3270 1113 3310 grabam,
1131 3273 1165 3302 ὃς
1184 3271 1221 3302 de
1256 3264 1376 3297 harduin
1391 3290 1401 3306 ,
1434 3266 1661 3306 Primogenitum
1684 3267 1810 3298 Domini
1826 3267 1995 3304 Thiderici,
2024 3266 2148 3297 Comitis
2167 3267 2202 3296 de
2225 3266 2315 3305 Lyrn-
2333 3274 2361 3297 Ε.
2384 3280 2409 3307 3.

158 3299 349 3336 Lembourgh
363 3322 374 3337 ,
397 3310 496 3331 envers
516 3300 555 3331 ses
572 3303 683 3334 bonnes
702 3304 729 3335 V
732 3305 805 3343 illes,
833 3306 865 3336 &
886 3317 986 3339 envers
1007 3317 1050 3340 tot
1070 3309 1120 3340 son
1142 3310 1220 3349 Pais,

156 3347 192 3367 en
217 3337 376 3375 quelconqs
390 3338 463 3369 Lien
486 3349 542 3377 que
564 3350 597 3371 ce
617 3341 692 3380 soit,
722 3344 756 3373 ὅ(
777 3353 877 3374 envers
897 3354 969 3376 touz
991 3346 1030 3377 ses
1051 3347 1170 3385 Subgez
1185 3350 1220 3380 &

158 3375 329 3414 Marchans,
348 3385 533 3408 nomeement
544 3378 696 3410 Marchans
709 3379 858 3422 Drapiers,
875 3383 909 3414 ὃ(
928 3384 1084 3417 Achateurs
1104 3387 1141 3418 de
1160 3388 1222 3419 lais-

156 3424 224 3452 nes,

195 3452 285 3483 Nous
298 3462 386 3484 avons
398 3453 525 3484 consenti
538 3454 571 3484 &
586 3463 715 3495 ottroye‚
732 3464 892 3498 ottroyoms
906 3460 940 3491 &
954 3462 1124 3494 consentons
1146 3465 1221 3495 bon-

157 3501 293 3529 nement,
311 3491 346 3522 de
361 3501 445 3529 grace
457 3492 605 3531 especiale,
623 3504 638 3524 a
654 3504 694 3524 no
709 3493 827 3533 Cousyn
840 3496 866 3526 le
980 3499 1051 3531 Duc
1064 3501 1209 3534 devantdit

158 3540 215 3568 que
235 3538 327 3561 toutes
344 3531 434 3561 bones
451 3529 538 3560 Villes
558 3532 593 3562 &
613 3532 773 3564 Franchises
791 3534 828 3563 de
847 3534 898 3565 son
920 3535 998 3576 Pais,
1016 3540 1065 3578 qui
1079 3541 1127 3571 chi
1141 3527 1219 3580 apres

1256 3304 1345 3344 borg,
1363 3315 1397 3335 ex
1413 3314 1490 3343 parte
1505 3306 1576 3343 una,
1595 3307 1628 3338 ὅ(
1642 3314 1736 3339 certos
1749 3305 1884 3336 Nuncios
1897 3307 1931 3337 &
1956 3304 2165 3335 Ambaffatores
2187 3304 2316 3343 nostros,
2333 3309 2454 3339 Alemanl

1254 3341 1395 3375 sufficiens
1417 3343 1591 3375 Mandatum
1608 3344 1642 3374 ad
1665 3345 1722 3374 hoc
1746 3344 1896 3381 habentes,
1914 3353 1948 3386 eir
1959 3342 2067 3386 alter-31,
2078 3342 2158 3383 Ligae
2170 3344 2203 3374 &
2218 3343 2316 3373 Unio·
2338 3356 2346 3372 i
2358 3352 2417 3376 με.
2436 3355 2463 3385 3,

1255 3390 1304 3450 neg
1317 3383 1472 3451 eontraitae
1487 3383 1555 3421 sint,
1571 3384 1604 3414 ὃ(
1619 3382 1728 3420 10οά0,
1747 3392 1806 3420 quo
1825 3382 2013 3420 subsequitur,
2030 3383 2107 3412 initae
2131 3383 2164 3413 &
2184 3379 2318 3420 firmatae,
2330 3394 2366 3416 m,
2383 3388 2412 3423 62

1254 3430 1283 3450 v¹
1305 3430 1386 3452 eicet

1295 3444 1502 3498 Qod'eidem
1520 3458 1667 3490 Dominus
1687 3457 1864 3489 Everhardus
1886 3457 2064 3496 Homagium
2088 3457 2209 3498 Ligeum
2232 3458 2318 3489 nobis

1254 3498 1370 3537 fecerit,
1388 3499 1421 3529 &
1438 3498 1464 3528 se
1476 3498 1622 3537 nostrum,
1640 3496 1864 3534 nostrorumque
1884 3496 2043 3527 Haeredum
2068 3495 2183 3535 Regum
2195 3496 2318 3540 'Angliae

1253 3546 1307 3574 pro
1328 3545 1459 3574 tempore
1478 3535 1676 3574 existentium,
1695 3535 1848 3566 Vaffallum
1871 3536 1904 3566 &
1920 3534 2096 3572 Hominem,
2114 3534 2220 3565 tamdiu
2233 3543 2312 3566 vixe-

158 3569 221 3599 sont
233 3568 439 3607 expreffement
451 3569 613 3610 nominees3
632 3570 692 3602 cest
705 3570 841 3610 assavoir,

1253 3575 1380 3643 ritkeffe
1395 3575 1545 3619 obligavit,
1636 3614 1660 3619 ..
1833 3612 1838 3617 ι
1885 3612 1889 3617 .
1909 3612 1914 3617 ι
2032 3612 2037 3617 .
2062 3612 2067 3617 1
2169 3611 2173 3616 .
2191 3610 2196 3616 ο

1321 3624 1337 3644 6
1351 3613 1536 3652 dictumque,
1555 3613 1674 3643 Nobilis
1687 3613 1720 3643 &
1736 3611 1840 3642 strenui
1853 3611 1929 3650 Viri,
1946 3610 2070 3642 Domini
2085 3609 2210 3641 Comitis
2225 3609 2314 3642 Gele-

193 3648 346 3683 Louvain‚
745 3648 910 3690 Herentals‚
1251 3652 1354 3691 rensis,
1371 3651 1482 3683 asseruit
1502 3652 1528 3682 se
1548 3653 1703 3682 contentari
1724 3652 1751 3680 in
1772 3651 1842 3688 hiis,
1856 3660 1920 3691 quae
1938 3650 2028 3680 dicius
2042 3649 2188 3679 Dominus
2202 3648 2313 3680 Comes

194 3685 371 3724 Brouxcelle,
744 3689 835 3726 Lyre,
1253 3690 1412 3721 Gelerenlis
1424 3690 1474 3720 fibi
1487 3690 1543 3720 dari
1557 3690 1665 3720 duxerit
1677 3698 1711 3719 ex
1728 3688 1781 3719 1136
1795 3698 1891 3724 causa,

193 3726 367 3763 Antwerps,
743 3724 866 3765 Ffford,
1290 3729 1414 3760 Ratione
1427 3729 1504 3766 cujus
1518 3728 1710 3764 Obligationis
1724 3726 1851 3765 praefatus
1868 3725 2043 3756 Everhardus
2066 3724 2193 3756 Centum
2214 3724 2312 3758 Flore-

194 3760 335 3800 Bvfleduc,
742 3765 836 3801 Trea,
1253 3777 1322 3806 nos,
1341 3767 1447 3798 Parvos
1459 3767 1495 3796 de
1510 3767 1532 3796 F
1535 3767 1669 3804 10160113,
1688 3765 1714 3795 se
1728 3763 1860 3802 recepisse
1872 3765 2042 3803 recognovit
2051 3787 2060 3801 ‚

194 3798 334 3838 Malines,
740 3800 908 3841 Joudoigne,
1292 3806 1446 3836 Residuam
1459 3806 1529 3835 vero
1547 3812 1654 3842 partem
1664 3827 1673 3842 ,
1691 3813 1776 3841 quam
1789 3802 1880 3832 dietus
1894 3803 2036 3832 Dominus
2050 3801 2159 3833 Comes
2173 3801 2312 3835 Geleren-

193 3835 396 3876 Thierlemont,
741 3841 870 3879 Grauen,
1252 3844 1285 3874 sis
1298 3845 1322 3874 ei
1338 3843 1448 3874 daturus
1461 3842 1560 3879 fuerit,
1579 3842 1633 3872 hac
1648 3841 1749 3879 631133,
1764 3840 1883 3871 Duabus
1901 3840 2034 3878 Vicibus,
2053 3843 2167 3879 recipiet
2191 3839 2312 3882 Unam,

194 3875 325 3914 Lrewe'5‚
740 3878 849 3916 Breda,
1251 3882 1399 3919 videlicet,
1419 3880 1603 3911 Medietatem
1618 3883 1646 3909 in
1664 3879 1748 3910 Festo
1764 3878 1927 3909 Nativitatis
1949 3879 2045 3909 Sanffi
2060 3880 2198 3918 johannis
2219 3880 2312 3919 Bapti-

193 3911 324 3952 Nivelle‚
741 3915 865 3953 Berghen
873 3915 937 3954 sbur
952 3916 977 3948 le
995 3919 1095 3959 Zoem,
1251 3920 1315 3958 stae,
1334 3921 1467 3958 proximo
1489 3919 1602 3956 futuro,
1619 3919 1652 3949 ὅ(
1673 3919 1755 3948 aliam
1779 3917 1966 3948 Medietatem
1986 3918 2057 3949 infra
2077 3918 2228 3949 dimidium
2249 3920 2312 3951 An-

197 3949 294 3989 Dfie,
740 3954 785 3982 Et
802 3952 902 3993 Arftot
914 3978 924 3993 ,
1250 3970 1324 3990 num
1337 3957 1497 3989 immediate
1512 3956 1740 3994 subsequentem,

193 4024 232 4056 Et
245 4035 293 4055 aus
305 4034 393 4058 autres
401 4029 500 4066 petites
514 4030 618 4068 Villes‚
638 4031 711 4060 aians
727 4029 888 4069 Frankises,

190 4062 318 4094 Puissent
341 4066 409 4096 faire
427 4068 539 4099 achatre
557 4069 657 4107 laines,
676 4079 712 4099 en
732 4068 918 4108 Engleterre,
934 4080 984 4109 par
1004 4071 1077 4102 leurs
1097 4071 1214 4113 Gentz,

154 4102 187 4135 &
209 4102 591 4173 Bfiffif'iitfi‘i’lei'iiwsses'
609 4118 637 4139 63
655 4107 796 4147 Estapies,
812 4118 852 4140 ou
872 4118 913 4139 on
927 4111 1041 4143 vent&
1056 4111 1154 4143 achate
1175 4113 1213 4144 les

1289 3997 1479 4033 Promisitque
1492 3995 1567 4026 idem
1584 3994 1729 4025 Dominus
1742 3994 1920 4025 Everhardus
1936 3994 2038 4033 nobis,
2056 3995 2090 4026 &
2110 3994 2191 4026 dietis
2212 3995 2313 4026 Haere-

1251 4035 1332 4066 dibus
1348 4034 1464 4071 nostris,
1481 4033 1559 4064 bona
1572 4033 1628 4063 fide
1650 4033 1772 4071 praestitfi
1791 4034 1950 4071 corporali,
1969 4033 2108 4064 Favorem
2129 4034 2163 4064 &
2185 4032 2312 4064 Fidelita-

1251 4082 1329 4110 tem,
1347 4073 1507 4103 Consilium
1523 4074 1556 4103 ὅ(
1574 4072 1735 4111 Auxilium,
1754 4081 1854 4101 contra
1870 4074 2005 4109 quoscum
2029 4082 2079 4110 ue,
2098 4073 2126 4101 in
2150 4072 2260 4108 Armis,
2277 4073 2311 4102 &

1251 4121 1342 4150 extra,
1360 4113 1391 4142 in
1408 4111 1496 4142 Locis
1510 4112 1543 4143 &
1557 4109 1673 4149 Terris,
1691 4110 1736 4141 seu
1752 4109 1900 4179 QPmim'is
1915 4111 2003 4150 quibu
2015 4120 2156 4149 cumque,
2175 4108 2314 4176 praestakrae,
