<?xml version="1.0" encoding="UTF-8"?>
<!DOCTYPE html PUBLIC "-//W3C//DTD XHTML 1.0 Transitional//EN"
    "http://www.w3.org/TR/xhtml1/DTD/xhtml1-transitional.dtd">
<html xmlns="http://www.w3.org/1999/xhtml" xml:lang="en" lang="en">
 <head>
  <title>
</title>
<meta http-equiv="Content-Type" content="text/html;charset=utf-8" />
  <meta name='ocr-system' content='tesseract 3.04.00' />
  <meta name='ocr-capabilities' content='ocr_page ocr_carea ocr_par ocr_line ocrx_word'/>
</head>
<body>
  <div class='ocr_page' id='page_1' title='image "./fderaconventione02ryme_0165.png"; bbox 0 0 2562 4279; ppageno 0'>
   <div class='ocr_carea' id='block_1_1' title="bbox 0 205 92 246">
    <p class='ocr_par' dir='ltr' id='par_1_1' title="bbox 0 205 92 246">
     <span class='ocr_line' id='line_1_1' title="bbox 0 205 92 246; baseline -0.033 0"><span class='ocrx_word' id='word_1_1' title='bbox 0 224 40 246; x_wconf 78' lang='lat' dir='ltr'>in.</span> <span class='ocrx_word' id='word_1_2' title='bbox 52 205 92 243; x_wconf 87' lang='lat' dir='ltr'>D.</span> 
     </span>
    </p>
   </div>
   <div class='ocr_carea' id='block_1_2' title="bbox 0 261 72 319">
    <p class='ocr_par' dir='ltr' id='par_1_2' title="bbox 0 261 72 319">
     <span class='ocr_line' id='line_1_2' title="bbox 0 261 70 292; baseline -0.029 -9"><span class='ocrx_word' id='word_1_3' title='bbox 0 261 70 292; x_wconf 64' lang='lat'>317.</span> 
     </span>
     <span class='ocr_line' id='line_1_3' title="bbox 0 295 72 319; baseline 0.014 -3"><span class='ocrx_word' id='word_1_4' title='bbox 0 295 32 319; x_wconf 70' lang='lat' dir='ltr'>zv.</span> <span class='ocrx_word' id='word_1_5' title='bbox 46 299 72 317; x_wconf 88' lang='lat'>2.</span> 
     </span>
    </p>
   </div>
   <div class='ocr_carea' id='block_1_3' title="bbox 0 3483 81 3559">
    <p class='ocr_par' dir='ltr' id='par_1_3' title="bbox 0 3483 81 3559">
     <span class='ocr_line' id='line_1_4' title="bbox 0 3483 81 3521; baseline 0.012 -1"><span class='ocrx_word' id='word_1_6' title='bbox 0 3483 81 3521; x_wconf 48' lang='lat' dir='ltr'>¹*nir</span> 
     </span>
     <span class='ocr_line' id='line_1_5' title="bbox 6 3530 68 3559; baseline 0.048 -3"><span class='ocrx_word' id='word_1_7' title='bbox 6 3530 68 3559; x_wconf 84' lang='lat'>628.</span> 
     </span>
    </p>
   </div>
   <div class='ocr_carea' id='block_1_4' title="bbox 685 109 1660 172">
    <p class='ocr_par' dir='ltr' id='par_1_4' title="bbox 685 109 1660 172">
     <span class='ocr_line' id='line_1_6' title="bbox 685 109 1660 172; baseline 0.006 -5"><span class='ocrx_word' id='word_1_8' title='bbox 685 115 793 168; x_wconf 74' lang='lat' dir='ltr'>ET</span> <span class='ocrx_word' id='word_1_9' title='bbox 857 114 1123 166; x_wconf 82' lang='lat' dir='ltr'><strong>ACTA</strong></span> <span class='ocrx_word' id='word_1_10' title='bbox 1187 109 1660 172; x_wconf 75' lang='lat' dir='ltr'>PUBLICA.</span> 
     </span>
    </p>
   </div>
   <div class='ocr_carea' id='block_1_5' title="bbox 109 208 1174 560">
    <p class='ocr_par' dir='ltr' id='par_1_5' title="bbox 109 208 1174 560">
     <span class='ocr_line' id='line_1_7' title="bbox 109 208 1172 253; baseline -0.006 -9"><span class='ocrx_word' id='word_1_11' title='bbox 109 223 142 245; x_wconf 84' lang='lat' dir='ltr'>ac</span> <span class='ocrx_word' id='word_1_12' title='bbox 157 213 309 245; x_wconf 69' lang='lat' dir='ltr'>districtius</span> <span class='ocrx_word' id='word_1_13' title='bbox 325 215 484 245; x_wconf 83' lang='lat' dir='ltr'><strong>inhibemus</strong></span> <span class='ocrx_word' id='word_1_14' title='bbox 505 214 636 245; x_wconf 82' lang='lat' dir='ltr'>omnibus</span> <span class='ocrx_word' id='word_1_15' title='bbox 655 213 756 243; x_wconf 91' lang='lat' dir='ltr'>nostris</span> <span class='ocrx_word' id='word_1_16' title='bbox 778 210 974 248; x_wconf 85' lang='lat' dir='ltr'>Officialibus,</span> <span class='ocrx_word' id='word_1_17' title='bbox 997 209 1120 253; x_wconf 77' lang='lat' dir='ltr'>Subditis</span> <span class='ocrx_word' id='word_1_18' title='bbox 1139 208 1172 239; x_wconf 89' lang='lat'>&amp;</span> 
     </span>
     <span class='ocr_line' id='line_1_8' title="bbox 111 247 1173 292; baseline -0.006 -10"><span class='ocrx_word' id='word_1_19' title='bbox 111 251 266 292; x_wconf 87' lang='lat' dir='ltr'>Ministris,</span> <span class='ocrx_word' id='word_1_20' title='bbox 284 264 319 283; x_wconf 83' lang='lat' dir='ltr'>ne</span> <span class='ocrx_word' id='word_1_21' title='bbox 334 256 367 284; x_wconf 79' lang='lat' dir='ltr'>ad</span> <span class='ocrx_word' id='word_1_22' title='bbox 385 253 522 291; x_wconf 67' lang='lat' dir='ltr'>praemissa</span> <span class='ocrx_word' id='word_1_23' title='bbox 536 252 625 282; x_wconf 85' lang='lat' dir='ltr'>modo</span> <span class='ocrx_word' id='word_1_24' title='bbox 641 251 767 288; x_wconf 88' lang='lat' dir='ltr'>quolibet</span> <span class='ocrx_word' id='word_1_25' title='bbox 782 260 879 280; x_wconf 83' lang='lat' dir='ltr'>manus</span> <span class='ocrx_word' id='word_1_26' title='bbox 891 248 1055 286; x_wconf 75' lang='lat' dir='ltr'>exrendant,</span> <span class='ocrx_word' id='word_1_27' title='bbox 1073 247 1123 277; x_wconf 91' lang='lat' dir='ltr'>nisi</span> <span class='ocrx_word' id='word_1_28' title='bbox 1137 247 1173 277; x_wconf 93' lang='lat' dir='ltr'>de</span> 
     </span>
     <span class='ocr_line' id='line_1_9' title="bbox 109 284 1173 330; baseline -0.007 -9"><span class='ocrx_word' id='word_1_29' title='bbox 109 291 192 330; x_wconf 88' lang='lat' dir='ltr'>ipsius</span> <span class='ocrx_word' id='word_1_30' title='bbox 205 291 330 322; x_wconf 85' lang='lat' dir='ltr'>Domini</span> <span class='ocrx_word' id='word_1_31' title='bbox 345 292 518 328; x_wconf 86' lang='lat' dir='ltr'>Clementis,</span> <span class='ocrx_word' id='word_1_32' title='bbox 535 291 578 320; x_wconf 92' lang='lat' dir='ltr'>vel</span> <span class='ocrx_word' id='word_1_33' title='bbox 596 289 796 326; x_wconf 58' lang='lat' dir='ltr'>praedoetarum</span> <span class='ocrx_word' id='word_1_34' title='bbox 811 287 1005 325; x_wconf 85' lang='lat' dir='ltr'>personarum,</span> <span class='ocrx_word' id='word_1_35' title='bbox 1023 284 1173 328; x_wconf 24' lang='lat' dir='ltr'>veltperso-</span> 
     </span>
     <span class='ocr_line' id='line_1_10' title="bbox 109 324 1171 368; baseline -0.007 -9"><span class='ocrx_word' id='word_1_36' title='bbox 109 339 173 367; x_wconf 77' lang='lat' dir='ltr'>nae,</span> <span class='ocrx_word' id='word_1_37' title='bbox 191 328 341 360; x_wconf 89' lang='lat' dir='ltr'>secundum</span> <span class='ocrx_word' id='word_1_38' title='bbox 355 329 502 368; x_wconf 80' lang='lat' dir='ltr'>praefatum</span> <span class='ocrx_word' id='word_1_39' title='bbox 517 327 654 364; x_wconf 87' lang='lat' dir='ltr'>modum,</span> <span class='ocrx_word' id='word_1_40' title='bbox 674 328 702 356; x_wconf 90' lang='lat' dir='ltr'>in</span> <span class='ocrx_word' id='word_1_41' title='bbox 716 326 949 357; x_wconf 72' lang='lat' dir='ltr'>dietiseventibus</span> <span class='ocrx_word' id='word_1_42' title='bbox 963 324 1091 362; x_wconf 87' lang='lat' dir='ltr'>expreslo</span> <span class='ocrx_word' id='word_1_43' title='bbox 1099 333 1171 353; x_wconf 90' lang='lat' dir='ltr'>con-</span> 
     </span>
     <span class='ocr_line' id='line_1_11' title="bbox 110 363 1090 407; baseline -0.004 -10"><span class='ocrx_word' id='word_1_44' title='bbox 110 367 204 406; x_wconf 86' lang='lat' dir='ltr'>sensu,</span> <span class='ocrx_word' id='word_1_45' title='bbox 222 370 270 407; x_wconf 88' lang='lat' dir='ltr'>qui</span> <span class='ocrx_word' id='word_1_46' title='bbox 284 369 445 406; x_wconf 74' lang='lat' dir='ltr'>probabitur</span> <span class='ocrx_word' id='word_1_47' title='bbox 459 365 545 396; x_wconf 90' lang='lat' dir='ltr'>modo</span> <span class='ocrx_word' id='word_1_48' title='bbox 559 365 680 402; x_wconf 81' lang='lat' dir='ltr'>ssiperius</span> <span class='ocrx_word' id='word_1_49' title='bbox 693 363 854 402; x_wconf 80' lang='lat' dir='ltr'>expressato.</span> <span class='ocrx_word' id='word_1_50' title='bbox 1085 400 1090 404; x_wconf 34' lang='grc' dir='ltr'>Ι</span> 
     </span>
     <span class='ocr_line' id='line_1_12' title="bbox 148 399 1173 444; baseline -0.006 -9"><span class='ocrx_word' id='word_1_51' title='bbox 148 405 342 437; x_wconf 88' lang='lat' dir='ltr'>Promittimus</span> <span class='ocrx_word' id='word_1_52' title='bbox 357 407 462 443; x_wconf 75' lang='lat' dir='ltr'>insuper</span> <span class='ocrx_word' id='word_1_53' title='bbox 477 404 554 442; x_wconf 80' lang='lat' dir='ltr'>quod</span> <span class='ocrx_word' id='word_1_54' title='bbox 571 405 606 433; x_wconf 90' lang='lat' dir='ltr'>ab</span> <span class='ocrx_word' id='word_1_55' title='bbox 621 404 754 433; x_wconf 88' lang='lat' dir='ltr'>omnibus</span> <span class='ocrx_word' id='word_1_56' title='bbox 768 404 802 433; x_wconf 89' lang='lat'>&amp;</span> <span class='ocrx_word' id='word_1_57' title='bbox 819 400 932 440; x_wconf 87' lang='lat' dir='ltr'>singulis</span> <span class='ocrx_word' id='word_1_58' title='bbox 946 399 1122 444; x_wconf 75' lang='lat' dir='ltr'>Senescalhs,</span> <span class='ocrx_word' id='word_1_59' title='bbox 1139 399 1173 429; x_wconf 89' lang='lat'>&amp;</span> 
     </span>
     <span class='ocr_line' id='line_1_13' title="bbox 111 437 1173 483; baseline -0.008 -9"><span class='ocrx_word' id='word_1_60' title='bbox 111 445 322 483; x_wconf 82' lang='lat' dir='ltr'>quibuscunque</span> <span class='ocrx_word' id='word_1_61' title='bbox 335 445 390 475; x_wconf 85' lang='lat' dir='ltr'>aliis</span> <span class='ocrx_word' id='word_1_62' title='bbox 402 442 502 473; x_wconf 87' lang='lat' dir='ltr'>nostris</span> <span class='ocrx_word' id='word_1_63' title='bbox 517 441 711 480; x_wconf 77' lang='lat' dir='ltr'>officialibus,</span> <span class='ocrx_word' id='word_1_64' title='bbox 729 441 773 471; x_wconf 89' lang='lat' dir='ltr'>seu</span> <span class='ocrx_word' id='word_1_65' title='bbox 785 440 940 475; x_wconf 81' lang='lat' dir='ltr'>Ministris,</span> <span class='ocrx_word' id='word_1_66' title='bbox 957 440 1005 477; x_wconf 92' lang='lat' dir='ltr'>qui</span> <span class='ocrx_word' id='word_1_67' title='bbox 1025 448 1055 468; x_wconf 87' lang='lat' dir='ltr'>in</span> <span class='ocrx_word' id='word_1_68' title='bbox 1076 437 1173 475; x_wconf 77' lang='lat' dir='ltr'>dictis,</span> 
     </span>
     <span class='ocr_line' id='line_1_14' title="bbox 112 476 1174 519; baseline -0.008 -6"><span class='ocrx_word' id='word_1_69' title='bbox 112 481 230 514; x_wconf 88' lang='lat' dir='ltr'>Ducatu</span> <span class='ocrx_word' id='word_1_70' title='bbox 243 485 276 515; x_wconf 89' lang='lat'>&amp;</span> <span class='ocrx_word' id='word_1_71' title='bbox 292 483 401 519; x_wconf 84' lang='lat' dir='ltr'>Terris,</span> <span class='ocrx_word' id='word_1_72' title='bbox 419 492 434 511; x_wconf 89' lang='lat' dir='ltr'>a</span> <span class='ocrx_word' id='word_1_73' title='bbox 447 480 528 510; x_wconf 88' lang='lat' dir='ltr'>nobis</span> <span class='ocrx_word' id='word_1_74' title='bbox 543 480 666 516; x_wconf 86' lang='lat' dir='ltr'>deputati</span> <span class='ocrx_word' id='word_1_75' title='bbox 678 479 754 517; x_wconf 89' lang='lat' dir='ltr'>sunt,</span> <span class='ocrx_word' id='word_1_76' title='bbox 773 479 817 509; x_wconf 94' lang='lat' dir='ltr'>vel</span> <span class='ocrx_word' id='word_1_77' title='bbox 833 477 1023 516; x_wconf 77' lang='lat' dir='ltr'>imposterum</span> <span class='ocrx_word' id='word_1_78' title='bbox 1037 476 1174 519; x_wconf 80' lang='lat' dir='ltr'>creabun-</span> 
     </span>
     <span class='ocr_line' id='line_1_15' title="bbox 112 513 1172 560; baseline -0.008 -9"><span class='ocrx_word' id='word_1_79' title='bbox 112 529 175 560; x_wconf 86' lang='lat' dir='ltr'>tur,</span> <span class='ocrx_word' id='word_1_80' title='bbox 189 522 376 560; x_wconf 87' lang='lat' dir='ltr'>juramentum</span> <span class='ocrx_word' id='word_1_81' title='bbox 389 520 547 556; x_wconf 78' lang='lat' dir='ltr'>exigemus,</span> <span class='ocrx_word' id='word_1_82' title='bbox 565 518 597 548; x_wconf 69' lang='grc' dir='ltr'>ὃ(</span> <span class='ocrx_word' id='word_1_83' title='bbox 610 527 657 555; x_wconf 86' lang='lat' dir='ltr'>per</span> <span class='ocrx_word' id='word_1_84' title='bbox 673 528 720 548; x_wconf 89' lang='lat' dir='ltr'>eos</span> <span class='ocrx_word' id='word_1_85' title='bbox 734 518 868 547; x_wconf 88' lang='lat' dir='ltr'>faciemus</span> <span class='ocrx_word' id='word_1_86' title='bbox 881 515 1024 554; x_wconf 66' lang='lat' dir='ltr'>praestari,</span> <span class='ocrx_word' id='word_1_87' title='bbox 1040 516 1069 544; x_wconf 88' lang='lat' dir='ltr'>in</span> <span class='ocrx_word' id='word_1_88' title='bbox 1092 513 1172 544; x_wconf 67' lang='lat' dir='ltr'>dicto</span> 
     </span>
    </p>
   </div>
   <div class='ocr_carea' id='block_1_6' title="bbox 60 552 1174 603">
    <p class='ocr_par' dir='ltr' id='par_1_6' title="bbox 60 552 1174 603">
     <span class='ocr_line' id='line_1_16' title="bbox 60 552 1174 603; baseline -0.005 -15"><span class='ocrx_word' id='word_1_89' title='bbox 60 580 68 588; x_wconf 93' lang='lat'><strong>.</strong></span> <span class='ocrx_word' id='word_1_90' title='bbox 112 558 246 599; x_wconf 82' lang='lat' dir='ltr'>Duc-atu,</span> <span class='ocrx_word' id='word_1_91' title='bbox 263 560 352 603; x_wconf 82' lang='lat' dir='ltr'>palam</span> <span class='ocrx_word' id='word_1_92' title='bbox 369 558 401 588; x_wconf 90' lang='lat'>&amp;</span> <span class='ocrx_word' id='word_1_93' title='bbox 421 556 552 594; x_wconf 83' lang='lat' dir='ltr'>publice,</span> <span class='ocrx_word' id='word_1_94' title='bbox 569 558 598 586; x_wconf 92' lang='lat' dir='ltr'>in</span> <span class='ocrx_word' id='word_1_95' title='bbox 613 556 752 593; x_wconf 75' lang='lat' dir='ltr'>praesentia</span> <span class='ocrx_word' id='word_1_96' title='bbox 760 554 969 585; x_wconf 73' lang='lat' dir='ltr'>*procuratoris</span> <span class='ocrx_word' id='word_1_97' title='bbox 983 554 1052 584; x_wconf 70' lang='lat' dir='ltr'>dieti</span> <span class='ocrx_word' id='word_1_98' title='bbox 1066 552 1174 582; x_wconf 81' lang='lat' dir='ltr'>Domi-</span> 
     </span>
    </p>
   </div>
   <div class='ocr_carea' id='block_1_7' title="bbox 111 591 1175 789">
    <p class='ocr_par' dir='ltr' id='par_1_7' title="bbox 111 591 1175 789">
     <span class='ocr_line' id='line_1_17' title="bbox 112 591 1174 635; baseline -0.008 -6"><span class='ocrx_word' id='word_1_99' title='bbox 112 599 144 628; x_wconf 89' lang='lat' dir='ltr'>ni</span> <span class='ocrx_word' id='word_1_100' title='bbox 160 597 328 634; x_wconf 86' lang='lat' dir='ltr'>Clementis,</span> <span class='ocrx_word' id='word_1_101' title='bbox 344 595 387 625; x_wconf 87' lang='lat' dir='ltr'>seu</span> <span class='ocrx_word' id='word_1_102' title='bbox 403 594 580 632; x_wconf 89' lang='lat' dir='ltr'>personarum</span> <span class='ocrx_word' id='word_1_103' title='bbox 594 594 807 631; x_wconf 70' lang='lat' dir='ltr'>praedie‘carum,</span> <span class='ocrx_word' id='word_1_104' title='bbox 825 593 870 624; x_wconf 92' lang='lat' dir='ltr'>vel</span> <span class='ocrx_word' id='word_1_105' title='bbox 888 593 1055 635; x_wconf 82' lang='lat' dir='ltr'>aliquarum,</span> <span class='ocrx_word' id='word_1_106' title='bbox 1071 592 1116 634; x_wconf 83' lang='lat' dir='ltr'>seu</span> <span class='ocrx_word' id='word_1_107' title='bbox 1125 591 1174 620; x_wconf 85' lang='lat' dir='ltr'>ali-</span> 
     </span>
     <span class='ocr_line' id='line_1_18' title="bbox 111 631 1174 675; baseline -0.008 -9"><span class='ocrx_word' id='word_1_108' title='bbox 111 637 191 675; x_wconf 87' lang='lat' dir='ltr'>cujus</span> <span class='ocrx_word' id='word_1_109' title='bbox 204 645 238 668; x_wconf 89' lang='lat' dir='ltr'>ex</span> <span class='ocrx_word' id='word_1_110' title='bbox 251 637 305 672; x_wconf 82' lang='lat' dir='ltr'>eis,</span> <span class='ocrx_word' id='word_1_111' title='bbox 322 633 472 664; x_wconf 90' lang='lat' dir='ltr'>secundum</span> <span class='ocrx_word' id='word_1_112' title='bbox 490 632 610 663; x_wconf 90' lang='lat' dir='ltr'>modum</span> <span class='ocrx_word' id='word_1_113' title='bbox 625 631 820 669; x_wconf 78' lang='lat' dir='ltr'>praemissum,</span> <span class='ocrx_word' id='word_1_114' title='bbox 836 632 864 661; x_wconf 92' lang='lat' dir='ltr'>in</span> <span class='ocrx_word' id='word_1_115' title='bbox 878 632 997 669; x_wconf 76' lang='lat' dir='ltr'>praetatis</span> <span class='ocrx_word' id='word_1_116' title='bbox 1010 631 1174 667; x_wconf 81' lang='lat' dir='ltr'>eventibus,</span> 
     </span>
     <span class='ocr_line' id='line_1_19' title="bbox 113 669 1174 708; baseline -0.007 -3"><span class='ocrx_word' id='word_1_117' title='bbox 113 674 240 705; x_wconf 80' lang='lat' dir='ltr'>habentis</span> <span class='ocrx_word' id='word_1_118' title='bbox 254 673 288 703; x_wconf 88' lang='lat' dir='ltr'>ad</span> <span class='ocrx_word' id='word_1_119' title='bbox 303 672 359 701; x_wconf 92' lang='lat' dir='ltr'>hoc</span> <span class='ocrx_word' id='word_1_120' title='bbox 375 670 491 708; x_wconf 87' lang='lat' dir='ltr'>speciale</span> <span class='ocrx_word' id='word_1_121' title='bbox 505 669 666 700; x_wconf 88' lang='lat' dir='ltr'>mandatum</span> <span class='ocrx_word' id='word_1_122' title='bbox 675 693 684 707; x_wconf 94' lang='lat'>,</span> <span class='ocrx_word' id='word_1_123' title='bbox 702 670 781 708; x_wconf 78' lang='lat' dir='ltr'>quod</span> <span class='ocrx_word' id='word_1_124' title='bbox 796 669 894 700; x_wconf 87' lang='lat' dir='ltr'>omnia</span> <span class='ocrx_word' id='word_1_125' title='bbox 908 680 957 707; x_wconf 88' lang='lat' dir='ltr'>per</span> <span class='ocrx_word' id='word_1_126' title='bbox 971 679 1040 707; x_wconf 84' lang='lat' dir='ltr'>nos,</span> <span class='ocrx_word' id='word_1_127' title='bbox 1058 670 1088 698; x_wconf 91' lang='lat' dir='ltr'>in</span> <span class='ocrx_word' id='word_1_128' title='bbox 1100 678 1174 705; x_wconf 72' lang='lat' dir='ltr'>prae-</span> 
     </span>
     <span class='ocr_line' id='line_1_20' title="bbox 111 707 1175 747; baseline -0.008 -3"><span class='ocrx_word' id='word_1_129' title='bbox 111 713 232 744; x_wconf 87' lang='lat' dir='ltr'>sentibus</span> <span class='ocrx_word' id='word_1_130' title='bbox 243 711 339 742; x_wconf 83' lang='lat' dir='ltr'>litteris</span> <span class='ocrx_word' id='word_1_131' title='bbox 355 709 503 747; x_wconf 63' lang='lat' dir='ltr'>promittit,</span> <span class='ocrx_word' id='word_1_132' title='bbox 519 708 650 738; x_wconf 77' lang='lat' dir='ltr'>concessa</span> <span class='ocrx_word' id='word_1_133' title='bbox 664 710 697 739; x_wconf 90' lang='lat'><strong>&amp;</strong></span> <span class='ocrx_word' id='word_1_134' title='bbox 710 708 849 746; x_wconf 83' lang='lat' dir='ltr'>ordinata,</span> <span class='ocrx_word' id='word_1_135' title='bbox 868 708 1065 738; x_wconf 89' lang='lat' dir='ltr'>inviolabiliter</span> <span class='ocrx_word' id='word_1_136' title='bbox 1080 707 1175 737; x_wconf 87' lang='lat' dir='ltr'>obser-</span> 
     </span>
     <span class='ocr_line' id='line_1_21' title="bbox 112 747 1175 789; baseline -0.006 -7"><span class='ocrx_word' id='word_1_137' title='bbox 112 752 235 789; x_wconf 78' lang='lat' dir='ltr'>vabunt,</span> <span class='ocrx_word' id='word_1_138' title='bbox 250 750 284 780; x_wconf 89' lang='lat'>&amp;</span> <span class='ocrx_word' id='word_1_139' title='bbox 298 748 378 787; x_wconf 81' lang='lat' dir='ltr'>quod</span> <span class='ocrx_word' id='word_1_140' title='bbox 393 749 423 778; x_wconf 89' lang='lat' dir='ltr'>in</span> <span class='ocrx_word' id='word_1_141' title='bbox 437 755 528 778; x_wconf 89' lang='lat' dir='ltr'>toturn</span> <span class='ocrx_word' id='word_1_142' title='bbox 542 747 573 777; x_wconf 90' lang='lat' dir='ltr'>in</span> <span class='ocrx_word' id='word_1_143' title='bbox 586 747 757 778; x_wconf 87' lang='lat' dir='ltr'>contrarium</span> <span class='ocrx_word' id='word_1_144' title='bbox 775 756 835 777; x_wconf 87' lang='lat' dir='ltr'>non</span> <span class='ocrx_word' id='word_1_145' title='bbox 858 748 970 777; x_wconf 86' lang='lat' dir='ltr'>venierit</span> <span class='ocrx_word' id='word_1_146' title='bbox 992 755 1046 777; x_wconf 88' lang='lat' dir='ltr'>nec</span> <span class='ocrx_word' id='word_1_147' title='bbox 1065 747 1094 776; x_wconf 90' lang='lat' dir='ltr'>in</span> <span class='ocrx_word' id='word_1_148' title='bbox 1113 754 1175 783; x_wconf 87' lang='lat' dir='ltr'>par-</span> 
     </span>
    </p>
   </div>
   <div class='ocr_carea' id='block_1_8' title="bbox 110 795 1180 3176">
    <p class='ocr_par' dir='ltr' id='par_1_8' title="bbox 112 795 187 820">
     <span class='ocr_line' id='line_1_22' title="bbox 112 795 187 820; baseline 0 0"><span class='ocrx_word' id='word_1_149' title='bbox 112 795 187 820; x_wconf 88' lang='lat' dir='ltr'>tem·</span> 
     </span>
    </p>

    <p class='ocr_par' dir='ltr' id='par_1_9' title="bbox 110 812 1175 973">
     <span class='ocr_line' id='line_1_23' title="bbox 147 812 1173 864; baseline -0.007 -6"><span class='ocrx_word' id='word_1_150' title='bbox 147 812 305 858; x_wconf 76' lang='lat' dir='ltr'>lniiibentes</span> <span class='ocrx_word' id='word_1_151' title='bbox 317 823 491 863; x_wconf 87' lang='lat' dir='ltr'>Senescallis,</span> <span class='ocrx_word' id='word_1_152' title='bbox 509 822 706 862; x_wconf 86' lang='lat' dir='ltr'>Officialibus,</span> <span class='ocrx_word' id='word_1_153' title='bbox 725 824 760 854; x_wconf 88' lang='lat'>&amp;</span> <span class='ocrx_word' id='word_1_154' title='bbox 775 823 943 864; x_wconf 88' lang='lat' dir='ltr'>quibussibet</span> <span class='ocrx_word' id='word_1_155' title='bbox 966 822 1105 853; x_wconf 89' lang='lat' dir='ltr'>Ministris</span> <span class='ocrx_word' id='word_1_156' title='bbox 1120 831 1173 852; x_wconf 93' lang='lat' dir='ltr'>no-</span> 
     </span>
     <span class='ocr_line' id='line_1_24' title="bbox 111 861 1175 904; baseline -0.005 -8"><span class='ocrx_word' id='word_1_157' title='bbox 111 864 188 904; x_wconf 83' lang='lat' dir='ltr'>stris,</span> <span class='ocrx_word' id='word_1_158' title='bbox 206 864 239 895; x_wconf 93' lang='lat'>&amp;</span> <span class='ocrx_word' id='word_1_159' title='bbox 253 864 373 902; x_wconf 90' lang='lat' dir='ltr'>ipsorum</span> <span class='ocrx_word' id='word_1_160' title='bbox 387 863 451 893; x_wconf 85' lang='lat' dir='ltr'>loca</span> <span class='ocrx_word' id='word_1_161' title='bbox 463 862 636 900; x_wconf 86' lang='lat' dir='ltr'>tenentibus,</span> <span class='ocrx_word' id='word_1_162' title='bbox 655 861 800 900; x_wconf 75' lang='lat' dir='ltr'>Ducatsis,</span> <span class='ocrx_word' id='word_1_163' title='bbox 818 862 1011 893; x_wconf 87' lang='lat' dir='ltr'>&amp;Terrarum</span> <span class='ocrx_word' id='word_1_164' title='bbox 1026 861 1175 899; x_wconf 49' lang='lat' dir='ltr'>praedicta-</span> 
     </span>
     <span class='ocr_line' id='line_1_25' title="bbox 110 898 1174 942; baseline -0.004 -8"><span class='ocrx_word' id='word_1_165' title='bbox 110 913 194 942; x_wconf 83' lang='lat' dir='ltr'>rum,</span> <span class='ocrx_word' id='word_1_166' title='bbox 213 902 308 941; x_wconf 79' lang='lat' dir='ltr'>quod,</span> <span class='ocrx_word' id='word_1_167' title='bbox 325 911 386 932; x_wconf 87' lang='lat' dir='ltr'>ante</span> <span class='ocrx_word' id='word_1_168' title='bbox 400 901 609 939; x_wconf 78' lang='lat' dir='ltr'>praestationem</span> <span class='ocrx_word' id='word_1_169' title='bbox 621 901 700 939; x_wconf 86' lang='lat' dir='ltr'>hujus</span> <span class='ocrx_word' id='word_1_170' title='bbox 709 901 873 940; x_wconf 84' lang='lat' dir='ltr'>juramenti,</span> <span class='ocrx_word' id='word_1_171' title='bbox 891 900 926 931; x_wconf 90' lang='lat' dir='ltr'>de</span> <span class='ocrx_word' id='word_1_172' title='bbox 940 899 1095 932; x_wconf 70' lang='lat' dir='ltr'>commissis</span> <span class='ocrx_word' id='word_1_173' title='bbox 1107 898 1174 930; x_wconf 88' lang='lat' dir='ltr'>offi-</span> 
     </span>
     <span class='ocr_line' id='line_1_26' title="bbox 113 939 585 973; baseline -0.008 0"><span class='ocrx_word' id='word_1_174' title='bbox 113 942 164 973; x_wconf 89' lang='lat' dir='ltr'>ciis</span> <span class='ocrx_word' id='word_1_175' title='bbox 177 942 204 972; x_wconf 90' lang='lat' dir='ltr'>se</span> <span class='ocrx_word' id='word_1_176' title='bbox 216 941 367 972; x_wconf 80' lang='lat' dir='ltr'>nullatenus</span> <span class='ocrx_word' id='word_1_177' title='bbox 380 939 566 970; x_wconf 84' lang='lat' dir='ltr'>intromittant</span> <span class='ocrx_word' id='word_1_178' title='bbox 578 949 585 969; x_wconf 80' lang='lat' dir='ltr'>z</span> 
     </span>
    </p>

    <p class='ocr_par' dir='ltr' id='par_1_10' title="bbox 111 976 1175 1055">
     <span class='ocr_line' id='line_1_27' title="bbox 151 976 1175 1018; baseline -0.004 -7"><span class='ocrx_word' id='word_1_179' title='bbox 151 980 284 1011; x_wconf 89' lang='lat' dir='ltr'>Volentes</span> <span class='ocrx_word' id='word_1_180' title='bbox 298 979 333 1009; x_wconf 76' lang='grc' dir='ltr'>δι’</span> <span class='ocrx_word' id='word_1_181' title='bbox 345 978 507 1009; x_wconf 71' lang='lat' dir='ltr'>mandantes</span> <span class='ocrx_word' id='word_1_182' title='bbox 518 978 653 1009; x_wconf 89' lang='lat' dir='ltr'>omnibus</span> <span class='ocrx_word' id='word_1_183' title='bbox 667 977 766 1009; x_wconf 87' lang='lat' dir='ltr'>nostris</span> <span class='ocrx_word' id='word_1_184' title='bbox 772 977 901 1018; x_wconf 86' lang='lat' dir='ltr'>subditis,</span> <span class='ocrx_word' id='word_1_185' title='bbox 918 986 966 1017; x_wconf 87' lang='lat' dir='ltr'>ut,</span> <span class='ocrx_word' id='word_1_186' title='bbox 984 986 1048 1010; x_wconf 89' lang='lat' dir='ltr'>ante</span> <span class='ocrx_word' id='word_1_187' title='bbox 1062 976 1175 1016; x_wconf 85' lang='lat' dir='ltr'>praesta-</span> 
     </span>
     <span class='ocr_line' id='line_1_28' title="bbox 111 1016 1115 1055; baseline -0.004 -5"><span class='ocrx_word' id='word_1_188' title='bbox 111 1020 222 1050; x_wconf 90' lang='lat' dir='ltr'>tionem</span> <span class='ocrx_word' id='word_1_189' title='bbox 234 1016 391 1055; x_wconf 86' lang='lat' dir='ltr'>hujusmodi</span> <span class='ocrx_word' id='word_1_190' title='bbox 401 1017 571 1055; x_wconf 89' lang='lat' dir='ltr'>juramenti,</span> <span class='ocrx_word' id='word_1_191' title='bbox 587 1018 626 1047; x_wconf 91' lang='lat' dir='ltr'>eis</span> <span class='ocrx_word' id='word_1_192' title='bbox 638 1018 667 1047; x_wconf 91' lang='lat' dir='ltr'>in</span> <span class='ocrx_word' id='word_1_193' title='bbox 683 1018 762 1048; x_wconf 92' lang='lat' dir='ltr'>nullo</span> <span class='ocrx_word' id='word_1_194' title='bbox 774 1025 885 1055; x_wconf 87' lang='lat' dir='ltr'>pareant</span> <span class='ocrx_word' id='word_1_195' title='bbox 897 1025 942 1048; x_wconf 85' lang='lat' dir='ltr'>aut</span> <span class='ocrx_word' id='word_1_196' title='bbox 957 1017 1115 1048; x_wconf 84' lang='lat' dir='ltr'>intendant:</span> 
     </span>
    </p>

    <p class='ocr_par' dir='ltr' id='par_1_11' title="bbox 113 1054 1179 1319">
     <span class='ocr_line' id='line_1_29' title="bbox 153 1054 1174 1094; baseline -0.002 -8"><span class='ocrx_word' id='word_1_197' title='bbox 153 1056 219 1087; x_wconf 91' lang='lat' dir='ltr'>Nos</span> <span class='ocrx_word' id='word_1_198' title='bbox 233 1058 311 1087; x_wconf 88' lang='lat' dir='ltr'>enim</span> <span class='ocrx_word' id='word_1_199' title='bbox 324 1055 490 1094; x_wconf 83' lang='lat' dir='ltr'>solenniter,</span> <span class='ocrx_word' id='word_1_200' title='bbox 507 1055 576 1086; x_wconf 91' lang='lat' dir='ltr'>sicut</span> <span class='ocrx_word' id='word_1_201' title='bbox 588 1054 683 1094; x_wconf 89' lang='lat' dir='ltr'>supra,</span> <span class='ocrx_word' id='word_1_202' title='bbox 708 1057 900 1094; x_wconf 82' lang='lat' dir='ltr'>promittimus</span> <span class='ocrx_word' id='word_1_203' title='bbox 920 1056 1000 1094; x_wconf 78' lang='lat' dir='ltr'>quod</span> <span class='ocrx_word' id='word_1_204' title='bbox 1022 1065 1111 1093; x_wconf 90' lang='lat' dir='ltr'>neque</span> <span class='ocrx_word' id='word_1_205' title='bbox 1125 1063 1174 1092; x_wconf 88' lang='lat' dir='ltr'>per</span> 
     </span>
     <span class='ocr_line' id='line_1_30' title="bbox 114 1093 1177 1133; baseline -0.005 -7"><span class='ocrx_word' id='word_1_206' title='bbox 114 1103 184 1133; x_wconf 69' lang='lat'>110⁵,</span> <span class='ocrx_word' id='word_1_207' title='bbox 199 1103 287 1133; x_wconf 89' lang='lat' dir='ltr'>neque</span> <span class='ocrx_word' id='word_1_208' title='bbox 302 1100 351 1132; x_wconf 84' lang='lat' dir='ltr'>per</span> <span class='ocrx_word' id='word_1_209' title='bbox 364 1094 469 1132; x_wconf 89' lang='lat' dir='ltr'>alium,</span> <span class='ocrx_word' id='word_1_210' title='bbox 487 1093 523 1124; x_wconf 93' lang='lat' dir='ltr'>de</span> <span class='ocrx_word' id='word_1_211' title='bbox 532 1094 691 1133; x_wconf 71' lang='lat' dir='ltr'>praedietis,</span> <span class='ocrx_word' id='word_1_212' title='bbox 706 1095 852 1133; x_wconf 80' lang='lat' dir='ltr'>velaliquo</span> <span class='ocrx_word' id='word_1_213' title='bbox 866 1095 1083 1132; x_wconf 67' lang='lat' dir='ltr'>praedictorum,</span> <span class='ocrx_word' id='word_1_214' title='bbox 1095 1094 1177 1130; x_wconf 90' lang='lat' dir='ltr'>quic-</span> 
     </span>
     <span class='ocr_line' id='line_1_31' title="bbox 113 1131 1177 1173; baseline -0.005 -8"><span class='ocrx_word' id='word_1_215' title='bbox 113 1144 199 1173; x_wconf 81' lang='lat' dir='ltr'>quam</span> <span class='ocrx_word' id='word_1_216' title='bbox 214 1134 400 1172; x_wconf 84' lang='lat' dir='ltr'>recipiemus,</span> <span class='ocrx_word' id='word_1_217' title='bbox 416 1132 531 1163; x_wconf 84' lang='lat' dir='ltr'>durante</span> <span class='ocrx_word' id='word_1_218' title='bbox 553 1134 677 1170; x_wconf 87' lang='lat' dir='ltr'>pignore</span> <span class='ocrx_word' id='word_1_219' title='bbox 697 1133 855 1171; x_wconf 72' lang='lat' dir='ltr'>supradicto</span> <span class='ocrx_word' id='word_1_220' title='bbox 870 1155 879 1170; x_wconf 87' lang='lat'>,</span> <span class='ocrx_word' id='word_1_221' title='bbox 904 1133 955 1162; x_wconf 86' lang='lat' dir='ltr'>nisi</span> <span class='ocrx_word' id='word_1_222' title='bbox 970 1132 1111 1162; x_wconf 86' lang='lat' dir='ltr'>summam</span> <span class='ocrx_word' id='word_1_223' title='bbox 1127 1131 1177 1160; x_wconf 91' lang='lat' dir='ltr'>tri-</span> 
     </span>
     <span class='ocr_line' id='line_1_32' title="bbox 113 1169 1178 1212; baseline -0.003 -10"><span class='ocrx_word' id='word_1_224' title='bbox 113 1174 191 1211; x_wconf 85' lang='lat' dir='ltr'>ginta</span> <span class='ocrx_word' id='word_1_225' title='bbox 207 1172 317 1202; x_wconf 87' lang='lat' dir='ltr'>milium</span> <span class='ocrx_word' id='word_1_226' title='bbox 331 1171 465 1202; x_wconf 86' lang='lat' dir='ltr'>librarum</span> <span class='ocrx_word' id='word_1_227' title='bbox 479 1171 601 1208; x_wconf 75' lang='lat' dir='ltr'>superius</span> <span class='ocrx_word' id='word_1_228' title='bbox 614 1169 797 1209; x_wconf 86' lang='lat' dir='ltr'>expressarum</span> <span class='ocrx_word' id='word_1_229' title='bbox 806 1195 816 1210; x_wconf 86' lang='lat'>,</span> <span class='ocrx_word' id='word_1_230' title='bbox 835 1180 889 1208; x_wconf 90' lang='lat' dir='ltr'>pro</span> <span class='ocrx_word' id='word_1_231' title='bbox 903 1172 1001 1207; x_wconf 81' lang='lat' dir='ltr'>primis</span> <span class='ocrx_word' id='word_1_232' title='bbox 1014 1170 1122 1200; x_wconf 87' lang='lat' dir='ltr'>duobus</span> <span class='ocrx_word' id='word_1_233' title='bbox 1129 1179 1178 1212; x_wconf 72' lang='lat' dir='ltr'>ari-</span> 
     </span>
     <span class='ocr_line' id='line_1_33' title="bbox 115 1208 1179 1249; baseline -0.004 -8"><span class='ocrx_word' id='word_1_234' title='bbox 115 1213 171 1249; x_wconf 84' lang='lat' dir='ltr'>nis,</span> <span class='ocrx_word' id='word_1_235' title='bbox 191 1212 223 1242; x_wconf 85' lang='lat'>&amp;</span> <span class='ocrx_word' id='word_1_236' title='bbox 241 1221 293 1248; x_wconf 90' lang='lat' dir='ltr'>pro</span> <span class='ocrx_word' id='word_1_237' title='bbox 308 1209 383 1248; x_wconf 76' lang='lat' dir='ltr'>aliis,</span> <span class='ocrx_word' id='word_1_238' title='bbox 397 1209 512 1240; x_wconf 88' lang='lat' dir='ltr'>Decem</span> <span class='ocrx_word' id='word_1_239' title='bbox 526 1209 559 1239; x_wconf 89' lang='lat'>&amp;</span> <span class='ocrx_word' id='word_1_240' title='bbox 581 1209 663 1239; x_wconf 57' lang='lat' dir='ltr'>Otito</span> <span class='ocrx_word' id='word_1_241' title='bbox 685 1208 804 1239; x_wconf 89' lang='lat' dir='ltr'>Milium</span> <span class='ocrx_word' id='word_1_242' title='bbox 828 1213 861 1239; x_wconf 70' lang='lat' dir='ltr'>oc</span> <span class='ocrx_word' id='word_1_243' title='bbox 883 1208 1113 1246; x_wconf 82' lang='lat' dir='ltr'>Qingeiitarum</span> <span class='ocrx_word' id='word_1_244' title='bbox 1130 1208 1179 1237; x_wconf 92' lang='lat' dir='ltr'>Li-</span> 
     </span>
     <span class='ocr_line' id='line_1_34' title="bbox 113 1247 1178 1287; baseline -0.004 -7"><span class='ocrx_word' id='word_1_245' title='bbox 113 1251 227 1280; x_wconf 81' lang='lat' dir='ltr'>brarum</span> <span class='ocrx_word' id='word_1_246' title='bbox 241 1248 457 1287; x_wconf 80' lang='lat' dir='ltr'>Cliipotensium</span> <span class='ocrx_word' id='word_1_247' title='bbox 465 1247 676 1287; x_wconf 84' lang='lat' dir='ltr'>,recipiendam</span> <span class='ocrx_word' id='word_1_248' title='bbox 689 1247 817 1278; x_wconf 82' lang='lat' dir='ltr'>modo&amp;</span> <span class='ocrx_word' id='word_1_249' title='bbox 830 1247 928 1278; x_wconf 82' lang='lat' dir='ltr'>formis</span> <span class='ocrx_word' id='word_1_250' title='bbox 942 1247 1178 1286; x_wconf 60' lang='lat' dir='ltr'>§iperius-expres-</span> 
     </span>
     <span class='ocr_line' id='line_1_35' title="bbox 116 1289 1073 1319; baseline -0.004 0"><span class='ocrx_word' id='word_1_251' title='bbox 116 1289 183 1319; x_wconf 78' lang='lat' dir='ltr'>satis,</span> <span class='ocrx_word' id='word_1_252' title='bbox 1069 1291 1073 1295; x_wconf 95' lang='grc'><em>“</em></span> 
     </span>
    </p>

    <p class='ocr_par' dir='ltr' id='par_1_12' title="bbox 113 1323 1179 1481">
     <span class='ocr_line' id='line_1_36' title="bbox 150 1323 1179 1365; baseline -0.004 -8"><span class='ocrx_word' id='word_1_253' title='bbox 150 1326 350 1359; x_wconf 76' lang='lat' dir='ltr'>promittimus</span> <span class='ocrx_word' id='word_1_254' title='bbox 363 1326 472 1365; x_wconf 84' lang='lat' dir='ltr'>insuper</span> <span class='ocrx_word' id='word_1_255' title='bbox 485 1324 562 1356; x_wconf 68' lang='lat' dir='ltr'>bona</span> <span class='ocrx_word' id='word_1_256' title='bbox 576 1323 631 1355; x_wconf 91' lang='lat' dir='ltr'>fide</span> <span class='ocrx_word' id='word_1_257' title='bbox 641 1325 751 1356; x_wconf 88' lang='lat' dir='ltr'>bonam</span> <span class='ocrx_word' id='word_1_258' title='bbox 765 1325 797 1356; x_wconf 91' lang='lat'>&amp;</span> <span class='ocrx_word' id='word_1_259' title='bbox 811 1323 921 1355; x_wconf 66' lang='lat' dir='ltr'>firmam</span> <span class='ocrx_word' id='word_1_260' title='bbox 929 1324 1096 1355; x_wconf 80' lang='lat' dir='ltr'>Garenticim</span> <span class='ocrx_word' id='word_1_261' title='bbox 1110 1333 1179 1361; x_wconf 88' lang='lat' dir='ltr'>por-</span> 
     </span>
     <span class='ocr_line' id='line_1_37' title="bbox 113 1363 1178 1404; baseline -0.005 -7"><span class='ocrx_word' id='word_1_262' title='bbox 113 1374 188 1404; x_wconf 79' lang='lat' dir='ltr'>tare,</span> <span class='ocrx_word' id='word_1_263' title='bbox 205 1366 239 1397; x_wconf 86' lang='lat'>&amp;</span> <span class='ocrx_word' id='word_1_264' title='bbox 255 1365 374 1396; x_wconf 75' lang='lat' dir='ltr'>eandem</span> <span class='ocrx_word' id='word_1_265' title='bbox 387 1364 515 1403; x_wconf 84' lang='lat' dir='ltr'>praestare</span> <span class='ocrx_word' id='word_1_266' title='bbox 529 1365 558 1394; x_wconf 92' lang='lat' dir='ltr'>in</span> <span class='ocrx_word' id='word_1_267' title='bbox 569 1363 681 1402; x_wconf 85' lang='lat' dir='ltr'>judicio</span> <span class='ocrx_word' id='word_1_268' title='bbox 696 1364 728 1394; x_wconf 88' lang='lat'>&amp;</span> <span class='ocrx_word' id='word_1_269' title='bbox 749 1372 839 1402; x_wconf 86' lang='lat' dir='ltr'>extra,</span> <span class='ocrx_word' id='word_1_270' title='bbox 858 1364 984 1394; x_wconf 73' lang='lat' dir='ltr'>adversus</span> <span class='ocrx_word' id='word_1_271' title='bbox 1000 1363 1178 1401; x_wconf 80' lang='lat' dir='ltr'>quoscunque</span> 
     </span>
     <span class='ocr_line' id='line_1_38' title="bbox 115 1402 1179 1442; baseline -0.002 -8"><span class='ocrx_word' id='word_1_272' title='bbox 115 1404 295 1442; x_wconf 82' lang='lat' dir='ltr'>Creditores,</span> <span class='ocrx_word' id='word_1_273' title='bbox 313 1403 522 1440; x_wconf 75' lang='lat' dir='ltr'>PensionariOS,</span> <span class='ocrx_word' id='word_1_274' title='bbox 539 1402 585 1433; x_wconf 90' lang='lat' dir='ltr'>seu</span> <span class='ocrx_word' id='word_1_275' title='bbox 599 1402 798 1440; x_wconf 87' lang='lat' dir='ltr'>Stipendiarios</span> <span class='ocrx_word' id='word_1_276' title='bbox 812 1425 821 1440; x_wconf 91' lang='lat'>,</span> <span class='ocrx_word' id='word_1_277' title='bbox 846 1402 890 1433; x_wconf 90' lang='lat' dir='ltr'>vel</span> <span class='ocrx_word' id='word_1_278' title='bbox 912 1402 979 1432; x_wconf 82' lang='lat' dir='ltr'>alios</span> <span class='ocrx_word' id='word_1_279' title='bbox 997 1404 1043 1440; x_wconf 85' lang='lat' dir='ltr'>qui</span> <span class='ocrx_word' id='word_1_280' title='bbox 1058 1404 1089 1432; x_wconf 91' lang='lat' dir='ltr'>in</span> <span class='ocrx_word' id='word_1_281' title='bbox 1106 1411 1179 1439; x_wconf 78' lang='lat' dir='ltr'>prae-</span> 
     </span>
     <span class='ocr_line' id='line_1_39' title="bbox 115 1440 1126 1481; baseline -0.003 -8"><span class='ocrx_word' id='word_1_282' title='bbox 115 1442 202 1474; x_wconf 79' lang='lat' dir='ltr'>millis</span> <span class='ocrx_word' id='word_1_283' title='bbox 237 1442 281 1473; x_wconf 90' lang='lat' dir='ltr'>vel</span> <span class='ocrx_word' id='word_1_284' title='bbox 295 1441 388 1481; x_wconf 88' lang='lat' dir='ltr'>aliquo</span> <span class='ocrx_word' id='word_1_285' title='bbox 407 1440 614 1480; x_wconf 84' lang='lat' dir='ltr'>praemifforum</span> <span class='ocrx_word' id='word_1_286' title='bbox 628 1440 732 1479; x_wconf 87' lang='lat' dir='ltr'>aliquid</span> <span class='ocrx_word' id='word_1_287' title='bbox 747 1448 869 1479; x_wconf 84' lang='lat' dir='ltr'>peteret,</span> <span class='ocrx_word' id='word_1_288' title='bbox 888 1441 933 1471; x_wconf 88' lang='lat' dir='ltr'>seu</span> <span class='ocrx_word' id='word_1_289' title='bbox 950 1441 1126 1472; x_wconf 79' lang='lat' dir='ltr'>vendicaret:</span> 
     </span>
    </p>

    <p class='ocr_par' dir='ltr' id='par_1_13' title="bbox 113 1479 1180 1828">
     <span class='ocr_line' id='line_1_40' title="bbox 151 1479 1178 1519; baseline -0.003 -7"><span class='ocrx_word' id='word_1_290' title='bbox 151 1481 195 1512; x_wconf 85' lang='lat' dir='ltr'>Ad</span> <span class='ocrx_word' id='word_1_291' title='bbox 232 1491 293 1519; x_wconf 81' lang='lat' dir='ltr'>aec,</span> <span class='ocrx_word' id='word_1_292' title='bbox 310 1480 425 1518; x_wconf 86' lang='lat' dir='ltr'>plenum</span> <span class='ocrx_word' id='word_1_293' title='bbox 437 1479 584 1518; x_wconf 66' lang='lat' dir='ltr'>instructi,</span> <span class='ocrx_word' id='word_1_294' title='bbox 602 1480 636 1510; x_wconf 90' lang='lat'>&amp;</span> <span class='ocrx_word' id='word_1_295' title='bbox 648 1479 755 1518; x_wconf 89' lang='lat' dir='ltr'>dejure</span> <span class='ocrx_word' id='word_1_296' title='bbox 770 1480 803 1510; x_wconf 70' lang='grc' dir='ltr'>δε</span> <span class='ocrx_word' id='word_1_297' title='bbox 818 1479 854 1509; x_wconf 91' lang='lat' dir='ltr'>de</span> <span class='ocrx_word' id='word_1_298' title='bbox 868 1480 946 1509; x_wconf 65' lang='lat' dir='ltr'>faeto</span> <span class='ocrx_word' id='word_1_299' title='bbox 962 1480 1118 1517; x_wconf 87' lang='lat' dir='ltr'>certiorati,</span> <span class='ocrx_word' id='word_1_300' title='bbox 1135 1489 1178 1509; x_wconf 88' lang='lat' dir='ltr'>re-</span> 
     </span>
     <span class='ocr_line' id='line_1_41' title="bbox 113 1518 1176 1558; baseline -0.003 -8"><span class='ocrx_word' id='word_1_301' title='bbox 113 1522 280 1551; x_wconf 79' lang='lat' dir='ltr'>nunciamus</span> <span class='ocrx_word' id='word_1_302' title='bbox 294 1519 456 1558; x_wconf 71' lang='lat' dir='ltr'>expressim,</span> <span class='ocrx_word' id='word_1_303' title='bbox 471 1519 504 1550; x_wconf 73' lang='grc' dir='ltr'>δε</span> <span class='ocrx_word' id='word_1_304' title='bbox 520 1528 569 1557; x_wconf 90' lang='lat' dir='ltr'>per</span> <span class='ocrx_word' id='word_1_305' title='bbox 583 1518 700 1556; x_wconf 70' lang='lat' dir='ltr'>paetum</span> <span class='ocrx_word' id='word_1_306' title='bbox 719 1519 878 1556; x_wconf 80' lang='lat' dir='ltr'>exceptioni</span> <span class='ocrx_word' id='word_1_307' title='bbox 902 1518 960 1548; x_wconf 92' lang='lat' dir='ltr'>doli</span> <span class='ocrx_word' id='word_1_308' title='bbox 970 1541 980 1555; x_wconf 64' lang='lat'>2</span> <span class='ocrx_word' id='word_1_309' title='bbox 995 1518 1027 1549; x_wconf 86' lang='lat'>&amp;</span> <span class='ocrx_word' id='word_1_310' title='bbox 1048 1528 1109 1547; x_wconf 87' lang='lat' dir='ltr'>non</span> <span class='ocrx_word' id='word_1_311' title='bbox 1124 1528 1176 1547; x_wconf 92' lang='lat' dir='ltr'>nu-</span> 
     </span>
     <span class='ocr_line' id='line_1_42' title="bbox 113 1556 983 1596; baseline -0.002 -7"><span class='ocrx_word' id='word_1_312' title='bbox 113 1568 229 1590; x_wconf 85' lang='lat' dir='ltr'>meratae</span> <span class='ocrx_word' id='word_1_313' title='bbox 242 1558 323 1589; x_wconf 88' lang='lat' dir='ltr'>nobis</span> <span class='ocrx_word' id='word_1_314' title='bbox 338 1559 485 1596; x_wconf 81' lang='lat' dir='ltr'>pecuniae,</span> <span class='ocrx_word' id='word_1_315' title='bbox 503 1567 563 1588; x_wconf 91' lang='lat' dir='ltr'>non</span> <span class='ocrx_word' id='word_1_316' title='bbox 578 1556 702 1595; x_wconf 81' lang='lat' dir='ltr'>traditae,</span> <span class='ocrx_word' id='word_1_317' title='bbox 721 1566 779 1586; x_wconf 90' lang='lat' dir='ltr'>non</span> <span class='ocrx_word' id='word_1_318' title='bbox 794 1564 932 1594; x_wconf 86' lang='lat' dir='ltr'>receptae,</span> <span class='ocrx_word' id='word_1_319' title='bbox 950 1559 983 1587; x_wconf 61' lang='lat' dir='ltr'>ec</span> 
     </span>
     <span class='ocr_line' id='line_1_43' title="bbox 113 1594 1178 1636; baseline -0.004 -8"><span class='ocrx_word' id='word_1_320' title='bbox 113 1598 245 1628; x_wconf 83' lang='lat' dir='ltr'>omnibus</span> <span class='ocrx_word' id='word_1_321' title='bbox 259 1597 473 1634; x_wconf 84' lang='lat' dir='ltr'>exceptionibus</span> <span class='ocrx_word' id='word_1_322' title='bbox 487 1596 520 1626; x_wconf 87' lang='lat'>&amp;</span> <span class='ocrx_word' id='word_1_323' title='bbox 534 1594 754 1633; x_wconf 77' lang='lat' dir='ltr'>defensionibus,</span> <span class='ocrx_word' id='word_1_324' title='bbox 772 1595 805 1626; x_wconf 88' lang='lat'>&amp;</span> <span class='ocrx_word' id='word_1_325' title='bbox 822 1595 968 1632; x_wconf 82' lang='lat' dir='ltr'>cujussibet</span> <span class='ocrx_word' id='word_1_326' title='bbox 980 1595 1047 1636; x_wconf 80' lang='lat' dir='ltr'>juris</span> <span class='ocrx_word' id='word_1_327' title='bbox 1059 1594 1178 1632; x_wconf 73' lang='lat' dir='ltr'>auxilio,</span> 
     </span>
     <span class='ocr_line' id='line_1_44' title="bbox 114 1633 1180 1675; baseline -0.005 -8"><span class='ocrx_word' id='word_1_328' title='bbox 114 1635 193 1675; x_wconf 82' lang='lat' dir='ltr'>quod</span> <span class='ocrx_word' id='word_1_329' title='bbox 216 1635 341 1675; x_wconf 82' lang='lat' dir='ltr'>quolibet</span> <span class='ocrx_word' id='word_1_330' title='bbox 355 1635 472 1673; x_wconf 77' lang='lat' dir='ltr'>exprimi</span> <span class='ocrx_word' id='word_1_331' title='bbox 484 1634 589 1672; x_wconf 78' lang='lat' dir='ltr'>posset,</span> <span class='ocrx_word' id='word_1_332' title='bbox 607 1644 656 1671; x_wconf 90' lang='lat' dir='ltr'>per</span> <span class='ocrx_word' id='word_1_333' title='bbox 672 1637 747 1672; x_wconf 86' lang='lat' dir='ltr'>quod</span> <span class='ocrx_word' id='word_1_334' title='bbox 764 1633 888 1664; x_wconf 87' lang='lat' dir='ltr'>adversus</span> <span class='ocrx_word' id='word_1_335' title='bbox 903 1633 1060 1671; x_wconf 76' lang='lat' dir='ltr'>praemilia,</span> <span class='ocrx_word' id='word_1_336' title='bbox 1077 1633 1180 1663; x_wconf 86' lang='lat' dir='ltr'>velali-</span> 
     </span>
     <span class='ocr_line' id='line_1_45' title="bbox 113 1671 1179 1715; baseline -0.001 -12"><span class='ocrx_word' id='word_1_337' title='bbox 113 1674 193 1713; x_wconf 81' lang='lat' dir='ltr'>quod</span> <span class='ocrx_word' id='word_1_338' title='bbox 208 1672 413 1712; x_wconf 70' lang='lat' dir='ltr'>praemistorum</span> <span class='ocrx_word' id='word_1_339' title='bbox 428 1673 552 1712; x_wconf 62' lang='lat' dir='ltr'>quolibet</span> <span class='ocrx_word' id='word_1_340' title='bbox 566 1673 661 1714; x_wconf 67' lang='lat' dir='ltr'>venire</span> <span class='ocrx_word' id='word_1_341' title='bbox 675 1672 834 1715; x_wconf 63' lang='lat' dir='ltr'>possemus,</span> <span class='ocrx_word' id='word_1_342' title='bbox 851 1672 923 1713; x_wconf 66' lang='lat' dir='ltr'>hanc</span> <span class='ocrx_word' id='word_1_343' title='bbox 937 1671 1062 1702; x_wconf 75' lang='lat' dir='ltr'>nostram</span> <span class='ocrx_word' id='word_1_344' title='bbox 1077 1682 1179 1702; x_wconf 90' lang='lat' dir='ltr'>renun—</span> 
     </span>
     <span class='ocr_line' id='line_1_46' title="bbox 116 1710 1178 1749; baseline -0.001 -7"><span class='ocrx_word' id='word_1_345' title='bbox 116 1714 267 1744; x_wconf 83' lang='lat' dir='ltr'>ciationem</span> <span class='ocrx_word' id='word_1_346' title='bbox 282 1712 319 1744; x_wconf 92' lang='lat' dir='ltr'>sic</span> <span class='ocrx_word' id='word_1_347' title='bbox 333 1712 425 1744; x_wconf 84' lang='lat' dir='ltr'>valere</span> <span class='ocrx_word' id='word_1_348' title='bbox 438 1711 577 1748; x_wconf 89' lang='lat' dir='ltr'>volentes,</span> <span class='ocrx_word' id='word_1_349' title='bbox 594 1720 627 1741; x_wconf 83' lang='lat' dir='ltr'>ac</span> <span class='ocrx_word' id='word_1_350' title='bbox 645 1714 664 1740; x_wconf 81' lang='lat' dir='ltr'>ii</span> <span class='ocrx_word' id='word_1_351' title='bbox 677 1711 760 1740; x_wconf 90' lang='lat' dir='ltr'>omni</span> <span class='ocrx_word' id='word_1_352' title='bbox 772 1710 842 1749; x_wconf 86' lang='lat' dir='ltr'>Juris</span> <span class='ocrx_word' id='word_1_353' title='bbox 860 1710 1023 1740; x_wconf 73' lang='lat' dir='ltr'>solennitate</span> <span class='ocrx_word' id='word_1_354' title='bbox 1037 1711 1070 1740; x_wconf 69' lang='grc' dir='ltr'>ὃς</span> <span class='ocrx_word' id='word_1_355' title='bbox 1084 1710 1178 1742; x_wconf 65' lang='lat' dir='ltr'>forma</span> 
     </span>
     <span class='ocr_line' id='line_1_47' title="bbox 114 1749 1179 1789; baseline -0.001 -8"><span class='ocrx_word' id='word_1_356' title='bbox 114 1751 237 1782; x_wconf 83' lang='lat' dir='ltr'>exhibita</span> <span class='ocrx_word' id='word_1_357' title='bbox 259 1753 293 1783; x_wconf 89' lang='lat'>&amp;</span> <span class='ocrx_word' id='word_1_358' title='bbox 317 1749 439 1789; x_wconf 82' lang='lat' dir='ltr'>expreffa</span> <span class='ocrx_word' id='word_1_359' title='bbox 460 1749 574 1788; x_wconf 74' lang='lat' dir='ltr'>fuisset,</span> <span class='ocrx_word' id='word_1_360' title='bbox 599 1759 662 1788; x_wconf 81' lang='lat' dir='ltr'>quae</span> <span class='ocrx_word' id='word_1_361' title='bbox 681 1749 806 1781; x_wconf 81' lang='lat' dir='ltr'>adhiberi</span> <span class='ocrx_word' id='word_1_362' title='bbox 827 1749 860 1781; x_wconf 62' lang='grc' dir='ltr'>ὃς</span> <span class='ocrx_word' id='word_1_363' title='bbox 881 1750 1003 1788; x_wconf 78' lang='lat' dir='ltr'>exprimi</span> <span class='ocrx_word' id='word_1_364' title='bbox 1025 1749 1114 1789; x_wconf 85' lang='lat' dir='ltr'>poflet</span> <span class='ocrx_word' id='word_1_365' title='bbox 1129 1759 1179 1788; x_wconf 90' lang='lat' dir='ltr'>per</span> 
     </span>
     <span class='ocr_line' id='line_1_48' title="bbox 113 1790 448 1828; baseline -0.003 -7"><span class='ocrx_word' id='word_1_366' title='bbox 113 1790 268 1828; x_wconf 84' lang='lat' dir='ltr'>quemlibet</span> <span class='ocrx_word' id='word_1_367' title='bbox 279 1790 428 1827; x_wconf 85' lang='lat' dir='ltr'>sapientem</span> <span class='ocrx_word' id='word_1_368' title='bbox 439 1812 448 1828; x_wconf 90' lang='lat'>‚</span> 
     </span>
    </p>

    <p class='ocr_par' dir='ltr' id='par_1_14' title="bbox 111 1826 1180 2322">
     <span class='ocr_line' id='line_1_49' title="bbox 151 1826 1177 1868; baseline 0 -9"><span class='ocrx_word' id='word_1_369' title='bbox 151 1828 204 1868; x_wconf 87' lang='lat' dir='ltr'>Et,</span> <span class='ocrx_word' id='word_1_370' title='bbox 221 1838 274 1866; x_wconf 87' lang='lat' dir='ltr'>pro</span> <span class='ocrx_word' id='word_1_371' title='bbox 286 1829 405 1867; x_wconf 80' lang='lat' dir='ltr'>pleniori</span> <span class='ocrx_word' id='word_1_372' title='bbox 418 1828 558 1859; x_wconf 86' lang='lat' dir='ltr'>securitate</span> <span class='ocrx_word' id='word_1_373' title='bbox 576 1828 656 1866; x_wconf 81' lang='lat' dir='ltr'>ipsius</span> <span class='ocrx_word' id='word_1_374' title='bbox 670 1827 793 1858; x_wconf 87' lang='lat' dir='ltr'>Domini</span> <span class='ocrx_word' id='word_1_375' title='bbox 809 1826 980 1867; x_wconf 79' lang='lat' dir='ltr'>Clementis,</span> <span class='ocrx_word' id='word_1_376' title='bbox 999 1828 1177 1866; x_wconf 87' lang='lat' dir='ltr'>personarum</span> 
     </span>
     <span class='ocr_line' id='line_1_50' title="bbox 111 1866 1178 1906; baseline -0.001 -9"><span class='ocrx_word' id='word_1_377' title='bbox 111 1866 345 1905; x_wconf 67' lang='lat' dir='ltr'>supradictarum,</span> <span class='ocrx_word' id='word_1_378' title='bbox 361 1867 532 1906; x_wconf 87' lang='lat' dir='ltr'>aliquarum,</span> <span class='ocrx_word' id='word_1_379' title='bbox 556 1868 600 1897; x_wconf 92' lang='lat' dir='ltr'>vel</span> <span class='ocrx_word' id='word_1_380' title='bbox 623 1868 738 1905; x_wconf 82' lang='lat' dir='ltr'>alicujus</span> <span class='ocrx_word' id='word_1_381' title='bbox 755 1876 789 1897; x_wconf 86' lang='lat' dir='ltr'>ex</span> <span class='ocrx_word' id='word_1_382' title='bbox 803 1868 840 1897; x_wconf 91' lang='lat' dir='ltr'>eis</span> <span class='ocrx_word' id='word_1_383' title='bbox 852 1889 862 1905; x_wconf 83' lang='lat'>,</span> <span class='ocrx_word' id='word_1_384' title='bbox 887 1867 1042 1897; x_wconf 81' lang='lat' dir='ltr'>secundum</span> <span class='ocrx_word' id='word_1_385' title='bbox 1057 1868 1178 1906; x_wconf 84' lang='lat' dir='ltr'>supradi-</span> 
     </span>
     <span class='ocr_line' id='line_1_51' title="bbox 114 1905 1178 1944; baseline 0 -8"><span class='ocrx_word' id='word_1_386' title='bbox 114 1906 195 1936; x_wconf 75' lang='lat' dir='ltr'>c‘tum</span> <span class='ocrx_word' id='word_1_387' title='bbox 211 1905 332 1936; x_wconf 89' lang='lat' dir='ltr'>modum</span> <span class='ocrx_word' id='word_1_388' title='bbox 347 1905 399 1943; x_wconf 87' lang='lat' dir='ltr'>(ad</span> <span class='ocrx_word' id='word_1_389' title='bbox 415 1906 510 1944; x_wconf 85' lang='lat' dir='ltr'>cujus,</span> <span class='ocrx_word' id='word_1_390' title='bbox 529 1906 574 1936; x_wconf 90' lang='lat' dir='ltr'>vel</span> <span class='ocrx_word' id='word_1_391' title='bbox 590 1915 714 1944; x_wconf 88' lang='lat' dir='ltr'>quorum</span> <span class='ocrx_word' id='word_1_392' title='bbox 725 1905 850 1944; x_wconf 80' lang='lat' dir='ltr'>sensum,</span> <span class='ocrx_word' id='word_1_393' title='bbox 869 1906 914 1936; x_wconf 85' lang='lat' dir='ltr'>vel</span> <span class='ocrx_word' id='word_1_394' title='bbox 929 1906 1119 1944; x_wconf 61' lang='lat' dir='ltr'>intellec&#39;tum,</span> <span class='ocrx_word' id='word_1_395' title='bbox 1132 1905 1178 1936; x_wconf 86' lang='lat' dir='ltr'>vel</span> 
     </span>
     <span class='ocr_line' id='line_1_52' title="bbox 113 1944 1178 1984; baseline 0.002 -11"><span class='ocrx_word' id='word_1_396' title='bbox 113 1944 236 1982; x_wconf 86' lang='lat' dir='ltr'>ipsorum</span> <span class='ocrx_word' id='word_1_397' title='bbox 248 1945 411 1983; x_wconf 80' lang='lat' dir='ltr'>cujussibet,</span> <span class='ocrx_word' id='word_1_398' title='bbox 429 1944 554 1984; x_wconf 84' lang='lat' dir='ltr'>semper,</span> <span class='ocrx_word' id='word_1_399' title='bbox 572 1945 605 1976; x_wconf 71' lang='grc' dir='ltr'>ὃς</span> <span class='ocrx_word' id='word_1_400' title='bbox 620 1946 649 1974; x_wconf 89' lang='lat' dir='ltr'>in</span> <span class='ocrx_word' id='word_1_401' title='bbox 665 1954 830 1983; x_wconf 86' lang='lat' dir='ltr'>quacunque</span> <span class='ocrx_word' id='word_1_402' title='bbox 846 1953 939 1983; x_wconf 83' lang='lat' dir='ltr'>parte,</span> <span class='ocrx_word' id='word_1_403' title='bbox 958 1946 1044 1975; x_wconf 87' lang='lat' dir='ltr'>etiam</span> <span class='ocrx_word' id='word_1_404' title='bbox 1066 1947 1094 1976; x_wconf 91' lang='lat' dir='ltr'>in</span> <span class='ocrx_word' id='word_1_405' title='bbox 1117 1955 1178 1975; x_wconf 91' lang='lat' dir='ltr'>me-</span> 
     </span>
     <span class='ocr_line' id='line_1_53' title="bbox 113 1982 1177 2022; baseline 0.001 -9"><span class='ocrx_word' id='word_1_406' title='bbox 113 1984 163 2013; x_wconf 90' lang='lat' dir='ltr'>dio</span> <span class='ocrx_word' id='word_1_407' title='bbox 179 1984 212 2013; x_wconf 86' lang='lat'>&amp;</span> <span class='ocrx_word' id='word_1_408' title='bbox 225 1984 255 2013; x_wconf 89' lang='lat' dir='ltr'>in</span> <span class='ocrx_word' id='word_1_409' title='bbox 270 1983 340 2022; x_wconf 86' lang='lat' dir='ltr'>fine,</span> <span class='ocrx_word' id='word_1_410' title='bbox 358 1984 612 2021; x_wconf 65' lang='lat' dir='ltr'>interpretationem</span> <span class='ocrx_word' id='word_1_411' title='bbox 627 1982 685 2013; x_wconf 84' lang='lat' dir='ltr'>fieri</span> <span class='ocrx_word' id='word_1_412' title='bbox 699 1983 830 2013; x_wconf 87' lang='lat' dir='ltr'>volumus</span> <span class='ocrx_word' id='word_1_413' title='bbox 845 1984 994 2021; x_wconf 90' lang='lat' dir='ltr'>omnium,</span> <span class='ocrx_word' id='word_1_414' title='bbox 1014 1985 1043 2013; x_wconf 93' lang='lat' dir='ltr'>in</span> <span class='ocrx_word' id='word_1_415' title='bbox 1057 1983 1177 2022; x_wconf 84' lang='lat' dir='ltr'>praesen-</span> 
     </span>
     <span class='ocr_line' id='line_1_54' title="bbox 114 2021 1178 2061; baseline 0 -9"><span class='ocrx_word' id='word_1_416' title='bbox 114 2022 187 2052; x_wconf 88' lang='lat' dir='ltr'>tibus</span> <span class='ocrx_word' id='word_1_417' title='bbox 202 2022 298 2052; x_wconf 86' lang='lat' dir='ltr'>litteris</span> <span class='ocrx_word' id='word_1_418' title='bbox 313 2021 528 2057; x_wconf 89' lang='lat' dir='ltr'>contentorum)</span> <span class='ocrx_word' id='word_1_419' title='bbox 549 2022 568 2052; x_wconf 89' lang='lat' dir='ltr'>si</span> <span class='ocrx_word' id='word_1_420' title='bbox 581 2022 658 2060; x_wconf 90' lang='lat' dir='ltr'>super</span> <span class='ocrx_word' id='word_1_421' title='bbox 671 2022 710 2052; x_wconf 87' lang='lat' dir='ltr'>eis</span> <span class='ocrx_word' id='word_1_422' title='bbox 726 2022 857 2060; x_wconf 84' lang='lat' dir='ltr'>quaelibet</span> <span class='ocrx_word' id='word_1_423' title='bbox 871 2022 1011 2052; x_wconf 80' lang='lat' dir='ltr'>dubitatio</span> <span class='ocrx_word' id='word_1_424' title='bbox 1026 2023 1178 2061; x_wconf 83' lang='lat' dir='ltr'>oriret,ju-</span> 
     </span>
     <span class='ocr_line' id='line_1_55' title="bbox 114 2058 1179 2098; baseline 0 -8"><span class='ocrx_word' id='word_1_425' title='bbox 114 2068 155 2090; x_wconf 82' lang='lat' dir='ltr'>rat</span> <span class='ocrx_word' id='word_1_426' title='bbox 170 2058 264 2097; x_wconf 86' lang='lat' dir='ltr'>Hugo</span> <span class='ocrx_word' id='word_1_427' title='bbox 277 2061 302 2090; x_wconf 88' lang='lat' dir='ltr'>le</span> <span class='ocrx_word' id='word_1_428' title='bbox 316 2060 463 2098; x_wconf 88' lang='lat' dir='ltr'>Dispenser</span> <span class='ocrx_word' id='word_1_429' title='bbox 479 2060 565 2090; x_wconf 83' lang='lat' dir='ltr'>Miles</span> <span class='ocrx_word' id='word_1_430' title='bbox 579 2060 687 2098; x_wconf 85' lang='lat' dir='ltr'>noster,</span> <span class='ocrx_word' id='word_1_431' title='bbox 706 2062 734 2090; x_wconf 86' lang='lat' dir='ltr'>in</span> <span class='ocrx_word' id='word_1_432' title='bbox 748 2061 871 2091; x_wconf 88' lang='lat' dir='ltr'>animam</span> <span class='ocrx_word' id='word_1_433' title='bbox 878 2060 1001 2090; x_wconf 86' lang='lat' dir='ltr'>nostram</span> <span class='ocrx_word' id='word_1_434' title='bbox 1010 2083 1019 2098; x_wconf 89' lang='lat'>,</span> <span class='ocrx_word' id='word_1_435' title='bbox 1037 2061 1073 2090; x_wconf 84' lang='lat' dir='ltr'>de</span> <span class='ocrx_word' id='word_1_436' title='bbox 1081 2060 1179 2090; x_wconf 90' lang='lat' dir='ltr'>nostro</span> 
     </span>
     <span class='ocr_line' id='line_1_56' title="bbox 115 2098 1180 2137; baseline 0 -9"><span class='ocrx_word' id='word_1_437' title='bbox 115 2098 227 2136; x_wconf 79' lang='lat' dir='ltr'>speciali</span> <span class='ocrx_word' id='word_1_438' title='bbox 240 2099 384 2137; x_wconf 90' lang='lat' dir='ltr'>mandato,</span> <span class='ocrx_word' id='word_1_439' title='bbox 403 2098 603 2136; x_wconf 86' lang='lat' dir='ltr'>praesentialiter</span> <span class='ocrx_word' id='word_1_440' title='bbox 618 2099 669 2128; x_wconf 90' lang='lat' dir='ltr'>sibi</span> <span class='ocrx_word' id='word_1_441' title='bbox 683 2099 778 2136; x_wconf 64' lang='lat' dir='ltr'>fadio,</span> <span class='ocrx_word' id='word_1_442' title='bbox 801 2098 835 2128; x_wconf 92' lang='lat' dir='ltr'>ad</span> <span class='ocrx_word' id='word_1_443' title='bbox 854 2098 955 2129; x_wconf 67' lang='lat' dir='ltr'>Saucia</span> <span class='ocrx_word' id='word_1_444' title='bbox 971 2098 1029 2128; x_wconf 92' lang='lat' dir='ltr'>Dei</span> <span class='ocrx_word' id='word_1_445' title='bbox 1047 2098 1180 2135; x_wconf 87' lang='lat' dir='ltr'>Evange-</span> 
     </span>
     <span class='ocr_line' id='line_1_57' title="bbox 116 2135 1180 2175; baseline 0 -9"><span class='ocrx_word' id='word_1_446' title='bbox 116 2136 168 2175; x_wconf 86' lang='lat' dir='ltr'>lia,</span> <span class='ocrx_word' id='word_1_447' title='bbox 188 2147 237 2174; x_wconf 85' lang='lat' dir='ltr'>per</span> <span class='ocrx_word' id='word_1_448' title='bbox 252 2137 343 2174; x_wconf 82' lang='lat' dir='ltr'>ipsum</span> <span class='ocrx_word' id='word_1_449' title='bbox 359 2137 536 2174; x_wconf 84' lang='lat' dir='ltr'>corporaliter</span> <span class='ocrx_word' id='word_1_450' title='bbox 550 2137 641 2175; x_wconf 61' lang='lat' dir='ltr'>taeta,</span> <span class='ocrx_word' id='word_1_451' title='bbox 660 2146 711 2166; x_wconf 90' lang='lat' dir='ltr'>nos</span> <span class='ocrx_word' id='word_1_452' title='bbox 724 2135 879 2174; x_wconf 72' lang='lat' dir='ltr'>praemiffi,</span> <span class='ocrx_word' id='word_1_453' title='bbox 898 2137 997 2166; x_wconf 89' lang='lat' dir='ltr'>omnia</span> <span class='ocrx_word' id='word_1_454' title='bbox 1009 2136 1042 2166; x_wconf 90' lang='lat'>&amp;</span> <span class='ocrx_word' id='word_1_455' title='bbox 1057 2137 1180 2175; x_wconf 86' lang='lat' dir='ltr'>singula,</span> 
     </span>
     <span class='ocr_line' id='line_1_58' title="bbox 114 2174 1180 2214; baseline -0.001 -9"><span class='ocrx_word' id='word_1_456' title='bbox 114 2183 224 2214; x_wconf 87' lang='lat' dir='ltr'>tenere,</span> <span class='ocrx_word' id='word_1_457' title='bbox 245 2175 406 2214; x_wconf 82' lang='lat' dir='ltr'>complere,</span> <span class='ocrx_word' id='word_1_458' title='bbox 424 2174 515 2205; x_wconf 80' lang='lat' dir='ltr'>facere</span> <span class='ocrx_word' id='word_1_459' title='bbox 531 2198 539 2213; x_wconf 92' lang='lat'>,</span> <span class='ocrx_word' id='word_1_460' title='bbox 563 2184 596 2205; x_wconf 89' lang='lat' dir='ltr'>ac</span> <span class='ocrx_word' id='word_1_461' title='bbox 616 2175 810 2205; x_wconf 86' lang='lat' dir='ltr'>inviolabiliter</span> <span class='ocrx_word' id='word_1_462' title='bbox 829 2174 975 2205; x_wconf 71' lang='lat' dir='ltr'>observare</span> <span class='ocrx_word' id='word_1_463' title='bbox 988 2197 997 2212; x_wconf 87' lang='lat'>‚</span> <span class='ocrx_word' id='word_1_464' title='bbox 1023 2175 1056 2204; x_wconf 73' lang='grc' dir='ltr'>ὃς</span> <span class='ocrx_word' id='word_1_465' title='bbox 1081 2183 1180 2205; x_wconf 88' lang='lat' dir='ltr'>contra</span> 
     </span>
     <span class='ocr_line' id='line_1_59' title="bbox 115 2212 1180 2255; baseline 0.001 -12"><span class='ocrx_word' id='word_1_466' title='bbox 115 2214 274 2252; x_wconf 76' lang='lat' dir='ltr'>praeiiiiisa‚</span> <span class='ocrx_word' id='word_1_467' title='bbox 292 2214 337 2244; x_wconf 89' lang='lat' dir='ltr'>vel</span> <span class='ocrx_word' id='word_1_468' title='bbox 352 2213 452 2251; x_wconf 81' lang='lat' dir='ltr'>aliquid</span> <span class='ocrx_word' id='word_1_469' title='bbox 466 2212 693 2252; x_wconf 84' lang='lat' dir='ltr'>praemifforum,</span> <span class='ocrx_word' id='word_1_470' title='bbox 709 2215 739 2243; x_wconf 92' lang='lat' dir='ltr'>in</span> <span class='ocrx_word' id='word_1_471' title='bbox 758 2213 869 2251; x_wconf 84' lang='lat' dir='ltr'>judicio</span> <span class='ocrx_word' id='word_1_472' title='bbox 883 2213 928 2255; x_wconf 63' lang='lat' dir='ltr'>vpl</span> <span class='ocrx_word' id='word_1_473' title='bbox 949 2222 1041 2251; x_wconf 81' lang='lat' dir='ltr'>exrra,</span> <span class='ocrx_word' id='word_1_474' title='bbox 1058 2223 1117 2243; x_wconf 90' lang='lat' dir='ltr'>non</span> <span class='ocrx_word' id='word_1_475' title='bbox 1139 2213 1180 2244; x_wconf 83' lang='lat' dir='ltr'>fa·-</span> 
     </span>
     <span class='ocr_line' id='line_1_60' title="bbox 114 2250 1178 2320; baseline 0 -38"><span class='ocrx_word' id='word_1_476' title='bbox 114 2262 196 2320; x_wconf 46' lang='lat' dir='ltr'>ceffef,</span> <span class='ocrx_word' id='word_1_477' title='bbox 214 2252 258 2282; x_wconf 90' lang='lat' dir='ltr'>vel</span> <span class='ocrx_word' id='word_1_478' title='bbox 273 2253 383 2290; x_wconf 81' lang='lat' dir='ltr'>venire,</span> <span class='ocrx_word' id='word_1_479' title='bbox 400 2262 453 2282; x_wconf 89' lang='lat' dir='ltr'>nec</span> <span class='ocrx_word' id='word_1_480' title='bbox 467 2251 738 2282; x_wconf 85' lang='lat' dir='ltr'>contravenientibus</span> <span class='ocrx_word' id='word_1_481' title='bbox 758 2251 823 2282; x_wconf 90' lang='lat' dir='ltr'>dare</span> <span class='ocrx_word' id='word_1_482' title='bbox 836 2250 1000 2290; x_wconf 83' lang='lat' dir='ltr'>conlilium,</span> <span class='ocrx_word' id='word_1_483' title='bbox 1025 2251 1178 2291; x_wconf 85' lang='lat' dir='ltr'>auxilium,</span> 
     </span>
     <span class='ocr_line' id='line_1_61' title="bbox 116 2301 312 2322; baseline -0.01 0"><span class='ocrx_word' id='word_1_484' title='bbox 116 2301 151 2322; x_wconf 81' lang='lat' dir='ltr'>ve</span> <span class='ocrx_word' id='word_1_485' title='bbox 187 2301 312 2321; x_wconf 75' lang='lat' dir='ltr'>avorem.</span> 
     </span>
    </p>

    <p class='ocr_par' dir='ltr' id='par_1_15' title="bbox 112 2326 1179 2601">
     <span class='ocr_line' id='line_1_62' title="bbox 154 2326 1179 2366; baseline 0 -8"><span class='ocrx_word' id='word_1_486' title='bbox 154 2329 302 2366; x_wconf 79' lang='lat' dir='ltr'>Rogantes</span> <span class='ocrx_word' id='word_1_487' title='bbox 314 2329 478 2359; x_wconf 84' lang='lat' dir='ltr'>Dominum</span> <span class='ocrx_word' id='word_1_488' title='bbox 492 2326 604 2357; x_wconf 81' lang='lat' dir='ltr'>Patrem</span> <span class='ocrx_word' id='word_1_489' title='bbox 616 2326 745 2357; x_wconf 86' lang='lat' dir='ltr'>nostrum</span> <span class='ocrx_word' id='word_1_490' title='bbox 753 2349 762 2365; x_wconf 84' lang='lat'>,</span> <span class='ocrx_word' id='word_1_491' title='bbox 778 2326 953 2365; x_wconf 76' lang='lat' dir='ltr'>Phylippum</span> <span class='ocrx_word' id='word_1_492' title='bbox 963 2327 1078 2365; x_wconf 84' lang='lat' dir='ltr'>Regem</span> <span class='ocrx_word' id='word_1_493' title='bbox 1091 2328 1179 2359; x_wconf 90' lang='lat' dir='ltr'>Fran-</span> 
     </span>
     <span class='ocr_line' id='line_1_63' title="bbox 115 2365 1177 2407; baseline -0.001 -9"><span class='ocrx_word' id='word_1_494' title='bbox 115 2369 170 2398; x_wconf 83' lang='lat' dir='ltr'>ciae</span> <span class='ocrx_word' id='word_1_495' title='bbox 185 2368 337 2407; x_wconf 84' lang='lat' dir='ltr'>illustrem,</span> <span class='ocrx_word' id='word_1_496' title='bbox 356 2375 386 2398; x_wconf 91' lang='lat' dir='ltr'>ut</span> <span class='ocrx_word' id='word_1_497' title='bbox 399 2368 496 2397; x_wconf 81' lang='lat' dir='ltr'>onmia</span> <span class='ocrx_word' id='word_1_498' title='bbox 509 2366 542 2397; x_wconf 92' lang='lat'>&amp;</span> <span class='ocrx_word' id='word_1_499' title='bbox 556 2365 663 2403; x_wconf 87' lang='lat' dir='ltr'>singula</span> <span class='ocrx_word' id='word_1_500' title='bbox 677 2365 830 2402; x_wconf 63' lang='lat' dir='ltr'>supradicta</span> <span class='ocrx_word' id='word_1_501' title='bbox 846 2365 937 2396; x_wconf 85' lang='lat' dir='ltr'>laudet</span> <span class='ocrx_word' id='word_1_502' title='bbox 948 2389 958 2404; x_wconf 93' lang='lat'>,</span> <span class='ocrx_word' id='word_1_503' title='bbox 976 2367 1127 2405; x_wconf 81' lang='lat' dir='ltr'>approbet,</span> <span class='ocrx_word' id='word_1_504' title='bbox 1143 2368 1177 2397; x_wconf 85' lang='lat'>&amp;</span> 
     </span>
     <span class='ocr_line' id='line_1_64' title="bbox 112 2403 1177 2444; baseline -0.002 -7"><span class='ocrx_word' id='word_1_505' title='bbox 112 2405 279 2444; x_wconf 68' lang='lat' dir='ltr'>Confirmet,</span> <span class='ocrx_word' id='word_1_506' title='bbox 297 2416 402 2444; x_wconf 89' lang='lat' dir='ltr'>eaque,</span> <span class='ocrx_word' id='word_1_507' title='bbox 418 2403 539 2436; x_wconf 82' lang='lat' dir='ltr'>ceffante</span> <span class='ocrx_word' id='word_1_508' title='bbox 555 2403 780 2435; x_wconf 61' lang='lat' dir='ltr'>contradictione</span> <span class='ocrx_word' id='word_1_509' title='bbox 803 2414 987 2443; x_wconf 79' lang='lat' dir='ltr'>quacunque,</span> <span class='ocrx_word' id='word_1_510' title='bbox 1005 2405 1177 2436; x_wconf 68' lang='lat' dir='ltr'>inviolabil-</span> 
     </span>
     <span class='ocr_line' id='line_1_65' title="bbox 112 2442 1178 2483; baseline -0.001 -8"><span class='ocrx_word' id='word_1_511' title='bbox 112 2452 154 2475; x_wconf 88' lang='lat' dir='ltr'>ter</span> <span class='ocrx_word' id='word_1_512' title='bbox 167 2444 248 2476; x_wconf 86' lang='lat' dir='ltr'>faciat</span> <span class='ocrx_word' id='word_1_513' title='bbox 261 2444 417 2483; x_wconf 86' lang='lat' dir='ltr'>observari,</span> <span class='ocrx_word' id='word_1_514' title='bbox 433 2445 466 2475; x_wconf 67' lang='grc' dir='ltr'>ὃς</span> <span class='ocrx_word' id='word_1_515' title='bbox 482 2443 662 2482; x_wconf 85' lang='lat' dir='ltr'>impeditores</span> <span class='ocrx_word' id='word_1_516' title='bbox 678 2442 814 2480; x_wconf 86' lang='lat' dir='ltr'>quossibet</span> <span class='ocrx_word' id='word_1_517' title='bbox 822 2443 914 2482; x_wconf 73' lang='lat' dir='ltr'>Regia</span> <span class='ocrx_word' id='word_1_518' title='bbox 922 2443 1085 2474; x_wconf 67' lang='lat' dir='ltr'>auetoritate</span> <span class='ocrx_word' id='word_1_519' title='bbox 1093 2454 1178 2474; x_wconf 90' lang='lat' dir='ltr'>com-</span> 
     </span>
     <span class='ocr_line' id='line_1_66' title="bbox 113 2481 1178 2522; baseline -0.001 -8"><span class='ocrx_word' id='word_1_520' title='bbox 113 2483 224 2522; x_wconf 72' lang='lat' dir='ltr'>pescat,</span> <span class='ocrx_word' id='word_1_521' title='bbox 241 2483 309 2514; x_wconf 86' lang='lat' dir='ltr'>datis</span> <span class='ocrx_word' id='word_1_522' title='bbox 321 2482 356 2514; x_wconf 89' lang='lat' dir='ltr'>ad</span> <span class='ocrx_word' id='word_1_523' title='bbox 378 2483 442 2513; x_wconf 83' lang='lat' dir='ltr'>haec</span> <span class='ocrx_word' id='word_1_524' title='bbox 462 2481 674 2519; x_wconf 77' lang='lat' dir='ltr'>executoribus,</span> <span class='ocrx_word' id='word_1_525' title='bbox 692 2481 712 2511; x_wconf 81' lang='lat' dir='ltr'><strong>fi</strong></span> <span class='ocrx_word' id='word_1_526' title='bbox 729 2490 764 2511; x_wconf 89' lang='lat' dir='ltr'>ex</span> <span class='ocrx_word' id='word_1_527' title='bbox 784 2489 859 2519; x_wconf 85' lang='lat' dir='ltr'>parte</span> <span class='ocrx_word' id='word_1_528' title='bbox 878 2482 956 2519; x_wconf 73' lang='lat' dir='ltr'>ipiius</span> <span class='ocrx_word' id='word_1_529' title='bbox 970 2481 1094 2512; x_wconf 85' lang='lat' dir='ltr'>Domini</span> <span class='ocrx_word' id='word_1_530' title='bbox 1110 2482 1178 2513; x_wconf 90' lang='lat' dir='ltr'>Cle-</span> 
     </span>
     <span class='ocr_line' id='line_1_67' title="bbox 113 2519 1177 2563; baseline -0.001 -10"><span class='ocrx_word' id='word_1_531' title='bbox 113 2524 230 2561; x_wconf 88' lang='lat' dir='ltr'>mentis,</span> <span class='ocrx_word' id='word_1_532' title='bbox 247 2522 292 2553; x_wconf 89' lang='lat' dir='ltr'>seu</span> <span class='ocrx_word' id='word_1_533' title='bbox 307 2524 486 2560; x_wconf 81' lang='lat' dir='ltr'>personarum</span> <span class='ocrx_word' id='word_1_534' title='bbox 501 2520 699 2563; x_wconf 41' lang='lat' dir='ltr'>prtedifiiarum</span> <span class='ocrx_word' id='word_1_535' title='bbox 716 2543 726 2559; x_wconf 90' lang='lat'>,</span> <span class='ocrx_word' id='word_1_536' title='bbox 748 2521 793 2551; x_wconf 89' lang='lat' dir='ltr'>vel</span> <span class='ocrx_word' id='word_1_537' title='bbox 812 2519 981 2560; x_wconf 87' lang='lat' dir='ltr'>aliquarum,</span> <span class='ocrx_word' id='word_1_538' title='bbox 999 2521 1045 2551; x_wconf 90' lang='lat' dir='ltr'>seu</span> <span class='ocrx_word' id='word_1_539' title='bbox 1065 2520 1177 2559; x_wconf 83' lang='lat' dir='ltr'>alicujus</span> 
     </span>
     <span class='ocr_line' id='line_1_68' title="bbox 113 2560 760 2601; baseline -0.008 -9"><span class='ocrx_word' id='word_1_540' title='bbox 113 2569 149 2592; x_wconf 80' lang='lat' dir='ltr'>ex</span> <span class='ocrx_word' id='word_1_541' title='bbox 164 2562 219 2600; x_wconf 92' lang='lat' dir='ltr'>eis,</span> <span class='ocrx_word' id='word_1_542' title='bbox 235 2562 312 2599; x_wconf 89' lang='lat' dir='ltr'>super</span> <span class='ocrx_word' id='word_1_543' title='bbox 327 2561 378 2591; x_wconf 93' lang='lat' dir='ltr'>hiis</span> <span class='ocrx_word' id='word_1_544' title='bbox 391 2560 474 2591; x_wconf 80' lang='lat' dir='ltr'>fuerit</span> <span class='ocrx_word' id='word_1_545' title='bbox 489 2560 637 2597; x_wconf 87' lang='lat' dir='ltr'>requilitus.</span> <span class='ocrx_word' id='word_1_546' title='bbox 750 2596 760 2601; x_wconf 52' lang='grc'>-</span> 
     </span>
    </p>

    <p class='ocr_par' dir='ltr' id='par_1_16' title="bbox 113 2596 1177 2944">
     <span class='ocr_line' id='line_1_69' title="bbox 149 2596 1177 2639; baseline -0.002 -8"><span class='ocrx_word' id='word_1_547' title='bbox 149 2599 197 2631; x_wconf 90' lang='lat' dir='ltr'>Ad</span> <span class='ocrx_word' id='word_1_548' title='bbox 213 2609 334 2639; x_wconf 88' lang='lat' dir='ltr'>quorum</span> <span class='ocrx_word' id='word_1_549' title='bbox 346 2600 477 2630; x_wconf 89' lang='lat' dir='ltr'>omnium</span> <span class='ocrx_word' id='word_1_550' title='bbox 493 2596 829 2636; x_wconf 81' lang='lat' dir='ltr'>probationem&amp;iidem</span> <span class='ocrx_word' id='word_1_551' title='bbox 845 2596 950 2628; x_wconf 84' lang='lat' dir='ltr'>confici</span> <span class='ocrx_word' id='word_1_552' title='bbox 966 2598 1177 2637; x_wconf 79' lang='lat' dir='ltr'>mandavimus,</span> 
     </span>
     <span class='ocr_line' id='line_1_70' title="bbox 113 2634 1177 2678; baseline -0.002 -10"><span class='ocrx_word' id='word_1_553' title='bbox 113 2647 163 2678; x_wconf 88' lang='lat' dir='ltr'>per</span> <span class='ocrx_word' id='word_1_554' title='bbox 175 2638 377 2676; x_wconf 82' lang='lat' dir='ltr'>infrascriptum</span> <span class='ocrx_word' id='word_1_555' title='bbox 391 2637 564 2674; x_wconf 89' lang='lat' dir='ltr'>Notarium,</span> <span class='ocrx_word' id='word_1_556' title='bbox 581 2637 640 2667; x_wconf 87' lang='lat' dir='ltr'>hoc</span> <span class='ocrx_word' id='word_1_557' title='bbox 653 2634 770 2673; x_wconf 88' lang='lat' dir='ltr'>praesens</span> <span class='ocrx_word' id='word_1_558' title='bbox 779 2634 933 2666; x_wconf 91' lang='lat' dir='ltr'>Publicurn</span> <span class='ocrx_word' id='word_1_559' title='bbox 942 2636 1177 2674; x_wconf 79' lang='lat' dir='ltr'>instrumentum,</span> 
     </span>
     <span class='ocr_line' id='line_1_71' title="bbox 115 2675 1177 2715; baseline -0.001 -8"><span class='ocrx_word' id='word_1_560' title='bbox 115 2677 149 2707; x_wconf 92' lang='lat'>&amp;</span> <span class='ocrx_word' id='word_1_561' title='bbox 164 2677 243 2715; x_wconf 87' lang='lat' dir='ltr'>sigilli</span> <span class='ocrx_word' id='word_1_562' title='bbox 258 2677 344 2707; x_wconf 89' lang='lat' dir='ltr'>nostri</span> <span class='ocrx_word' id='word_1_563' title='bbox 361 2687 376 2707; x_wconf 86' lang='lat' dir='ltr'>a</span> <span class='ocrx_word' id='word_1_564' title='bbox 398 2675 527 2715; x_wconf 89' lang='lat' dir='ltr'>pensione</span> <span class='ocrx_word' id='word_1_565' title='bbox 548 2675 669 2713; x_wconf 87' lang='lat' dir='ltr'>muniri,</span> <span class='ocrx_word' id='word_1_566' title='bbox 688 2675 719 2704; x_wconf 88' lang='lat' dir='ltr'>in</span> <span class='ocrx_word' id='word_1_567' title='bbox 739 2684 796 2713; x_wconf 87' lang='lat' dir='ltr'>quo</span> <span class='ocrx_word' id='word_1_568' title='bbox 815 2675 951 2705; x_wconf 86' lang='lat' dir='ltr'>Notarius</span> <span class='ocrx_word' id='word_1_569' title='bbox 970 2675 1051 2714; x_wconf 87' lang='lat' dir='ltr'>alius,</span> <span class='ocrx_word' id='word_1_570' title='bbox 1068 2676 1104 2706; x_wconf 87' lang='lat' dir='ltr'>de</span> <span class='ocrx_word' id='word_1_571' title='bbox 1121 2686 1177 2713; x_wconf 89' lang='lat' dir='ltr'>quo</span> 
     </span>
     <span class='ocr_line' id='line_1_72' title="bbox 115 2713 1177 2754; baseline -0.001 -9"><span class='ocrx_word' id='word_1_572' title='bbox 115 2714 146 2746; x_wconf 82' lang='lat' dir='ltr'>fit</span> <span class='ocrx_word' id='word_1_573' title='bbox 161 2717 269 2747; x_wconf 89' lang='lat' dir='ltr'>mentio</span> <span class='ocrx_word' id='word_1_574' title='bbox 285 2716 314 2745; x_wconf 91' lang='lat' dir='ltr'>in</span> <span class='ocrx_word' id='word_1_575' title='bbox 329 2725 364 2746; x_wconf 87' lang='lat' dir='ltr'>eo</span> <span class='ocrx_word' id='word_1_576' title='bbox 384 2725 452 2753; x_wconf 88' lang='lat' dir='ltr'>em,</span> <span class='ocrx_word' id='word_1_577' title='bbox 470 2715 579 2754; x_wconf 82' lang='lat' dir='ltr'>signum</span> <span class='ocrx_word' id='word_1_578' title='bbox 593 2713 674 2744; x_wconf 90' lang='lat' dir='ltr'>suum</span> <span class='ocrx_word' id='word_1_579' title='bbox 687 2713 811 2754; x_wconf 85' lang='lat' dir='ltr'>apposuit</span> <span class='ocrx_word' id='word_1_580' title='bbox 824 2714 857 2744; x_wconf 77' lang='grc' dir='ltr'>δε</span> <span class='ocrx_word' id='word_1_581' title='bbox 879 2713 1033 2752; x_wconf 81' lang='lat' dir='ltr'>subscripsit</span> <span class='ocrx_word' id='word_1_582' title='bbox 1049 2726 1058 2751; x_wconf 80' lang='lat'>3</span> <span class='ocrx_word' id='word_1_583' title='bbox 1083 2715 1177 2752; x_wconf 88' lang='lat' dir='ltr'>quod,</span> 
     </span>
     <span class='ocr_line' id='line_1_73' title="bbox 114 2751 1176 2793; baseline -0.002 -9"><span class='ocrx_word' id='word_1_584' title='bbox 114 2754 222 2784; x_wconf 88' lang='lat' dir='ltr'>nedum</span> <span class='ocrx_word' id='word_1_585' title='bbox 237 2754 349 2793; x_wconf 84' lang='lat' dir='ltr'>plenam</span> <span class='ocrx_word' id='word_1_586' title='bbox 364 2754 561 2792; x_wconf 84' lang='lat' dir='ltr'>probationem</span> <span class='ocrx_word' id='word_1_587' title='bbox 574 2752 682 2790; x_wconf 84' lang='lat' dir='ltr'>facere,</span> <span class='ocrx_word' id='word_1_588' title='bbox 698 2753 743 2781; x_wconf 77' lang='lat' dir='ltr'>sed</span> <span class='ocrx_word' id='word_1_589' title='bbox 756 2752 817 2783; x_wconf 87' lang='lat' dir='ltr'>vim</span> <span class='ocrx_word' id='word_1_590' title='bbox 832 2751 966 2789; x_wconf 83' lang='lat' dir='ltr'>Epistolae</span> <span class='ocrx_word' id='word_1_591' title='bbox 987 2752 1077 2782; x_wconf 67' lang='lat' dir='ltr'>mistae</span> <span class='ocrx_word' id='word_1_592' title='bbox 1095 2753 1176 2783; x_wconf 73' lang='lat' dir='ltr'>dicto</span> 
     </span>
     <span class='ocr_line' id='line_1_74' title="bbox 117 2789 1177 2830; baseline 0 -9"><span class='ocrx_word' id='word_1_593' title='bbox 117 2790 252 2823; x_wconf 88' lang='lat' dir='ltr'>Domino</span> <span class='ocrx_word' id='word_1_594' title='bbox 265 2791 427 2830; x_wconf 85' lang='lat' dir='ltr'>Clementi,</span> <span class='ocrx_word' id='word_1_595' title='bbox 445 2793 477 2822; x_wconf 89' lang='lat'>&amp;</span> <span class='ocrx_word' id='word_1_596' title='bbox 494 2790 613 2829; x_wconf 79' lang='lat' dir='ltr'>praefatjs</span> <span class='ocrx_word' id='word_1_597' title='bbox 627 2789 762 2829; x_wconf 84' lang='lat' dir='ltr'>personis,</span> <span class='ocrx_word' id='word_1_598' title='bbox 781 2791 814 2821; x_wconf 87' lang='lat'>&amp;</span> <span class='ocrx_word' id='word_1_599' title='bbox 831 2791 904 2828; x_wconf 83' lang='lat' dir='ltr'>aliis,</span> <span class='ocrx_word' id='word_1_600' title='bbox 921 2790 1020 2821; x_wconf 88' lang='lat' dir='ltr'>nostris</span> <span class='ocrx_word' id='word_1_601' title='bbox 1033 2790 1177 2822; x_wconf 86' lang='lat' dir='ltr'>Officiali-</span> 
     </span>
     <span class='ocr_line' id='line_1_75' title="bbox 118 2829 1175 2869; baseline 0.002 -10"><span class='ocrx_word' id='word_1_602' title='bbox 118 2829 185 2868; x_wconf 87' lang='lat' dir='ltr'>bus,</span> <span class='ocrx_word' id='word_1_603' title='bbox 203 2831 236 2861; x_wconf 86' lang='lat'>&amp;</span> <span class='ocrx_word' id='word_1_604' title='bbox 252 2831 391 2869; x_wconf 87' lang='lat' dir='ltr'>Subditis,</span> <span class='ocrx_word' id='word_1_605' title='bbox 408 2830 536 2860; x_wconf 89' lang='lat' dir='ltr'>volumus</span> <span class='ocrx_word' id='word_1_606' title='bbox 549 2830 582 2860; x_wconf 61' lang='grc' dir='ltr'>ὃς</span> <span class='ocrx_word' id='word_1_607' title='bbox 602 2829 780 2860; x_wconf 87' lang='lat' dir='ltr'>decernimus</span> <span class='ocrx_word' id='word_1_608' title='bbox 798 2830 923 2860; x_wconf 89' lang='lat' dir='ltr'>obtinere</span> <span class='ocrx_word' id='word_1_609' title='bbox 938 2852 948 2867; x_wconf 87' lang='lat'>,</span> <span class='ocrx_word' id='word_1_610' title='bbox 972 2830 1006 2860; x_wconf 87' lang='lat'>&amp;</span> <span class='ocrx_word' id='word_1_611' title='bbox 1021 2829 1087 2860; x_wconf 89' lang='lat' dir='ltr'>illud</span> <span class='ocrx_word' id='word_1_612' title='bbox 1102 2831 1175 2867; x_wconf 89' lang='lat' dir='ltr'>apud</span> 
     </span>
     <span class='ocr_line' id='line_1_76' title="bbox 117 2867 1174 2908; baseline 0.001 -10"><span class='ocrx_word' id='word_1_613' title='bbox 117 2867 231 2899; x_wconf 71' lang='lat' dir='ltr'>dictum</span> <span class='ocrx_word' id='word_1_614' title='bbox 245 2867 409 2898; x_wconf 90' lang='lat' dir='ltr'>Dominum</span> <span class='ocrx_word' id='word_1_615' title='bbox 421 2867 619 2906; x_wconf 87' lang='lat' dir='ltr'>Clementem,</span> <span class='ocrx_word' id='word_1_616' title='bbox 636 2867 680 2897; x_wconf 88' lang='lat' dir='ltr'>vel</span> <span class='ocrx_word' id='word_1_617' title='bbox 695 2867 839 2906; x_wconf 84' lang='lat' dir='ltr'>personas,</span> <span class='ocrx_word' id='word_1_618' title='bbox 855 2877 903 2906; x_wconf 88' lang='lat' dir='ltr'>per</span> <span class='ocrx_word' id='word_1_619' title='bbox 917 2877 985 2898; x_wconf 88' lang='lat' dir='ltr'>eum</span> <span class='ocrx_word' id='word_1_620' title='bbox 1004 2867 1174 2908; x_wconf 85' lang='lat' dir='ltr'>designatas,</span> 
     </span>
     <span class='ocr_line' id='line_1_77' title="bbox 113 2906 783 2944; baseline -0.003 -7"><span class='ocrx_word' id='word_1_621' title='bbox 113 2914 160 2937; x_wconf 86' lang='lat' dir='ltr'>aut</span> <span class='ocrx_word' id='word_1_622' title='bbox 174 2906 371 2944; x_wconf 81' lang='lat' dir='ltr'>designandas,</span> <span class='ocrx_word' id='word_1_623' title='bbox 386 2916 416 2937; x_wconf 90' lang='lat' dir='ltr'>ut</span> <span class='ocrx_word' id='word_1_624' title='bbox 431 2906 606 2944; x_wconf 77' lang='lat' dir='ltr'>praedicitur,</span> <span class='ocrx_word' id='word_1_625' title='bbox 623 2916 783 2944; x_wconf 71' lang='lat' dir='ltr'>remanere,</span> 
     </span>
    </p>

    <p class='ocr_par' dir='ltr' id='par_1_17' title="bbox 113 2944 1174 3062">
     <span class='ocr_line' id='line_1_78' title="bbox 152 2944 1174 2983; baseline 0.002 -9"><span class='ocrx_word' id='word_1_626' title='bbox 152 2944 237 2976; x_wconf 84' lang='lat' dir='ltr'>Licet</span> <span class='ocrx_word' id='word_1_627' title='bbox 251 2953 342 2975; x_wconf 86' lang='lat' dir='ltr'>autem</span> <span class='ocrx_word' id='word_1_628' title='bbox 356 2945 412 2975; x_wconf 90' lang='lat' dir='ltr'>hoc</span> <span class='ocrx_word' id='word_1_629' title='bbox 427 2944 647 2974; x_wconf 83' lang='lat' dir='ltr'>liistrumeiitum</span> <span class='ocrx_word' id='word_1_630' title='bbox 657 2944 880 2975; x_wconf 88' lang='lat' dir='ltr'>mandaverimus</span> <span class='ocrx_word' id='word_1_631' title='bbox 893 2944 1043 2983; x_wconf 86' lang='lat' dir='ltr'>triplicari,</span> <span class='ocrx_word' id='word_1_632' title='bbox 1061 2955 1120 2975; x_wconf 93' lang='lat' dir='ltr'>non</span> <span class='ocrx_word' id='word_1_633' title='bbox 1133 2945 1174 2976; x_wconf 82' lang='lat' dir='ltr'>est</span> 
     </span>
     <span class='ocr_line' id='line_1_79' title="bbox 115 2982 1173 3022; baseline 0.001 -9"><span class='ocrx_word' id='word_1_634' title='bbox 115 2982 215 3013; x_wconf 78' lang='lat' dir='ltr'>nostrae</span> <span class='ocrx_word' id='word_1_635' title='bbox 230 2983 389 3013; x_wconf 88' lang='lat' dir='ltr'>intentionis</span> <span class='ocrx_word' id='word_1_636' title='bbox 403 2982 496 3021; x_wconf 88' lang='lat' dir='ltr'>quod,</span> <span class='ocrx_word' id='word_1_637' title='bbox 512 2982 563 3012; x_wconf 88' lang='lat' dir='ltr'>nisi</span> <span class='ocrx_word' id='word_1_638' title='bbox 578 2982 612 3013; x_wconf 87' lang='lat' dir='ltr'>ad</span> <span class='ocrx_word' id='word_1_639' title='bbox 624 2982 761 3013; x_wconf 86' lang='lat' dir='ltr'>summam</span> <span class='ocrx_word' id='word_1_640' title='bbox 771 2983 936 3021; x_wconf 58' lang='lat' dir='ltr'>praedic‘iam</span> <span class='ocrx_word' id='word_1_641' title='bbox 944 3006 954 3022; x_wconf 93' lang='lat'>,</span> <span class='ocrx_word' id='word_1_642' title='bbox 971 2983 1056 3014; x_wconf 89' lang='lat' dir='ltr'>semel</span> <span class='ocrx_word' id='word_1_643' title='bbox 1064 2984 1173 3016; x_wconf 91' lang='lat' dir='ltr'>solven-</span> 
     </span>
     <span class='ocr_line' id='line_1_80' title="bbox 113 3022 570 3062; baseline -0.002 -11"><span class='ocrx_word' id='word_1_644' title='bbox 113 3022 197 3059; x_wconf 88' lang='lat' dir='ltr'>dam,</span> <span class='ocrx_word' id='word_1_645' title='bbox 214 3030 324 3062; x_wconf 89' lang='lat' dir='ltr'>propter</span> <span class='ocrx_word' id='word_1_646' title='bbox 341 3022 400 3051; x_wconf 88' lang='lat' dir='ltr'>hoc</span> <span class='ocrx_word' id='word_1_647' title='bbox 418 3031 570 3051; x_wconf 82' lang='lat' dir='ltr'>teneamur.</span> 
     </span>
    </p>

    <p class='ocr_par' dir='ltr' id='par_1_18' title="bbox 112 3057 1175 3176">
     <span class='ocr_line' id='line_1_81' title="bbox 149 3057 1175 3101; baseline 0.002 -11"><span class='ocrx_word' id='word_1_648' title='bbox 149 3059 258 3090; x_wconf 89' lang='lat' dir='ltr'>Datum</span> <span class='ocrx_word' id='word_1_649' title='bbox 271 3061 305 3092; x_wconf 90' lang='lat'>&amp;</span> <span class='ocrx_word' id='word_1_650' title='bbox 318 3060 414 3090; x_wconf 68' lang='lat' dir='ltr'>actum</span> <span class='ocrx_word' id='word_1_651' title='bbox 430 3059 503 3097; x_wconf 83' lang='lat' dir='ltr'>apud</span> <span class='ocrx_word' id='word_1_652' title='bbox 518 3057 801 3089; x_wconf 81' lang='lat' dir='ltr'>Westmonasterium</span> <span class='ocrx_word' id='word_1_653' title='bbox 816 3061 847 3090; x_wconf 90' lang='lat' dir='ltr'>iii</span> <span class='ocrx_word' id='word_1_654' title='bbox 861 3059 985 3090; x_wconf 70' lang='lat' dir='ltr'>Camera</span> <span class='ocrx_word' id='word_1_655' title='bbox 998 3060 1090 3092; x_wconf 62' lang='lat' dir='ltr'>nostrai</span> <span class='ocrx_word' id='word_1_656' title='bbox 1099 3085 1109 3101; x_wconf 93' lang='lat'>,</span> <span class='ocrx_word' id='word_1_657' title='bbox 1127 3061 1175 3092; x_wconf 91' lang='lat' dir='ltr'>die</span> 
     </span>
     <span class='ocr_line' id='line_1_82' title="bbox 112 3097 1173 3139; baseline 0.004 -11"><span class='ocrx_word' id='word_1_658' title='bbox 112 3098 244 3128; x_wconf 59' lang='lat' dir='ltr'>vicesimi</span> <span class='ocrx_word' id='word_1_659' title='bbox 260 3098 360 3129; x_wconf 83' lang='lat' dir='ltr'>mensis</span> <span class='ocrx_word' id='word_1_660' title='bbox 367 3098 506 3136; x_wconf 83' lang='lat' dir='ltr'>Januarii,</span> <span class='ocrx_word' id='word_1_661' title='bbox 523 3107 597 3127; x_wconf 90' lang='lat' dir='ltr'>anno</span> <span class='ocrx_word' id='word_1_662' title='bbox 611 3097 774 3127; x_wconf 88' lang='lat' dir='ltr'>Nativitatis</span> <span class='ocrx_word' id='word_1_663' title='bbox 789 3097 912 3127; x_wconf 90' lang='lat' dir='ltr'>Domini</span> <span class='ocrx_word' id='word_1_664' title='bbox 927 3098 1101 3139; x_wconf 81' lang='lat' dir='ltr'>Milleiimo,</span> <span class='ocrx_word' id='word_1_665' title='bbox 1117 3109 1173 3132; x_wconf 89' lang='lat' dir='ltr'>tre-</span> 
     </span>
     <span class='ocr_line' id='line_1_83' title="bbox 113 3135 947 3176; baseline 0.001 -10"><span class='ocrx_word' id='word_1_666' title='bbox 113 3136 267 3167; x_wconf 86' lang='lat' dir='ltr'>centesimo</span> <span class='ocrx_word' id='word_1_667' title='bbox 281 3137 508 3175; x_wconf 84' lang='lat' dir='ltr'>quartodecimo,</span> <span class='ocrx_word' id='word_1_668' title='bbox 526 3135 623 3174; x_wconf 86' lang='lat' dir='ltr'>Regni</span> <span class='ocrx_word' id='word_1_669' title='bbox 636 3137 707 3167; x_wconf 79' lang='lat' dir='ltr'>vero</span> <span class='ocrx_word' id='word_1_670' title='bbox 721 3135 806 3165; x_wconf 88' lang='lat' dir='ltr'>nostri</span> <span class='ocrx_word' id='word_1_671' title='bbox 818 3135 947 3176; x_wconf 85' lang='lat' dir='ltr'>septimo.</span> 
     </span>
    </p>
   </div>
   <div class='ocr_carea' id='block_1_9' title="bbox 999 1571 1084 1579">
    <p class='ocr_par' dir='ltr' id='par_1_19' title="bbox 999 1571 1084 1579">
     <span class='ocr_line' id='line_1_84' title="bbox 999 1571 1084 1579; baseline 0 0"><span class='ocrx_word' id='word_1_672' title='bbox 999 1571 1084 1579; x_wconf 95' lang='lat' dir='ltr'> </span> 
     </span>
    </p>
   </div>
   <div class='ocr_carea' id='block_1_10' title="bbox 1093 1571 1178 1578">
    <p class='ocr_par' dir='ltr' id='par_1_20' title="bbox 1093 1571 1178 1578">
     <span class='ocr_line' id='line_1_85' title="bbox 1093 1571 1178 1578; baseline 0 2701"><span class='ocrx_word' id='word_1_673' title='bbox 1093 1571 1178 1578; x_wconf 95' lang='lat' dir='ltr'> </span> 
     </span>
    </p>
   </div>
   <div class='ocr_carea' id='block_1_11' title="bbox 148 3212 1172 3599">
    <p class='ocr_par' dir='ltr' id='par_1_21' title="bbox 150 3212 1172 3293">
     <span class='ocr_line' id='line_1_86' title="bbox 150 3212 1172 3255; baseline 0.002 -11"><span class='ocrx_word' id='word_1_674' title='bbox 150 3212 186 3244; x_wconf 89' lang='lat' dir='ltr'>Et</span> <span class='ocrx_word' id='word_1_675' title='bbox 205 3222 262 3251; x_wconf 83' lang='lat' dir='ltr'>ego</span> <span class='ocrx_word' id='word_1_676' title='bbox 277 3213 410 3243; x_wconf 82' lang='lat' dir='ltr'>Gerala&#39;us</span> <span class='ocrx_word' id='word_1_677' title='bbox 423 3215 454 3244; x_wconf 85' lang='lat' dir='ltr'>de</span> <span class='ocrx_word' id='word_1_678' title='bbox 468 3212 608 3252; x_wconf 73' lang='lat' dir='ltr'>Galim&#39;er,</span> <span class='ocrx_word' id='word_1_679' title='bbox 626 3212 742 3243; x_wconf 84' lang='lat' dir='ltr'>Clericus</span> <span class='ocrx_word' id='word_1_680' title='bbox 755 3213 952 3254; x_wconf 80' lang='lat' dir='ltr'>Lemovicenfis</span> <span class='ocrx_word' id='word_1_681' title='bbox 967 3214 1099 3255; x_wconf 62' lang='lat' dir='ltr'>Diocqfis,</span> <span class='ocrx_word' id='word_1_682' title='bbox 1121 3226 1172 3246; x_wconf 90' lang='lat' dir='ltr'>au-</span> 
     </span>
     <span class='ocr_line' id='line_1_87' title="bbox 189 3251 992 3293; baseline 0.001 -12"><span class='ocrx_word' id='word_1_683' title='bbox 189 3253 266 3282; x_wconf 72' lang='lat' dir='ltr'>Horit</span> <span class='ocrx_word' id='word_1_684' title='bbox 272 3259 317 3282; x_wconf 83' lang='lat' dir='ltr'>ate</span> <span class='ocrx_word' id='word_1_685' title='bbox 331 3252 482 3293; x_wconf 70' lang='lat' dir='ltr'>Apostolicd</span> <span class='ocrx_word' id='word_1_686' title='bbox 498 3251 535 3287; x_wconf 59' lang='grc' dir='ltr'><strong><em>ὠ</em></strong></span> <span class='ocrx_word' id='word_1_687' title='bbox 552 3252 689 3290; x_wconf 84' lang='lat' dir='ltr'>Imperiali</span> <span class='ocrx_word' id='word_1_688' title='bbox 702 3251 825 3281; x_wconf 70' lang='lat' dir='ltr'>Publii-ux</span> <span class='ocrx_word' id='word_1_689' title='bbox 840 3255 992 3286; x_wconf 64' lang='lat' dir='ltr'>Notarius:</span> 
     </span>
    </p>

    <p class='ocr_par' dir='ltr' id='par_1_22' title="bbox 152 3289 1172 3370">
     <span class='ocr_line' id='line_1_88' title="bbox 152 3289 1172 3332; baseline 0.001 -11"><span class='ocrx_word' id='word_1_690' title='bbox 152 3289 225 3321; x_wconf 76' lang='lat' dir='ltr'>Una</span> <span class='ocrx_word' id='word_1_691' title='bbox 237 3300 304 3321; x_wconf 93' lang='lat' dir='ltr'>cum</span> <span class='ocrx_word' id='word_1_692' title='bbox 318 3291 469 3321; x_wconf 87' lang='lat' dir='ltr'>reverendo</span> <span class='ocrx_word' id='word_1_693' title='bbox 483 3292 512 3320; x_wconf 91' lang='lat' dir='ltr'>in</span> <span class='ocrx_word' id='word_1_694' title='bbox 535 3290 651 3321; x_wconf 85' lang='lat' dir='ltr'>Christo</span> <span class='ocrx_word' id='word_1_695' title='bbox 671 3290 770 3328; x_wconf 88' lang='lat' dir='ltr'>Patre,</span> <span class='ocrx_word' id='word_1_696' title='bbox 788 3290 923 3321; x_wconf 90' lang='lat' dir='ltr'>Domino</span> <span class='ocrx_word' id='word_1_697' title='bbox 938 3291 1087 3332; x_wconf 82' lang='lat' dir='ltr'>Gualtero,</span> <span class='ocrx_word' id='word_1_698' title='bbox 1105 3292 1172 3323; x_wconf 86' lang='lat' dir='ltr'>Ele-</span> 
     </span>
     <span class='ocr_line' id='line_1_89' title="bbox 187 3329 818 3370; baseline 0 -12"><span class='ocrx_word' id='word_1_699' title='bbox 187 3330 229 3358; x_wconf 70' lang='grc' dir='ltr'>δῖα</span> <span class='ocrx_word' id='word_1_700' title='bbox 244 3329 446 3370; x_wconf 79' lang='lat' dir='ltr'>Cantuarienfi,</span> <span class='ocrx_word' id='word_1_701' title='bbox 463 3341 492 3358; x_wconf 86' lang='lat' dir='ltr'>ac</span> <span class='ocrx_word' id='word_1_702' title='bbox 507 3329 674 3359; x_wconf 83' lang='lat' dir='ltr'>Cancellario</span> <span class='ocrx_word' id='word_1_703' title='bbox 685 3330 798 3366; x_wconf 76' lang='lat' dir='ltr'>Angliae</span> <span class='ocrx_word' id='word_1_704' title='bbox 807 3351 818 3367; x_wconf 84' lang='lat'>,</span> 
     </span>
    </p>

    <p class='ocr_par' dir='ltr' id='par_1_23' title="bbox 152 3367 1170 3440">
     <span class='ocr_line' id='line_1_90' title="bbox 152 3367 1170 3440; baseline 0.001 -42"><span class='ocrx_word' id='word_1_705' title='bbox 152 3367 187 3398; x_wconf 91' lang='lat' dir='ltr'>Et</span> <span class='ocrx_word' id='word_1_706' title='bbox 202 3368 405 3434; x_wconf 65' lang='lat' dir='ltr'>venerabililbus</span> <span class='ocrx_word' id='word_1_707' title='bbox 421 3369 508 3440; x_wconf 48' lang='lat' dir='ltr'>gris,</span> <span class='ocrx_word' id='word_1_708' title='bbox 529 3368 678 3405; x_wconf 85' lang='lat' dir='ltr'>Dominis,</span> <span class='ocrx_word' id='word_1_709' title='bbox 695 3368 829 3417; x_wconf 66' lang='lat' dir='ltr'>Johanne</span> <span class='ocrx_word' id='word_1_710' title='bbox 856 3369 888 3398; x_wconf 85' lang='lat' dir='ltr'>de</span> <span class='ocrx_word' id='word_1_711' title='bbox 911 3368 1030 3399; x_wconf 79' lang='lat' dir='ltr'>Cendala</span> <span class='ocrx_word' id='word_1_712' title='bbox 1053 3368 1170 3409; x_wconf 56' lang='lat' dir='ltr'>Thestiu-</span> 
     </span>
    </p>

    <p class='ocr_par' dir='ltr' id='par_1_24' title="bbox 148 3410 1018 3486">
     <span class='ocr_line' id='line_1_91' title="bbox 148 3410 1018 3486; baseline 0 -12"><span class='ocrx_word' id='word_1_713' title='bbox 148 3410 464 3485; x_wconf 50' lang='grc' dir='ltr'>Βαςιζπνιιιξιὶἕγὲιῖνέηἱ,</span> <span class='ocrx_word' id='word_1_714' title='bbox 481 3444 595 3484; x_wconf 75' lang='lat' dir='ltr'>sacrista</span> <span class='ocrx_word' id='word_1_715' title='bbox 609 3446 703 3476; x_wconf 64' lang='lat' dir='ltr'>Sam‘h&#39;</span> <span class='ocrx_word' id='word_1_716' title='bbox 721 3444 801 3474; x_wconf 87' lang='lat' dir='ltr'>Pauli</span> <span class='ocrx_word' id='word_1_717' title='bbox 817 3445 1018 3486; x_wconf 70' lang='lat' dir='ltr'>Narbonenfis,</span> 
     </span>
    </p>

    <p class='ocr_par' dir='ltr' id='par_1_25' title="bbox 149 3482 1170 3556">
     <span class='ocr_line' id='line_1_92' title="bbox 149 3482 1170 3556; baseline 0.003 -42"><span class='ocrx_word' id='word_1_718' title='bbox 149 3483 194 3514; x_wconf 88' lang='lat' dir='ltr'>Ac</span> <span class='ocrx_word' id='word_1_719' title='bbox 210 3483 366 3551; x_wconf 44' lang='lat' dir='ltr'>Nobilli’bus</span> <span class='ocrx_word' id='word_1_720' title='bbox 385 3482 463 3556; x_wconf 46' lang='lat' dir='ltr'>gitis</span> <span class='ocrx_word' id='word_1_721' title='bbox 482 3482 619 3514; x_wconf 87' lang='lat' dir='ltr'>Dominis</span> <span class='ocrx_word' id='word_1_722' title='bbox 631 3506 641 3522; x_wconf 83' lang='lat'>,</span> <span class='ocrx_word' id='word_1_723' title='bbox 667 3483 807 3515; x_wconf 82' lang='lat' dir='ltr'>Adomaro</span> <span class='ocrx_word' id='word_1_724' title='bbox 820 3484 838 3503; x_wconf 64' lang='lat'>³*</span> <span class='ocrx_word' id='word_1_725' title='bbox 857 3484 890 3514; x_wconf 81' lang='lat' dir='ltr'>de</span> <span class='ocrx_word' id='word_1_726' title='bbox 902 3485 1048 3524; x_wconf 72' lang='lat' dir='ltr'>Valentia‘,</span> <span class='ocrx_word' id='word_1_727' title='bbox 1067 3490 1170 3517; x_wconf 84' lang='lat' dir='ltr'>comite</span> 
     </span>
    </p>

    <p class='ocr_par' dir='ltr' id='par_1_26' title="bbox 153 3523 762 3599">
     <span class='ocr_line' id='line_1_93' title="bbox 153 3523 762 3599; baseline 0.007 -11"><span class='ocrx_word' id='word_1_728' title='bbox 153 3523 388 3591; x_wconf 50' lang='lat' dir='ltr'>Buzzionoblgaeotieig’ssle</span> <span class='ocrx_word' id='word_1_729' title='bbox 402 3558 588 3599; x_wconf 59' lang='lat' dir='ltr'>Badesfmere,</span> <span class='ocrx_word' id='word_1_730' title='bbox 607 3559 762 3599; x_wconf 83' lang='lat' dir='ltr'>Militibus,</span> 
     </span>
    </p>
   </div>
   <div class='ocr_carea' id='block_1_12' title="bbox 108 3636 1169 4024">
    <p class='ocr_par' dir='ltr' id='par_1_27' title="bbox 108 3636 1169 4024">
     <span class='ocr_line' id='line_1_94' title="bbox 121 3636 1169 3679; baseline 0.005 -13"><span class='ocrx_word' id='word_1_731' title='bbox 121 3673 127 3679; x_wconf 85' lang='lat'>.</span> <span class='ocrx_word' id='word_1_732' title='bbox 151 3636 281 3675; x_wconf 88' lang='lat' dir='ltr'>Ejusdem</span> <span class='ocrx_word' id='word_1_733' title='bbox 298 3637 422 3668; x_wconf 89' lang='lat' dir='ltr'>Domini</span> <span class='ocrx_word' id='word_1_734' title='bbox 438 3637 528 3673; x_wconf 86' lang='lat' dir='ltr'>Regis</span> <span class='ocrx_word' id='word_1_735' title='bbox 540 3636 677 3674; x_wconf 85' lang='lat' dir='ltr'>Nunciis‚</span> <span class='ocrx_word' id='word_1_736' title='bbox 697 3638 861 3670; x_wconf 88' lang='lat' dir='ltr'>mandatum</span> <span class='ocrx_word' id='word_1_737' title='bbox 874 3639 908 3670; x_wconf 92' lang='lat' dir='ltr'>ad</span> <span class='ocrx_word' id='word_1_738' title='bbox 923 3640 980 3670; x_wconf 93' lang='lat' dir='ltr'>hoc</span> <span class='ocrx_word' id='word_1_739' title='bbox 993 3640 1112 3677; x_wconf 88' lang='lat' dir='ltr'>speciale</span> <span class='ocrx_word' id='word_1_740' title='bbox 1121 3650 1169 3678; x_wconf 89' lang='lat' dir='ltr'>per</span> 
     </span>
     <span class='ocr_line' id='line_1_95' title="bbox 109 3672 1169 3716; baseline 0.005 -13"><span class='ocrx_word' id='word_1_741' title='bbox 109 3672 208 3706; x_wconf 87' lang='lat' dir='ltr'>htteras</span> <span class='ocrx_word' id='word_1_742' title='bbox 217 3676 320 3715; x_wconf 84' lang='lat' dir='ltr'>Regias</span> <span class='ocrx_word' id='word_1_743' title='bbox 327 3676 494 3716; x_wconf 87' lang='lat' dir='ltr'>infrascripti</span> <span class='ocrx_word' id='word_1_744' title='bbox 503 3677 604 3706; x_wconf 88' lang='lat' dir='ltr'>tenoris</span> <span class='ocrx_word' id='word_1_745' title='bbox 619 3677 925 3715; x_wconf 76' lang='lat' dir='ltr'>obtineiitibu5,habito</span> <span class='ocrx_word' id='word_1_746' title='bbox 941 3678 1085 3716; x_wconf 83' lang='lat' dir='ltr'>colloquio</span> <span class='ocrx_word' id='word_1_747' title='bbox 1118 3678 1169 3710; x_wconf 90' lang='lat' dir='ltr'>Al-</span> 
     </span>
     <span class='ocr_line' id='line_1_96' title="bbox 109 3712 1167 3757; baseline 0.007 -15"><span class='ocrx_word' id='word_1_748' title='bbox 109 3712 207 3756; x_wconf 83' lang='lat' dir='ltr'>biensis</span> <span class='ocrx_word' id='word_1_749' title='bbox 221 3714 349 3746; x_wconf 81' lang='lat' dir='ltr'>Diocelis</span> <span class='ocrx_word' id='word_1_750' title='bbox 364 3714 491 3746; x_wconf 84' lang='lat' dir='ltr'>Notario</span> <span class='ocrx_word' id='word_1_751' title='bbox 504 3714 636 3752; x_wconf 88' lang='lat' dir='ltr'>publico,</span> <span class='ocrx_word' id='word_1_752' title='bbox 652 3714 764 3745; x_wconf 89' lang='lat' dir='ltr'>testibus</span> <span class='ocrx_word' id='word_1_753' title='bbox 776 3716 810 3746; x_wconf 88' lang='lat' dir='ltr'>ad</span> <span class='ocrx_word' id='word_1_754' title='bbox 831 3717 966 3757; x_wconf 69' lang='lat' dir='ltr'>praedicta</span> <span class='ocrx_word' id='word_1_755' title='bbox 979 3717 1087 3747; x_wconf 90' lang='lat' dir='ltr'>vocatis</span> <span class='ocrx_word' id='word_1_756' title='bbox 1107 3717 1167 3755; x_wconf 83' lang='lat' dir='ltr'>spe·</span> 
     </span>
     <span class='ocr_line' id='line_1_97' title="bbox 110 3750 1167 3794; baseline 0.007 -14"><span class='ocrx_word' id='word_1_757' title='bbox 110 3750 231 3794; x_wconf 78' lang='lat' dir='ltr'>cialiter,</span> <span class='ocrx_word' id='word_1_758' title='bbox 248 3754 456 3791; x_wconf 83' lang='lat' dir='ltr'>recognitioni,</span> <span class='ocrx_word' id='word_1_759' title='bbox 473 3754 641 3790; x_wconf 79' lang='lat' dir='ltr'>obligationi</span> <span class='ocrx_word' id='word_1_760' title='bbox 677 3753 1038 3793; x_wconf 86' lang='lat' dir='ltr'>promiffionibus,necnon</span> <span class='ocrx_word' id='word_1_761' title='bbox 1054 3757 1167 3791; x_wconf 73' lang='lat' dir='ltr'>praeita-</span> 
     </span>
     <span class='ocr_line' id='line_1_98' title="bbox 108 3776 1167 3833; baseline 0.005 -14"><span class='ocrx_word' id='word_1_762' title='bbox 108 3791 178 3832; x_wconf 74' lang='lat' dir='ltr'>tiorii</span> <span class='ocrx_word' id='word_1_763' title='bbox 187 3791 350 3829; x_wconf 84' lang='lat' dir='ltr'>juramenti,</span> <span class='ocrx_word' id='word_1_764' title='bbox 369 3802 418 3829; x_wconf 91' lang='lat' dir='ltr'>per</span> <span class='ocrx_word' id='word_1_765' title='bbox 439 3792 606 3822; x_wconf 88' lang='lat' dir='ltr'>Dominum</span> <span class='ocrx_word' id='word_1_766' title='bbox 628 3776 785 3830; x_wconf 72' lang='lat' dir='ltr'>l-iugonem</span> <span class='ocrx_word' id='word_1_767' title='bbox 807 3794 832 3824; x_wconf 89' lang='lat' dir='ltr'>le</span> <span class='ocrx_word' id='word_1_768' title='bbox 853 3793 1008 3832; x_wconf 85' lang='lat' dir='ltr'>Despenser</span> <span class='ocrx_word' id='word_1_769' title='bbox 1023 3793 1167 3833; x_wconf 84' lang='lat' dir='ltr'>Militem,</span> 
     </span>
     <span class='ocr_line' id='line_1_99' title="bbox 111 3829 1167 3871; baseline 0.008 -16"><span class='ocrx_word' id='word_1_770' title='bbox 111 3830 190 3863; x_wconf 75' lang='lat' dir='ltr'>ipsius</span> <span class='ocrx_word' id='word_1_771' title='bbox 204 3829 325 3860; x_wconf 87' lang='lat' dir='ltr'>Domini</span> <span class='ocrx_word' id='word_1_772' title='bbox 349 3830 436 3867; x_wconf 85' lang='lat' dir='ltr'>Regis</span> <span class='ocrx_word' id='word_1_773' title='bbox 457 3831 567 3868; x_wconf 88' lang='lat' dir='ltr'>speciali</span> <span class='ocrx_word' id='word_1_774' title='bbox 587 3830 736 3867; x_wconf 79' lang='lat' dir='ltr'>mandato,</span> <span class='ocrx_word' id='word_1_775' title='bbox 751 3830 786 3859; x_wconf 91' lang='lat' dir='ltr'>ad</span> <span class='ocrx_word' id='word_1_776' title='bbox 801 3832 903 3863; x_wconf 65' lang='lat' dir='ltr'>Sancta</span> <span class='ocrx_word' id='word_1_777' title='bbox 923 3832 981 3862; x_wconf 78' lang='lat' dir='ltr'>Dei</span> <span class='ocrx_word' id='word_1_778' title='bbox 995 3831 1145 3869; x_wconf 81' lang='lat' dir='ltr'>Evangelia</span> <span class='ocrx_word' id='word_1_779' title='bbox 1156 3855 1167 3871; x_wconf 96' lang='lat'>,</span> 
     </span>
     <span class='ocr_line' id='line_1_100' title="bbox 109 3867 1167 3909; baseline 0.005 -13"><span class='ocrx_word' id='word_1_780' title='bbox 109 3873 138 3894; x_wconf 89' lang='lat' dir='ltr'>ut</span> <span class='ocrx_word' id='word_1_781' title='bbox 152 3869 341 3906; x_wconf 70' lang='lat' dir='ltr'>praemittitur,</span> <span class='ocrx_word' id='word_1_782' title='bbox 361 3868 476 3906; x_wconf 77' lang='lat' dir='ltr'>praestiti</span> <span class='ocrx_word' id='word_1_783' title='bbox 491 3892 501 3908; x_wconf 85' lang='lat'>,</span> <span class='ocrx_word' id='word_1_784' title='bbox 517 3878 551 3899; x_wconf 88' lang='lat' dir='ltr'>ac</span> <span class='ocrx_word' id='word_1_785' title='bbox 571 3870 705 3899; x_wconf 90' lang='lat' dir='ltr'>omnibus</span> <span class='ocrx_word' id='word_1_786' title='bbox 725 3867 783 3897; x_wconf 87' lang='lat' dir='ltr'>aliis</span> <span class='ocrx_word' id='word_1_787' title='bbox 798 3870 957 3908; x_wconf 68' lang='lat' dir='ltr'>supraditffis</span> <span class='ocrx_word' id='word_1_788' title='bbox 978 3869 1093 3907; x_wconf 77' lang='lat' dir='ltr'>praesens</span> <span class='ocrx_word' id='word_1_789' title='bbox 1107 3871 1167 3909; x_wconf 89' lang='lat' dir='ltr'>fui,</span> 
     </span>
     <span class='ocr_line' id='line_1_101' title="bbox 109 3906 1166 3947; baseline 0.006 -14"><span class='ocrx_word' id='word_1_790' title='bbox 109 3911 212 3946; x_wconf 65' lang='lat' dir='ltr'>eaque,</span> <span class='ocrx_word' id='word_1_791' title='bbox 229 3906 264 3947; x_wconf 84' lang='lat' dir='ltr'>de</span> <span class='ocrx_word' id='word_1_792' title='bbox 280 3907 359 3944; x_wconf 89' lang='lat' dir='ltr'>ipsius</span> <span class='ocrx_word' id='word_1_793' title='bbox 370 3907 494 3938; x_wconf 90' lang='lat' dir='ltr'>Domini</span> <span class='ocrx_word' id='word_1_794' title='bbox 508 3907 595 3947; x_wconf 87' lang='lat' dir='ltr'>Regis</span> <span class='ocrx_word' id='word_1_795' title='bbox 615 3906 765 3942; x_wconf 85' lang='lat' dir='ltr'>mandato,</span> <span class='ocrx_word' id='word_1_796' title='bbox 784 3911 877 3946; x_wconf 88' lang='lat' dir='ltr'>recepi</span> <span class='ocrx_word' id='word_1_797' title='bbox 899 3909 945 3939; x_wconf 91' lang='lat' dir='ltr'>die</span> <span class='ocrx_word' id='word_1_798' title='bbox 964 3908 997 3939; x_wconf 90' lang='lat'>&amp;</span> <span class='ocrx_word' id='word_1_799' title='bbox 1012 3908 1078 3938; x_wconf 92' lang='lat' dir='ltr'>loco</span> <span class='ocrx_word' id='word_1_800' title='bbox 1094 3919 1166 3946; x_wconf 81' lang='lat' dir='ltr'>prae-</span> 
     </span>
     <span class='ocr_line' id='line_1_102' title="bbox 111 3939 1166 3987; baseline 0.009 -19"><span class='ocrx_word' id='word_1_801' title='bbox 111 3939 206 3979; x_wconf 65' lang='lat' dir='ltr'>dietis,</span> <span class='ocrx_word' id='word_1_802' title='bbox 222 3945 270 3973; x_wconf 79' lang='lat' dir='ltr'>iub</span> <span class='ocrx_word' id='word_1_803' title='bbox 287 3955 360 3974; x_wconf 84' lang='lat' dir='ltr'>anno</span> <span class='ocrx_word' id='word_1_804' title='bbox 379 3956 393 3975; x_wconf 79' lang='lat' dir='ltr'>a</span> <span class='ocrx_word' id='word_1_805' title='bbox 414 3946 567 3976; x_wconf 82' lang='lat' dir='ltr'>Nativitate</span> <span class='ocrx_word' id='word_1_806' title='bbox 584 3945 707 3976; x_wconf 86' lang='lat' dir='ltr'>Domini</span> <span class='ocrx_word' id='word_1_807' title='bbox 730 3944 882 3977; x_wconf 87' lang='lat' dir='ltr'>Millesimo</span> <span class='ocrx_word' id='word_1_808' title='bbox 895 3970 905 3985; x_wconf 91' lang='lat'>,</span> <span class='ocrx_word' id='word_1_809' title='bbox 929 3947 1166 3987; x_wconf 85' lang='lat' dir='ltr'>Trecentesimo,</span> 
     </span>
     <span class='ocr_line' id='line_1_103' title="bbox 113 3977 1166 4024; baseline 0.009 -17"><span class='ocrx_word' id='word_1_810' title='bbox 113 3977 351 4024; x_wconf 78' lang='lat' dir='ltr'>Quartodecimo,</span> <span class='ocrx_word' id='word_1_811' title='bbox 368 3983 528 4015; x_wconf 73' lang='lat' dir='ltr'>IndiCtione</span> <span class='ocrx_word' id='word_1_812' title='bbox 541 3984 730 4020; x_wconf 80' lang='lat' dir='ltr'>duodecima,</span> <span class='ocrx_word' id='word_1_813' title='bbox 749 3983 933 4015; x_wconf 69' lang='lat' dir='ltr'>pontificatus</span> <span class='ocrx_word' id='word_1_814' title='bbox 954 3984 1025 4014; x_wconf 67' lang='lat' dir='ltr'>dieti</span> <span class='ocrx_word' id='word_1_815' title='bbox 1039 3984 1166 4016; x_wconf 90' lang='lat' dir='ltr'>Domini</span> 
     </span>
    </p>
   </div>
   <div class='ocr_carea' id='block_1_13' title="bbox 112 4014 1166 4089">
    <p class='ocr_par' dir='ltr' id='par_1_28' title="bbox 112 4014 1166 4089">
     <span class='ocr_line' id='line_1_104' title="bbox 112 4014 1166 4089; baseline 0.005 -40"><span class='ocrx_word' id='word_1_816' title='bbox 112 4014 267 4087; x_wconf 44' lang='lat' dir='ltr'>Cssbnnilenfis</span> <span class='ocrx_word' id='word_1_817' title='bbox 282 4029 356 4089; x_wconf 54' lang='lat' dir='ltr'>arunt}</span> <span class='ocrx_word' id='word_1_818' title='bbox 368 4030 464 4061; x_wconf 80' lang='lat' dir='ltr'>none,</span> <span class='ocrx_word' id='word_1_819' title='bbox 481 4032 516 4056; x_wconf 83' lang='lat' dir='ltr'>ac</span> <span class='ocrx_word' id='word_1_820' title='bbox 530 4032 615 4056; x_wconf 82' lang='lat' dir='ltr'>manu</span> <span class='ocrx_word' id='word_1_821' title='bbox 631 4021 746 4063; x_wconf 62' lang='lat' dir='ltr'>propria</span> <span class='ocrx_word' id='word_1_822' title='bbox 761 4022 870 4063; x_wconf 81' lang='lat' dir='ltr'>scripsi,</span> <span class='ocrx_word' id='word_1_823' title='bbox 886 4023 920 4056; x_wconf 87' lang='lat'>&amp;</span> <span class='ocrx_word' id='word_1_824' title='bbox 935 4023 990 4055; x_wconf 70' lang='lat' dir='ltr'>una</span> <span class='ocrx_word' id='word_1_825' title='bbox 1001 4032 1071 4056; x_wconf 87' lang='lat' dir='ltr'>cum</span> <span class='ocrx_word' id='word_1_826' title='bbox 1077 4023 1166 4064; x_wconf 86' lang='lat' dir='ltr'>sigillo</span> 
     </span>
    </p>
   </div>
   <div class='ocr_carea' id='block_1_14' title="bbox 2206 133 2278 176">
    <p class='ocr_par' dir='ltr' id='par_1_29' title="bbox 2206 133 2278 176">
     <span class='ocr_line' id='line_1_105' title="bbox 2206 133 2278 176; baseline -0.014 0"><span class='ocrx_word' id='word_1_827' title='bbox 2206 133 2278 176; x_wconf 76' lang='lat' dir='ltr'>izi</span> 
     </span>
    </p>
   </div>
   <div class='ocr_carea' id='block_1_15' title="bbox 1215 206 2425 260">
    <p class='ocr_par' dir='ltr' id='par_1_30' title="bbox 1215 206 2425 260">
     <span class='ocr_line' id='line_1_106' title="bbox 1215 206 2425 260; baseline 0.011 -20"><span class='ocrx_word' id='word_1_828' title='bbox 1215 210 1285 242; x_wconf 66' lang='lat' dir='ltr'>dieti</span> <span class='ocrx_word' id='word_1_829' title='bbox 1300 211 1425 243; x_wconf 88' lang='lat' dir='ltr'>Domini</span> <span class='ocrx_word' id='word_1_830' title='bbox 1440 214 1525 253; x_wconf 78' lang='lat' dir='ltr'>Regis</span> <span class='ocrx_word' id='word_1_831' title='bbox 1543 215 1671 260; x_wconf 55' lang='lat' dir='ltr'>Augure,</span> <span class='ocrx_word' id='word_1_832' title='bbox 1688 208 1722 249; x_wconf 72' lang='grc' dir='ltr'>δε</span> <span class='ocrx_word' id='word_1_833' title='bbox 1736 217 1817 256; x_wconf 77' lang='lat' dir='ltr'>signo</span> <span class='ocrx_word' id='word_1_834' title='bbox 1830 218 1973 256; x_wconf 82' lang='lat' dir='ltr'>subscripti</span> <span class='ocrx_word' id='word_1_835' title='bbox 1994 212 2130 256; x_wconf 83' lang='lat' dir='ltr'>Notarii,</span> <span class='ocrx_word' id='word_1_836' title='bbox 2147 220 2195 257; x_wconf 87' lang='lat' dir='ltr'>qui</span> <span class='ocrx_word' id='word_1_837' title='bbox 2209 219 2275 250; x_wconf 88' lang='lat' dir='ltr'>huic</span> <span class='ocrx_word' id='word_1_838' title='bbox 2294 220 2369 252; x_wconf 81' lang='lat' dir='ltr'>Arm.</span> <span class='ocrx_word' id='word_1_839' title='bbox 2384 206 2425 252; x_wconf 97' lang='lat' dir='ltr'>D</span> 
     </span>
    </p>
   </div>
   <div class='ocr_carea' id='block_1_16' title="bbox 1215 247 1534 282">
    <p class='ocr_par' dir='ltr' id='par_1_31' title="bbox 1215 247 1534 282">
     <span class='ocr_line' id='line_1_107' title="bbox 1215 247 1534 282; baseline 0.019 -6"><span class='ocrx_word' id='word_1_840' title='bbox 1215 247 1334 280; x_wconf 84' lang='lat' dir='ltr'>Publico</span> <span class='ocrx_word' id='word_1_841' title='bbox 1348 250 1534 282; x_wconf 82' lang='lat' dir='ltr'>instrumento</span> 
     </span>
    </p>
   </div>
   <div class='ocr_carea' id='block_1_17' title="bbox 1215 276 1885 334">
    <p class='ocr_par' dir='ltr' id='par_1_32' title="bbox 1215 276 1885 334">
     <span class='ocr_line' id='line_1_108' title="bbox 1215 276 1885 334; baseline 0.018 -19"><span class='ocrx_word' id='word_1_842' title='bbox 1215 286 1325 323; x_wconf 89' lang='lat' dir='ltr'>signum</span> <span class='ocrx_word' id='word_1_843' title='bbox 1342 299 1440 319; x_wconf 85' lang='lat' dir='ltr'>meum</span> <span class='ocrx_word' id='word_1_844' title='bbox 1455 276 1568 327; x_wconf 74' lang='lat' dir='ltr'>appositi</span> <span class='ocrx_word' id='word_1_845' title='bbox 1584 293 1750 324; x_wconf 83' lang='lat' dir='ltr'>consuetum</span> <span class='ocrx_word' id='word_1_846' title='bbox 1764 304 1885 334; x_wconf 82' lang='lat' dir='ltr'>rogatus,</span> 
     </span>
    </p>
   </div>
   <div class='ocr_carea' id='block_1_18' title="bbox 1212 362 2292 903">
    <p class='ocr_par' dir='ltr' id='par_1_33' title="bbox 1212 362 2292 903">
     <span class='ocr_line' id='line_1_109' title="bbox 1251 362 2275 412; baseline 0.012 -20"><span class='ocrx_word' id='word_1_847' title='bbox 1251 362 1286 393; x_wconf 88' lang='lat' dir='ltr'>Et</span> <span class='ocrx_word' id='word_1_848' title='bbox 1301 373 1354 403; x_wconf 81' lang='lat' dir='ltr'>ego</span> <span class='ocrx_word' id='word_1_849' title='bbox 1365 364 1504 403; x_wconf 80' lang='lat' dir='ltr'>johannes</span> <span class='ocrx_word' id='word_1_850' title='bbox 1521 365 1650 409; x_wconf 83' lang='lat' dir='ltr'>Durandi</span> <span class='ocrx_word' id='word_1_851' title='bbox 1666 367 1807 412; x_wconf 75' lang='lat' dir='ltr'>Clericus,</span> <span class='ocrx_word' id='word_1_852' title='bbox 1827 372 1961 403; x_wconf 79' lang='lat' dir='ltr'>Albieiisis</span> <span class='ocrx_word' id='word_1_853' title='bbox 1976 371 2275 411; x_wconf 71' lang='lat' dir='ltr'>Diocefis,Sacr0san-=&#39;</span> 
     </span>
     <span class='ocr_line' id='line_1_110' title="bbox 1213 402 2273 450; baseline 0.01 -18"><span class='ocrx_word' id='word_1_854' title='bbox 1213 402 1268 444; x_wconf 57' lang='lat' dir='ltr'>&lt;Et-ae</span> <span class='ocrx_word' id='word_1_855' title='bbox 1286 402 1427 446; x_wconf 70' lang='lat' dir='ltr'>Romanae</span> <span class='ocrx_word' id='word_1_856' title='bbox 1441 403 1575 435; x_wconf 81' lang='lat' dir='ltr'>Eccleiiae</span> <span class='ocrx_word' id='word_1_857' title='bbox 1589 407 1752 449; x_wconf 47' lang='lat' dir='ltr'>austoritate</span> <span class='ocrx_word' id='word_1_858' title='bbox 1761 408 1894 441; x_wconf 87' lang='lat' dir='ltr'>Publicus</span> <span class='ocrx_word' id='word_1_859' title='bbox 1901 411 2052 450; x_wconf 86' lang='lat' dir='ltr'>Notarius,</span> <span class='ocrx_word' id='word_1_860' title='bbox 2062 412 2115 442; x_wconf 66' lang='lat' dir='ltr'>unii</span> <span class='ocrx_word' id='word_1_861' title='bbox 2122 421 2192 442; x_wconf 90' lang='lat' dir='ltr'>cum</span> <span class='ocrx_word' id='word_1_862' title='bbox 2204 411 2273 442; x_wconf 51' lang='lat' dir='ltr'>Noss</span> 
     </span>
     <span class='ocr_line' id='line_1_111' title="bbox 1212 440 2274 488; baseline 0.009 -18"><span class='ocrx_word' id='word_1_863' title='bbox 1212 448 1281 484; x_wconf 75' lang='lat' dir='ltr'>tario</span> <span class='ocrx_word' id='word_1_864' title='bbox 1295 441 1327 470; x_wconf 84' lang='lat'>&amp;</span> <span class='ocrx_word' id='word_1_865' title='bbox 1345 440 1477 485; x_wconf 83' lang='lat' dir='ltr'>Testibus</span> <span class='ocrx_word' id='word_1_866' title='bbox 1498 442 1668 487; x_wconf 71' lang='lat' dir='ltr'>subscriptis,</span> <span class='ocrx_word' id='word_1_867' title='bbox 1687 446 1828 482; x_wconf 73' lang='lat' dir='ltr'>praedictis</span> <span class='ocrx_word' id='word_1_868' title='bbox 1868 449 2073 487; x_wconf 71' lang='lat' dir='ltr'>Reco&#39;gnitioni</span> <span class='ocrx_word' id='word_1_869' title='bbox 2110 450 2274 488; x_wconf 86' lang='lat' dir='ltr'>Obligatio-</span> 
     </span>
     <span class='ocr_line' id='line_1_112' title="bbox 1212 471 2275 550; baseline 0.012 -44"><span class='ocrx_word' id='word_1_870' title='bbox 1212 477 1745 550; x_wconf 43' lang='lat' dir='ltr'>igicspgjgxrriloeilegssspki&#39;plps,nMissionibuisg</span> <span class='ocrx_word' id='word_1_871' title='bbox 1768 471 2003 532; x_wconf 60' lang='lat' dir='ltr'>inhibitionibus,</span> <span class='ocrx_word' id='word_1_872' title='bbox 2025 472 2275 533; x_wconf 71' lang='lat' dir='ltr'>OrdinationibuS,</span> 
     </span>
     <span class='ocr_line' id='line_1_113' title="bbox 1214 524 2275 604; baseline 0.013 -21"><span class='ocrx_word' id='word_1_873' title='bbox 1214 542 1511 600; x_wconf 59' lang='lat' dir='ltr'>minumiiugoiiem’</span> <span class='ocrx_word' id='word_1_874' title='bbox 1521 530 1714 601; x_wconf 53' lang='lat' dir='ltr'>ieeffi‘fss‘effss</span> <span class='ocrx_word' id='word_1_875' title='bbox 1726 524 2159 604; x_wconf 54' lang='lat' dir='ltr'>rei}fi{¹e¹si‘1fiff‘issfssaffi¹issiiiss¹</span> <span class='ocrx_word' id='word_1_876' title='bbox 2162 527 2275 595; x_wconf 56' lang='lat'>3023?</span> 
     </span>
     <span class='ocr_line' id='line_1_114' title="bbox 1213 593 2273 639; baseline 0.012 -17"><span class='ocrx_word' id='word_1_877' title='bbox 1213 603 1242 623; x_wconf 89' lang='lat' dir='ltr'>ni</span> <span class='ocrx_word' id='word_1_878' title='bbox 1258 593 1350 637; x_wconf 82' lang='lat' dir='ltr'>Regis</span> <span class='ocrx_word' id='word_1_879' title='bbox 1362 593 1478 638; x_wconf 81' lang='lat' dir='ltr'>Angliae</span> <span class='ocrx_word' id='word_1_880' title='bbox 1488 617 1497 633; x_wconf 84' lang='grc'>,</span> <span class='ocrx_word' id='word_1_881' title='bbox 1515 595 1550 626; x_wconf 91' lang='lat' dir='ltr'>de</span> <span class='ocrx_word' id='word_1_882' title='bbox 1560 596 1683 634; x_wconf 78' lang='lat' dir='ltr'>ejusdem</span> <span class='ocrx_word' id='word_1_883' title='bbox 1697 597 1806 634; x_wconf 82' lang='lat' dir='ltr'>speciali</span> <span class='ocrx_word' id='word_1_884' title='bbox 1820 601 1951 630; x_wconf 85' lang='lat' dir='ltr'>mandato</span> <span class='ocrx_word' id='word_1_885' title='bbox 1963 625 1973 639; x_wconf 91' lang='lat'>,</span> <span class='ocrx_word' id='word_1_886' title='bbox 1994 603 2029 633; x_wconf 87' lang='lat' dir='ltr'>ad</span> <span class='ocrx_word' id='word_1_887' title='bbox 2043 603 2137 634; x_wconf 70' lang='lat' dir='ltr'>Sancti</span> <span class='ocrx_word' id='word_1_888' title='bbox 2153 603 2208 633; x_wconf 84' lang='lat' dir='ltr'>Dei</span> <span class='ocrx_word' id='word_1_889' title='bbox 2234 603 2273 633; x_wconf 90' lang='lat' dir='ltr'>E-</span> 
     </span>
     <span class='ocr_line' id='line_1_115' title="bbox 1214 632 2292 677; baseline 0.013 -17"><span class='ocrx_word' id='word_1_890' title='bbox 1214 632 1356 676; x_wconf 70' lang='lat' dir='ltr'>vangelia,</span> <span class='ocrx_word' id='word_1_891' title='bbox 1375 642 1422 669; x_wconf 89' lang='lat' dir='ltr'>per</span> <span class='ocrx_word' id='word_1_892' title='bbox 1438 632 1526 670; x_wconf 90' lang='lat' dir='ltr'>ipsum</span> <span class='ocrx_word' id='word_1_893' title='bbox 1543 634 1722 672; x_wconf 76' lang='lat' dir='ltr'>corporaliter</span> <span class='ocrx_word' id='word_1_894' title='bbox 1737 636 1809 666; x_wconf 64' lang='lat' dir='ltr'>tacta</span> <span class='ocrx_word' id='word_1_895' title='bbox 1820 659 1832 675; x_wconf 95' lang='lat'>,</span> <span class='ocrx_word' id='word_1_896' title='bbox 1857 639 1971 674; x_wconf 85' lang='lat' dir='ltr'>praestiti</span> <span class='ocrx_word' id='word_1_897' title='bbox 1984 663 1994 677; x_wconf 88' lang='lat'>,</span> <span class='ocrx_word' id='word_1_898' title='bbox 2010 642 2143 672; x_wconf 88' lang='lat' dir='ltr'>omnibus</span> <span class='ocrx_word' id='word_1_899' title='bbox 2157 641 2214 672; x_wconf 78' lang='lat' dir='ltr'>aliis</span> <span class='ocrx_word' id='word_1_900' title='bbox 2230 641 2274 673; x_wconf 82' lang='lat' dir='ltr'>su·</span> <span class='ocrx_word' id='word_1_901' title='bbox 2291 649 2292 653; x_wconf 77' lang='grc'>’</span> 
     </span>
     <span class='ocr_line' id='line_1_116' title="bbox 1214 670 2274 717; baseline 0.011 -18"><span class='ocrx_word' id='word_1_902' title='bbox 1214 670 1346 714; x_wconf 63' lang='lat' dir='ltr'>pradictis</span> <span class='ocrx_word' id='word_1_903' title='bbox 1359 670 1477 714; x_wconf 77' lang='lat' dir='ltr'>praesens</span> <span class='ocrx_word' id='word_1_904' title='bbox 1489 671 1547 710; x_wconf 85' lang='lat' dir='ltr'>fui,</span> <span class='ocrx_word' id='word_1_905' title='bbox 1564 673 1598 703; x_wconf 92' lang='lat'>&amp;</span> <span class='ocrx_word' id='word_1_906' title='bbox 1614 673 1681 703; x_wconf 91' lang='lat' dir='ltr'>huic</span> <span class='ocrx_word' id='word_1_907' title='bbox 1708 674 1824 717; x_wconf 80' lang='lat' dir='ltr'>publico</span> <span class='ocrx_word' id='word_1_908' title='bbox 1837 674 2037 717; x_wconf 81' lang='lat' dir='ltr'>instrumento,</span> <span class='ocrx_word' id='word_1_909' title='bbox 2055 680 2088 710; x_wconf 94' lang='lat' dir='ltr'>ad</span> <span class='ocrx_word' id='word_1_910' title='bbox 2110 680 2274 711; x_wconf 84' lang='lat' dir='ltr'>mandatum</span> 
     </span>
     <span class='ocr_line' id='line_1_117' title="bbox 1214 708 2273 763; baseline 0.011 -25"><span class='ocrx_word' id='word_1_911' title='bbox 1214 709 1247 738; x_wconf 87' lang='lat'>&amp;</span> <span class='ocrx_word' id='word_1_912' title='bbox 1263 708 1469 747; x_wconf 76' lang='lat' dir='ltr'>requisitionem</span> <span class='ocrx_word' id='word_1_913' title='bbox 1489 710 1618 754; x_wconf 65' lang='lat' dir='ltr'>praedidti</span> <span class='ocrx_word' id='word_1_914' title='bbox 1634 710 1756 742; x_wconf 89' lang='lat' dir='ltr'>Domini</span> <span class='ocrx_word' id='word_1_915' title='bbox 1771 711 1878 751; x_wconf 88' lang='lat' dir='ltr'>Regis,</span> <span class='ocrx_word' id='word_1_916' title='bbox 1897 714 1952 744; x_wconf 78' lang='lat' dir='ltr'>una</span> <span class='ocrx_word' id='word_1_917' title='bbox 1967 725 2034 747; x_wconf 90' lang='lat' dir='ltr'>cum</span> <span class='ocrx_word' id='word_1_918' title='bbox 2049 718 2140 754; x_wconf 85' lang='lat' dir='ltr'>sigillo</span> <span class='ocrx_word' id='word_1_919' title='bbox 2152 718 2273 763; x_wconf 80' lang='lat' dir='ltr'>ejusdem</span> 
     </span>
     <span class='ocr_line' id='line_1_118' title="bbox 1215 747 2274 795; baseline 0.011 -19"><span class='ocrx_word' id='word_1_920' title='bbox 1215 757 1248 777; x_wconf 89' lang='lat' dir='ltr'>ac</span> <span class='ocrx_word' id='word_1_921' title='bbox 1265 747 1347 784; x_wconf 85' lang='lat' dir='ltr'>signo</span> <span class='ocrx_word' id='word_1_922' title='bbox 1358 747 1391 778; x_wconf 91' lang='lat'>&amp;</span> <span class='ocrx_word' id='word_1_923' title='bbox 1406 747 1604 792; x_wconf 76' lang='lat' dir='ltr'>subscriptione</span> <span class='ocrx_word' id='word_1_924' title='bbox 1618 749 1767 787; x_wconf 67' lang='lat' dir='ltr'>supradicit</span> <span class='ocrx_word' id='word_1_925' title='bbox 1779 750 1893 781; x_wconf 88' lang='lat' dir='ltr'>Notarii</span> <span class='ocrx_word' id='word_1_926' title='bbox 1915 761 2011 783; x_wconf 87' lang='lat' dir='ltr'>meum</span> <span class='ocrx_word' id='word_1_927' title='bbox 2028 755 2139 791; x_wconf 81' lang='lat' dir='ltr'>sigrium</span> <span class='ocrx_word' id='word_1_928' title='bbox 2157 757 2274 795; x_wconf 77' lang='lat' dir='ltr'>apposui</span> 
     </span>
     <span class='ocr_line' id='line_1_119' title="bbox 1214 785 2273 830; baseline 0.01 -15"><span class='ocrx_word' id='word_1_929' title='bbox 1214 785 1397 830; x_wconf 82' lang='lat' dir='ltr'>consuetum,</span> <span class='ocrx_word' id='word_1_930' title='bbox 1414 786 1447 816; x_wconf 77' lang='lat' dir='ltr'>&lt;Sc</span> <span class='ocrx_word' id='word_1_931' title='bbox 1463 786 1510 817; x_wconf 88' lang='lat' dir='ltr'>hic</span> <span class='ocrx_word' id='word_1_932' title='bbox 1525 797 1574 817; x_wconf 90' lang='lat' dir='ltr'>me</span> <span class='ocrx_word' id='word_1_933' title='bbox 1585 787 1703 818; x_wconf 88' lang='lat' dir='ltr'>Testem</span> <span class='ocrx_word' id='word_1_934' title='bbox 1712 787 1868 827; x_wconf 80' lang='lat' dir='ltr'>subscripsi,</span> <span class='ocrx_word' id='word_1_935' title='bbox 1887 791 1914 819; x_wconf 90' lang='lat' dir='ltr'>in</span> <span class='ocrx_word' id='word_1_936' title='bbox 1924 790 2134 823; x_wconf 88' lang='lat' dir='ltr'>Testimonium</span> <span class='ocrx_word' id='word_1_937' title='bbox 2143 797 2273 826; x_wconf 88' lang='lat' dir='ltr'>omniurn</span> 
     </span>
     <span class='ocr_line' id='line_1_120' title="bbox 1214 824 2274 871; baseline 0.009 -17"><span class='ocrx_word' id='word_1_938' title='bbox 1214 824 1436 867; x_wconf 77' lang='lat' dir='ltr'>praetrufforum,</span> <span class='ocrx_word' id='word_1_939' title='bbox 1452 824 1502 856; x_wconf 90' lang='lat' dir='ltr'>sub</span> <span class='ocrx_word' id='word_1_940' title='bbox 1514 835 1589 865; x_wconf 85' lang='lat' dir='ltr'>anno</span> <span class='ocrx_word' id='word_1_941' title='bbox 1604 825 1744 864; x_wconf 89' lang='lat' dir='ltr'>Domini,</span> <span class='ocrx_word' id='word_1_942' title='bbox 1766 827 1837 867; x_wconf 79' lang='lat' dir='ltr'>Die,</span> <span class='ocrx_word' id='word_1_943' title='bbox 1857 827 1974 867; x_wconf 81' lang='lat' dir='ltr'>Mense,</span> <span class='ocrx_word' id='word_1_944' title='bbox 1991 829 2153 863; x_wconf 71' lang='lat' dir='ltr'>indictione</span> <span class='ocrx_word' id='word_1_945' title='bbox 2164 856 2175 871; x_wconf 84' lang='lat'>,</span> <span class='ocrx_word' id='word_1_946' title='bbox 2200 833 2274 864; x_wconf 89' lang='lat' dir='ltr'>Pon-</span> 
     </span>
     <span class='ocr_line' id='line_1_121' title="bbox 1217 861 1825 903; baseline 0.005 -11"><span class='ocrx_word' id='word_1_947' title='bbox 1217 861 1340 902; x_wconf 85' lang='lat' dir='ltr'>tificatu,</span> <span class='ocrx_word' id='word_1_948' title='bbox 1360 862 1465 902; x_wconf 92' lang='lat' dir='ltr'>Loco,</span> <span class='ocrx_word' id='word_1_949' title='bbox 1482 864 1516 895; x_wconf 88' lang='lat'>&amp;</span> <span class='ocrx_word' id='word_1_950' title='bbox 1531 863 1658 903; x_wconf 85' lang='lat' dir='ltr'>Regno,</span> <span class='ocrx_word' id='word_1_951' title='bbox 1675 865 1825 903; x_wconf 69' lang='lat' dir='ltr'>praedictis.</span> 
     </span>
    </p>
   </div>
   <div class='ocr_carea' id='block_1_19' title="bbox 1210 939 2292 3370">
    <p class='ocr_par' dir='ltr' id='par_1_34' title="bbox 1214 939 2278 1171">
     <span class='ocr_line' id='line_1_122' title="bbox 1214 939 2277 1009; baseline 0.008 -39"><span class='ocrx_word' id='word_1_952' title='bbox 1214 939 1354 1009; x_wconf 48' lang='lat' dir='ltr'>quus</span> <span class='ocrx_word' id='word_1_953' title='bbox 1377 940 1570 978; x_wconf 86' lang='lat' dir='ltr'>Obligationis</span> <span class='ocrx_word' id='word_1_954' title='bbox 1593 942 1627 973; x_wconf 90' lang='lat'>&amp;</span> <span class='ocrx_word' id='word_1_955' title='bbox 1650 940 1851 978; x_wconf 67' lang='lat' dir='ltr'>Affignationis</span> <span class='ocrx_word' id='word_1_956' title='bbox 1870 943 1991 982; x_wconf 85' lang='lat' dir='ltr'>virtute,</span> <span class='ocrx_word' id='word_1_957' title='bbox 2016 943 2052 974; x_wconf 90' lang='lat' dir='ltr'>de</span> <span class='ocrx_word' id='word_1_958' title='bbox 2068 943 2225 986; x_wconf 69' lang='lat' dir='ltr'>Costuma,</span> <span class='ocrx_word' id='word_1_959' title='bbox 2243 948 2277 978; x_wconf 65' lang='grc' dir='ltr'>ὃς</span> 
     </span>
     <span class='ocr_line' id='line_1_123' title="bbox 1285 978 2278 1022; baseline 0.008 -14"><span class='ocrx_word' id='word_1_960' title='bbox 1285 989 1299 1008; x_wconf 90' lang='lat' dir='ltr'>a</span> <span class='ocrx_word' id='word_1_961' title='bbox 1311 979 1341 1008; x_wconf 90' lang='lat' dir='ltr'>iis</span> <span class='ocrx_word' id='word_1_962' title='bbox 1358 978 1541 1018; x_wconf 86' lang='lat' dir='ltr'>Redditibus,</span> <span class='ocrx_word' id='word_1_963' title='bbox 1557 980 1590 1010; x_wconf 88' lang='lat'>&amp;</span> <span class='ocrx_word' id='word_1_964' title='bbox 1604 980 1788 1011; x_wconf 87' lang='lat' dir='ltr'>Proventibus</span> <span class='ocrx_word' id='word_1_965' title='bbox 1800 980 1976 1020; x_wconf 59' lang='lat' dir='ltr'>supradietis,</span> <span class='ocrx_word' id='word_1_966' title='bbox 1995 992 2043 1019; x_wconf 83' lang='lat' dir='ltr'>per</span> <span class='ocrx_word' id='word_1_967' title='bbox 2058 982 2218 1022; x_wconf 84' lang='lat' dir='ltr'>Officiales,</span> <span class='ocrx_word' id='word_1_968' title='bbox 2231 986 2278 1017; x_wconf 82' lang='lat' dir='ltr'>seu</span> 
     </span>
     <span class='ocr_line' id='line_1_124' title="bbox 1215 1015 2277 1058; baseline 0.006 -12"><span class='ocrx_word' id='word_1_969' title='bbox 1215 1015 1408 1056; x_wconf 62' lang='lat' dir='ltr'>collectores,</span> <span class='ocrx_word' id='word_1_970' title='bbox 1425 1018 1459 1048; x_wconf 68' lang='grc' dir='ltr'>ὃ(</span> <span class='ocrx_word' id='word_1_971' title='bbox 1472 1017 1645 1055; x_wconf 87' lang='lat' dir='ltr'>Receptores</span> <span class='ocrx_word' id='word_1_972' title='bbox 1660 1029 1693 1056; x_wconf 86' lang='lat' dir='ltr'>a,</span> <span class='ocrx_word' id='word_1_973' title='bbox 1712 1020 1767 1058; x_wconf 75' lang='lat' dir='ltr'>pize</span> <span class='ocrx_word' id='word_1_974' title='bbox 1784 1020 1929 1049; x_wconf 65' lang='lat' dir='ltr'>memoriae</span> <span class='ocrx_word' id='word_1_975' title='bbox 1945 1042 1955 1058; x_wconf 91' lang='lat'>,</span> <span class='ocrx_word' id='word_1_976' title='bbox 1979 1020 2058 1050; x_wconf 76' lang='lat' dir='ltr'>dicto</span> <span class='ocrx_word' id='word_1_977' title='bbox 2078 1020 2209 1052; x_wconf 91' lang='lat' dir='ltr'>Domino</span> <span class='ocrx_word' id='word_1_978' title='bbox 2224 1033 2277 1053; x_wconf 76' lang='lat' dir='ltr'>rio-</span> 
     </span>
     <span class='ocr_line' id='line_1_125' title="bbox 1216 1054 2276 1095; baseline 0.006 -10"><span class='ocrx_word' id='word_1_979' title='bbox 1216 1054 1274 1084; x_wconf 85' lang='lat' dir='ltr'>stro</span> <span class='ocrx_word' id='word_1_980' title='bbox 1289 1055 1457 1094; x_wconf 87' lang='lat' dir='ltr'>Clemente,</span> <span class='ocrx_word' id='word_1_981' title='bbox 1475 1056 1545 1087; x_wconf 91' lang='lat' dir='ltr'>dum</span> <span class='ocrx_word' id='word_1_982' title='bbox 1564 1058 1647 1095; x_wconf 89' lang='lat' dir='ltr'>vixit,</span> <span class='ocrx_word' id='word_1_983' title='bbox 1665 1057 1698 1087; x_wconf 69' lang='grc' dir='ltr'>ὃ(</span> <span class='ocrx_word' id='word_1_984' title='bbox 1713 1068 1728 1087; x_wconf 85' lang='lat' dir='ltr'>a</span> <span class='ocrx_word' id='word_1_985' title='bbox 1744 1057 1824 1087; x_wconf 87' lang='lat' dir='ltr'>nobis</span> <span class='ocrx_word' id='word_1_986' title='bbox 1839 1057 1934 1094; x_wconf 70' lang='lat' dir='ltr'>postea</span> <span class='ocrx_word' id='word_1_987' title='bbox 1946 1058 1980 1088; x_wconf 89' lang='lat' dir='ltr'>ad</span> <span class='ocrx_word' id='word_1_988' title='bbox 1996 1060 2053 1089; x_wconf 90' lang='lat' dir='ltr'>hoc</span> <span class='ocrx_word' id='word_1_989' title='bbox 2067 1061 2227 1090; x_wconf 83' lang='lat' dir='ltr'>nominatos</span> <span class='ocrx_word' id='word_1_990' title='bbox 2244 1063 2276 1092; x_wconf 87' lang='lat'>&amp;</span> 
     </span>
     <span class='ocr_line' id='line_1_126' title="bbox 1215 1093 2278 1137; baseline 0.006 -14"><span class='ocrx_word' id='word_1_991' title='bbox 1215 1093 1377 1137; x_wconf 79' lang='lat' dir='ltr'>deputatos,</span> <span class='ocrx_word' id='word_1_992' title='bbox 1395 1096 1425 1124; x_wconf 87' lang='lat' dir='ltr'>in</span> <span class='ocrx_word' id='word_1_993' title='bbox 1441 1104 1515 1134; x_wconf 88' lang='lat' dir='ltr'>parte</span> <span class='ocrx_word' id='word_1_994' title='bbox 1531 1094 1673 1125; x_wconf 84' lang='lat' dir='ltr'>solutionis</span> <span class='ocrx_word' id='word_1_995' title='bbox 1687 1097 1776 1125; x_wconf 88' lang='lat' dir='ltr'>mutui</span> <span class='ocrx_word' id='word_1_996' title='bbox 1790 1096 1934 1134; x_wconf 54' lang='lat' dir='ltr'>praediciti,</span> <span class='ocrx_word' id='word_1_997' title='bbox 1951 1107 2010 1127; x_wconf 88' lang='lat' dir='ltr'>non</span> <span class='ocrx_word' id='word_1_998' title='bbox 2026 1097 2139 1128; x_wconf 85' lang='lat' dir='ltr'>modica</span> <span class='ocrx_word' id='word_1_999' title='bbox 2150 1101 2278 1137; x_wconf 77' lang='lat' dir='ltr'>pecuniae</span> 
     </span>
     <span class='ocr_line' id='line_1_127' title="bbox 1216 1132 1540 1171; baseline 0.012 -11"><span class='ocrx_word' id='word_1_1000' title='bbox 1216 1141 1350 1169; x_wconf 74' lang='lat' dir='ltr'>quantitas</span> <span class='ocrx_word' id='word_1_1001' title='bbox 1366 1132 1406 1162; x_wconf 92' lang='lat' dir='ltr'>est</span> <span class='ocrx_word' id='word_1_1002' title='bbox 1420 1142 1540 1171; x_wconf 84' lang='lat' dir='ltr'>recepta.</span> 
     </span>
    </p>

    <p class='ocr_par' dir='ltr' id='par_1_35' title="bbox 1214 1170 2283 1521">
     <span class='ocr_line' id='line_1_128' title="bbox 1257 1170 2283 1215; baseline 0.007 -15"><span class='ocrx_word' id='word_1_1003' title='bbox 1257 1170 1322 1200; x_wconf 90' lang='lat' dir='ltr'>Nos</span> <span class='ocrx_word' id='word_1_1004' title='bbox 1336 1173 1425 1210; x_wconf 80' lang='lat' dir='ltr'>vero,</span> <span class='ocrx_word' id='word_1_1005' title='bbox 1445 1171 1523 1209; x_wconf 88' lang='lat' dir='ltr'>super</span> <span class='ocrx_word' id='word_1_1006' title='bbox 1543 1171 1595 1201; x_wconf 89' lang='lat' dir='ltr'>hiis</span> <span class='ocrx_word' id='word_1_1007' title='bbox 1610 1196 1619 1211; x_wconf 88' lang='lat'>,</span> <span class='ocrx_word' id='word_1_1008' title='bbox 1645 1181 1714 1202; x_wconf 88' lang='lat' dir='ltr'>curn</span> <span class='ocrx_word' id='word_1_1009' title='bbox 1736 1172 1936 1204; x_wconf 87' lang='lat' dir='ltr'>venerabilibus</span> <span class='ocrx_word' id='word_1_1010' title='bbox 1958 1172 2086 1205; x_wconf 91' lang='lat' dir='ltr'>Patribus</span> <span class='ocrx_word' id='word_1_1011' title='bbox 2099 1192 2110 1214; x_wconf 82' lang='lat'>,</span> <span class='ocrx_word' id='word_1_1012' title='bbox 2132 1174 2283 1215; x_wconf 86' lang='lat' dir='ltr'>Dominis,</span> 
     </span>
     <span class='ocr_line' id='line_1_129' title="bbox 1214 1207 2282 1252; baseline 0.007 -14"><span class='ocrx_word' id='word_1_1013' title='bbox 1214 1207 1344 1252; x_wconf 83' lang='lat' dir='ltr'>Johanne</span> <span class='ocrx_word' id='word_1_1014' title='bbox 1359 1210 1556 1248; x_wconf 87' lang='lat' dir='ltr'>Norwicensi,</span> <span class='ocrx_word' id='word_1_1015' title='bbox 1574 1210 1746 1248; x_wconf 76' lang='lat' dir='ltr'>&amp;johanne</span> <span class='ocrx_word' id='word_1_1016' title='bbox 1764 1211 1883 1251; x_wconf 81' lang='lat' dir='ltr'>Eliensi,</span> <span class='ocrx_word' id='word_1_1017' title='bbox 1904 1212 2061 1250; x_wconf 79' lang='lat' dir='ltr'>Episcopis,</span> <span class='ocrx_word' id='word_1_1018' title='bbox 2079 1224 2111 1244; x_wconf 91' lang='lat' dir='ltr'>ac</span> <span class='ocrx_word' id='word_1_1019' title='bbox 2126 1213 2282 1245; x_wconf 85' lang='lat' dir='ltr'>Nobilibus</span> 
     </span>
     <span class='ocr_line' id='line_1_130' title="bbox 1220 1247 2282 1291; baseline 0.007 -15"><span class='ocrx_word' id='word_1_1020' title='bbox 1220 1247 1308 1286; x_wconf 86' lang='lat' dir='ltr'>Viris,</span> <span class='ocrx_word' id='word_1_1021' title='bbox 1327 1247 1477 1288; x_wconf 84' lang='lat' dir='ltr'>Dominis,</span> <span class='ocrx_word' id='word_1_1022' title='bbox 1496 1249 1644 1279; x_wconf 89' lang='lat' dir='ltr'>Adomaro</span> <span class='ocrx_word' id='word_1_1023' title='bbox 1658 1249 1693 1279; x_wconf 89' lang='lat' dir='ltr'>de</span> <span class='ocrx_word' id='word_1_1024' title='bbox 1716 1249 1844 1280; x_wconf 72' lang='lat' dir='ltr'>Valentia</span> <span class='ocrx_word' id='word_1_1025' title='bbox 1861 1274 1870 1289; x_wconf 86' lang='lat'>,</span> <span class='ocrx_word' id='word_1_1026' title='bbox 1895 1249 2012 1280; x_wconf 89' lang='lat' dir='ltr'>Comite</span> <span class='ocrx_word' id='word_1_1027' title='bbox 2032 1250 2230 1291; x_wconf 84' lang='lat' dir='ltr'>Pembrokiae,</span> <span class='ocrx_word' id='word_1_1028' title='bbox 2248 1254 2282 1284; x_wconf 73' lang='grc' dir='ltr'>δε</span> 
     </span>
     <span class='ocr_line' id='line_1_131' title="bbox 1218 1285 2281 1329; baseline 0.005 -13"><span class='ocrx_word' id='word_1_1029' title='bbox 1218 1285 1415 1318; x_wconf 73' lang='lat' dir='ltr'>Bartholomeo</span> <span class='ocrx_word' id='word_1_1030' title='bbox 1430 1286 1465 1317; x_wconf 89' lang='lat' dir='ltr'>de</span> <span class='ocrx_word' id='word_1_1031' title='bbox 1486 1287 1671 1317; x_wconf 72' lang='lat' dir='ltr'>Bideicstnere</span> <span class='ocrx_word' id='word_1_1032' title='bbox 1685 1310 1695 1326; x_wconf 86' lang='lat'>,</span> <span class='ocrx_word' id='word_1_1033' title='bbox 1722 1287 1861 1318; x_wconf 83' lang='lat' dir='ltr'>Militibus</span> <span class='ocrx_word' id='word_1_1034' title='bbox 1878 1312 1886 1327; x_wconf 95' lang='lat'>,</span> <span class='ocrx_word' id='word_1_1035' title='bbox 1911 1289 2032 1328; x_wconf 87' lang='lat' dir='ltr'>ejusdem</span> <span class='ocrx_word' id='word_1_1036' title='bbox 2056 1289 2178 1320; x_wconf 90' lang='lat' dir='ltr'>Domini</span> <span class='ocrx_word' id='word_1_1037' title='bbox 2193 1291 2281 1329; x_wconf 85' lang='lat' dir='ltr'>Regis</span> 
     </span>
     <span class='ocr_line' id='line_1_132' title="bbox 1219 1323 2282 1367; baseline 0.005 -13"><span class='ocrx_word' id='word_1_1038' title='bbox 1219 1323 1360 1364; x_wconf 84' lang='lat' dir='ltr'>Nunciis,</span> <span class='ocrx_word' id='word_1_1039' title='bbox 1379 1326 1546 1357; x_wconf 87' lang='lat' dir='ltr'>mandatum</span> <span class='ocrx_word' id='word_1_1040' title='bbox 1562 1326 1595 1356; x_wconf 90' lang='lat' dir='ltr'>ad</span> <span class='ocrx_word' id='word_1_1041' title='bbox 1612 1327 1668 1357; x_wconf 92' lang='lat' dir='ltr'>hoc</span> <span class='ocrx_word' id='word_1_1042' title='bbox 1680 1327 1795 1364; x_wconf 81' lang='lat' dir='ltr'>speciale</span> <span class='ocrx_word' id='word_1_1043' title='bbox 1811 1337 1858 1364; x_wconf 84' lang='lat' dir='ltr'>per</span> <span class='ocrx_word' id='word_1_1044' title='bbox 1877 1328 1976 1358; x_wconf 85' lang='lat' dir='ltr'>litteras</span> <span class='ocrx_word' id='word_1_1045' title='bbox 1996 1328 2099 1365; x_wconf 83' lang='lat' dir='ltr'>Regias</span> <span class='ocrx_word' id='word_1_1046' title='bbox 2120 1325 2282 1367; x_wconf 65' lang='lat' dir='ltr'>infrastripti</span> 
     </span>
     <span class='ocr_line' id='line_1_133' title="bbox 1218 1364 2281 1407; baseline 0.005 -15"><span class='ocrx_word' id='word_1_1047' title='bbox 1218 1364 1321 1407; x_wconf 83' lang='lat' dir='ltr'>tenoris</span> <span class='ocrx_word' id='word_1_1048' title='bbox 1332 1365 1540 1403; x_wconf 88' lang='lat' dir='ltr'>obtinentibus,</span> <span class='ocrx_word' id='word_1_1049' title='bbox 1549 1365 1645 1395; x_wconf 88' lang='lat' dir='ltr'>habito</span> <span class='ocrx_word' id='word_1_1050' title='bbox 1657 1366 1801 1404; x_wconf 83' lang='lat' dir='ltr'>colloquio</span> <span class='ocrx_word' id='word_1_1051' title='bbox 1816 1366 1848 1396; x_wconf 87' lang='lat'>&amp;</span> <span class='ocrx_word' id='word_1_1052' title='bbox 1866 1366 1980 1397; x_wconf 61' lang='lat' dir='ltr'>tractatu</span> <span class='ocrx_word' id='word_1_1053' title='bbox 1990 1389 1999 1404; x_wconf 78' lang='lat'>,</span> <span class='ocrx_word' id='word_1_1054' title='bbox 2016 1366 2056 1396; x_wconf 88' lang='lat' dir='ltr'>ob</span> <span class='ocrx_word' id='word_1_1055' title='bbox 2070 1366 2218 1404; x_wconf 84' lang='lat' dir='ltr'>specialem</span> <span class='ocrx_word' id='word_1_1056' title='bbox 2231 1369 2281 1398; x_wconf 79' lang='lat' dir='ltr'>de-</span> 
     </span>
     <span class='ocr_line' id='line_1_134' title="bbox 1217 1402 2282 1442; baseline 0.005 -11"><span class='ocrx_word' id='word_1_1057' title='bbox 1217 1403 1341 1432; x_wconf 86' lang='lat' dir='ltr'>votionis</span> <span class='ocrx_word' id='word_1_1058' title='bbox 1356 1402 1509 1441; x_wconf 68' lang='lat' dir='ltr'>affe—Cium,</span> <span class='ocrx_word' id='word_1_1059' title='bbox 1528 1413 1612 1442; x_wconf 85' lang='lat' dir='ltr'>quem</span> <span class='ocrx_word' id='word_1_1060' title='bbox 1627 1403 1660 1433; x_wconf 84' lang='lat' dir='ltr'>ad</span> <span class='ocrx_word' id='word_1_1061' title='bbox 1673 1403 1784 1434; x_wconf 69' lang='lat' dir='ltr'>dicium</span> <span class='ocrx_word' id='word_1_1062' title='bbox 1800 1403 1966 1435; x_wconf 90' lang='lat' dir='ltr'>Dominum</span> <span class='ocrx_word' id='word_1_1063' title='bbox 1982 1405 2098 1442; x_wconf 85' lang='lat' dir='ltr'>Regem</span> <span class='ocrx_word' id='word_1_1064' title='bbox 2118 1405 2151 1435; x_wconf 87' lang='lat'>&amp;</span> <span class='ocrx_word' id='word_1_1065' title='bbox 2165 1404 2282 1436; x_wconf 86' lang='lat' dir='ltr'>Ducem</span> 
     </span>
     <span class='ocr_line' id='line_1_135' title="bbox 1218 1441 2283 1483; baseline 0.005 -13"><span class='ocrx_word' id='word_1_1066' title='bbox 1218 1441 1341 1476; x_wconf 86' lang='lat' dir='ltr'>gerimus</span> <span class='ocrx_word' id='word_1_1067' title='bbox 1355 1442 1385 1470; x_wconf 90' lang='lat' dir='ltr'>in</span> <span class='ocrx_word' id='word_1_1068' title='bbox 1402 1441 1550 1472; x_wconf 87' lang='lat' dir='ltr'>visceribus</span> <span class='ocrx_word' id='word_1_1069' title='bbox 1566 1443 1699 1480; x_wconf 77' lang='lat' dir='ltr'>caritatis,</span> <span class='ocrx_word' id='word_1_1070' title='bbox 1716 1442 1752 1473; x_wconf 90' lang='lat' dir='ltr'>de</span> <span class='ocrx_word' id='word_1_1071' title='bbox 1775 1443 1952 1483; x_wconf 88' lang='lat' dir='ltr'>beneplacito</span> <span class='ocrx_word' id='word_1_1072' title='bbox 1977 1444 2010 1475; x_wconf 92' lang='lat'>&amp;</span> <span class='ocrx_word' id='word_1_1073' title='bbox 2032 1443 2159 1482; x_wconf 79' lang='lat' dir='ltr'>expresso</span> <span class='ocrx_word' id='word_1_1074' title='bbox 2179 1443 2283 1475; x_wconf 82' lang='lat' dir='ltr'>assensu</span> 
     </span>
     <span class='ocr_line' id='line_1_136' title="bbox 1217 1478 1949 1521; baseline 0.008 -14"><span class='ocrx_word' id='word_1_1075' title='bbox 1217 1478 1361 1510; x_wconf 64' lang='lat' dir='ltr'>dustorum</span> <span class='ocrx_word' id='word_1_1076' title='bbox 1377 1479 1583 1519; x_wconf 87' lang='lat' dir='ltr'>Nunciorum,</span> <span class='ocrx_word' id='word_1_1077' title='bbox 1602 1480 1732 1511; x_wconf 88' lang='lat' dir='ltr'>duximus</span> <span class='ocrx_word' id='word_1_1078' title='bbox 1746 1481 1949 1521; x_wconf 85' lang='lat' dir='ltr'>ordinandum,</span> 
     </span>
    </p>

    <p class='ocr_par' dir='ltr' id='par_1_36' title="bbox 1217 1517 2287 2023">
     <span class='ocr_line' id='line_1_137' title="bbox 1257 1517 2284 1560; baseline 0.006 -13"><span class='ocrx_word' id='word_1_1079' title='bbox 1257 1517 1349 1555; x_wconf 84' lang='lat' dir='ltr'>Qiod</span> <span class='ocrx_word' id='word_1_1080' title='bbox 1364 1519 1448 1557; x_wconf 90' lang='lat' dir='ltr'>hinc,</span> <span class='ocrx_word' id='word_1_1081' title='bbox 1465 1519 1499 1549; x_wconf 86' lang='lat' dir='ltr'>ad</span> <span class='ocrx_word' id='word_1_1082' title='bbox 1513 1519 1629 1549; x_wconf 86' lang='lat' dir='ltr'>Festum</span> <span class='ocrx_word' id='word_1_1083' title='bbox 1643 1519 1739 1549; x_wconf 61' lang='lat' dir='ltr'>sineri</span> <span class='ocrx_word' id='word_1_1084' title='bbox 1753 1519 1901 1550; x_wconf 85' lang='lat' dir='ltr'>Michaelis</span> <span class='ocrx_word' id='word_1_1085' title='bbox 1915 1521 2046 1558; x_wconf 83' lang='lat' dir='ltr'>proximo</span> <span class='ocrx_word' id='word_1_1086' title='bbox 2062 1521 2200 1560; x_wconf 85' lang='lat' dir='ltr'>futurum,</span> <span class='ocrx_word' id='word_1_1087' title='bbox 2210 1532 2284 1560; x_wconf 76' lang='lat' dir='ltr'>prae-</span> 
     </span>
     <span class='ocr_line' id='line_1_138' title="bbox 1218 1555 2284 1599; baseline 0.005 -13"><span class='ocrx_word' id='word_1_1088' title='bbox 1218 1555 1284 1593; x_wconf 82' lang='lat' dir='ltr'>fati,</span> <span class='ocrx_word' id='word_1_1089' title='bbox 1304 1555 1527 1596; x_wconf 83' lang='lat' dir='ltr'>Constabularii,</span> <span class='ocrx_word' id='word_1_1090' title='bbox 1547 1557 1725 1587; x_wconf 87' lang='lat' dir='ltr'>Thesaurarii</span> <span class='ocrx_word' id='word_1_1091' title='bbox 1742 1580 1751 1595; x_wconf 92' lang='lat'>,</span> <span class='ocrx_word' id='word_1_1092' title='bbox 1777 1557 1954 1589; x_wconf 63' lang='lat' dir='ltr'>collectores</span> <span class='ocrx_word' id='word_1_1093' title='bbox 1967 1582 1977 1599; x_wconf 87' lang='lat'>,</span> <span class='ocrx_word' id='word_1_1094' title='bbox 2001 1560 2034 1590; x_wconf 90' lang='lat'>&amp;</span> <span class='ocrx_word' id='word_1_1095' title='bbox 2056 1560 2218 1599; x_wconf 89' lang='lat' dir='ltr'>quicunque</span> <span class='ocrx_word' id='word_1_1096' title='bbox 2237 1560 2284 1591; x_wconf 83' lang='lat' dir='ltr'>alii</span> 
     </span>
     <span class='ocr_line' id='line_1_139' title="bbox 1218 1594 2286 1637; baseline 0.006 -13"><span class='ocrx_word' id='word_1_1097' title='bbox 1218 1594 1391 1632; x_wconf 87' lang='lat' dir='ltr'>Receptores</span> <span class='ocrx_word' id='word_1_1098' title='bbox 1399 1619 1409 1635; x_wconf 90' lang='lat'>,</span> <span class='ocrx_word' id='word_1_1099' title='bbox 1427 1597 1476 1633; x_wconf 90' lang='lat' dir='ltr'>qui</span> <span class='ocrx_word' id='word_1_1100' title='bbox 1491 1596 1527 1626; x_wconf 93' lang='lat' dir='ltr'>de</span> <span class='ocrx_word' id='word_1_1101' title='bbox 1535 1595 1678 1626; x_wconf 69' lang='lat' dir='ltr'>costuma</span> <span class='ocrx_word' id='word_1_1102' title='bbox 1693 1596 1790 1626; x_wconf 82' lang='lat' dir='ltr'>&amp;aliis</span> <span class='ocrx_word' id='word_1_1103' title='bbox 1803 1598 1921 1628; x_wconf 86' lang='lat' dir='ltr'>exitibus</span> <span class='ocrx_word' id='word_1_1104' title='bbox 2195 1598 2286 1637; x_wconf 90' lang='lat' dir='ltr'>supra-</span> 
     </span>
     <span class='ocr_line' id='line_1_140' title="bbox 1217 1632 2284 1673; baseline 0.006 -11"><span class='ocrx_word' id='word_1_1105' title='bbox 1217 1632 1300 1663; x_wconf 70' lang='lat' dir='ltr'>dietis</span> <span class='ocrx_word' id='word_1_1106' title='bbox 1314 1634 1504 1673; x_wconf 84' lang='lat' dir='ltr'>collegerunt,</span> <span class='ocrx_word' id='word_1_1107' title='bbox 1522 1634 1567 1665; x_wconf 90' lang='lat' dir='ltr'>vel</span> <span class='ocrx_word' id='word_1_1108' title='bbox 1582 1634 1766 1673; x_wconf 86' lang='lat' dir='ltr'>collegerint,</span> <span class='ocrx_word' id='word_1_1109' title='bbox 1785 1634 1925 1673; x_wconf 79' lang='lat' dir='ltr'>assumpto</span> <span class='ocrx_word' id='word_1_1110' title='bbox 1939 1635 2032 1666; x_wconf 89' lang='lat' dir='ltr'>secum</span> <span class='ocrx_word' id='word_1_1111' title='bbox 2047 1636 2203 1668; x_wconf 86' lang='lat' dir='ltr'>Senescallo</span> <span class='ocrx_word' id='word_1_1112' title='bbox 2216 1637 2284 1668; x_wconf 82' lang='lat' dir='ltr'>Vas-</span> 
     </span>
     <span class='ocr_line' id='line_1_141' title="bbox 1219 1672 2284 1716; baseline 0.007 -16"><span class='ocrx_word' id='word_1_1113' title='bbox 1219 1673 1328 1715; x_wconf 55' lang='lat' dir='ltr'>conix,</span> <span class='ocrx_word' id='word_1_1114' title='bbox 1345 1673 1391 1703; x_wconf 86' lang='lat' dir='ltr'>vel</span> <span class='ocrx_word' id='word_1_1115' title='bbox 1407 1672 1610 1711; x_wconf 83' lang='lat' dir='ltr'>Procuratore,</span> <span class='ocrx_word' id='word_1_1116' title='bbox 1627 1673 1673 1716; x_wconf 79' lang='lat' dir='ltr'>vel</span> <span class='ocrx_word' id='word_1_1117' title='bbox 1696 1672 1933 1704; x_wconf 81' lang='lat' dir='ltr'>Procuratoribus</span> <span class='ocrx_word' id='word_1_1118' title='bbox 1954 1674 2053 1712; x_wconf 87' lang='lat' dir='ltr'>Regiis</span> <span class='ocrx_word' id='word_1_1119' title='bbox 2070 1675 2104 1705; x_wconf 87' lang='lat' dir='ltr'>ad</span> <span class='ocrx_word' id='word_1_1120' title='bbox 2125 1676 2182 1706; x_wconf 91' lang='lat' dir='ltr'>hoc</span> <span class='ocrx_word' id='word_1_1121' title='bbox 2194 1675 2284 1716; x_wconf 89' lang='lat' dir='ltr'>depu-</span> 
     </span>
     <span class='ocr_line' id='line_1_142' title="bbox 1217 1710 2287 1751; baseline 0.006 -11"><span class='ocrx_word' id='word_1_1122' title='bbox 1217 1710 1307 1740; x_wconf 84' lang='lat' dir='ltr'>tandis</span> <span class='ocrx_word' id='word_1_1123' title='bbox 1589 1712 1769 1750; x_wconf 66' lang='lat' dir='ltr'>conjunfflm</span> <span class='ocrx_word' id='word_1_1124' title='bbox 1784 1713 1817 1743; x_wconf 88' lang='lat'>&amp;</span> <span class='ocrx_word' id='word_1_1125' title='bbox 1831 1712 1958 1751; x_wconf 81' lang='lat' dir='ltr'>divisim,</span> <span class='ocrx_word' id='word_1_1126' title='bbox 1975 1723 1990 1743; x_wconf 91' lang='lat' dir='ltr'>a</span> <span class='ocrx_word' id='word_1_1127' title='bbox 2003 1721 2130 1751; x_wconf 88' lang='lat' dir='ltr'>tempore</span> <span class='ocrx_word' id='word_1_1128' title='bbox 2145 1714 2287 1746; x_wconf 67' lang='lat' dir='ltr'>fa&amp;aeob-</span> 
     </span>
     <span class='ocr_line' id='line_1_143' title="bbox 1219 1749 2287 1796; baseline 0.006 -17"><span class='ocrx_word' id='word_1_1129' title='bbox 1219 1749 1360 1787; x_wconf 85' lang='lat' dir='ltr'>ligationis</span> <span class='ocrx_word' id='word_1_1130' title='bbox 1372 1750 1536 1796; x_wconf 67' lang='lat' dir='ltr'>praedict-ae,</span> <span class='ocrx_word' id='word_1_1131' title='bbox 1562 1761 1660 1782; x_wconf 87' lang='lat' dir='ltr'>coram</span> <span class='ocrx_word' id='word_1_1132' title='bbox 1682 1750 1909 1789; x_wconf 86' lang='lat' dir='ltr'>Archiepiscopo</span> <span class='ocrx_word' id='word_1_1133' title='bbox 1931 1751 2124 1789; x_wconf 86' lang='lat' dir='ltr'>Burdegalensi</span> <span class='ocrx_word' id='word_1_1134' title='bbox 2160 1754 2287 1793; x_wconf 88' lang='lat' dir='ltr'>Abbate,</span> 
     </span>
     <span class='ocr_line' id='line_1_144' title="bbox 1217 1774 2281 1831; baseline 0.002 -12"><span class='ocrx_word' id='word_1_1135' title='bbox 1217 1788 1262 1819; x_wconf 85' lang='lat' dir='ltr'>seu</span> <span class='ocrx_word' id='word_1_1136' title='bbox 1278 1789 1434 1821; x_wconf 86' lang='lat' dir='ltr'>Abbatibus</span> <span class='ocrx_word' id='word_1_1137' title='bbox 1447 1790 1623 1829; x_wconf 68' lang='lat' dir='ltr'>supradictis,</span> <span class='ocrx_word' id='word_1_1138' title='bbox 1640 1789 1686 1821; x_wconf 89' lang='lat' dir='ltr'>vel</span> <span class='ocrx_word' id='word_1_1139' title='bbox 1700 1790 1757 1820; x_wconf 86' lang='lat' dir='ltr'>aliis</span> <span class='ocrx_word' id='word_1_1140' title='bbox 1769 1800 1817 1831; x_wconf 89' lang='lat' dir='ltr'>per</span> <span class='ocrx_word' id='word_1_1141' title='bbox 1825 1790 1936 1821; x_wconf 64' lang='lat' dir='ltr'>dictum</span> <span class='ocrx_word' id='word_1_1142' title='bbox 1949 1789 2113 1821; x_wconf 91' lang='lat' dir='ltr'>Dominum</span> <span class='ocrx_word' id='word_1_1143' title='bbox 2126 1774 2281 1828; x_wconf 74' lang='lat' dir='ltr'>Regem&amp;</span> 
     </span>
     <span class='ocr_line' id='line_1_145' title="bbox 1220 1827 2287 1869; baseline 0.004 -12"><span class='ocrx_word' id='word_1_1144' title='bbox 1220 1827 1354 1867; x_wconf 88' lang='lat' dir='ltr'>Ducem,</span> <span class='ocrx_word' id='word_1_1145' title='bbox 1371 1839 1404 1860; x_wconf 91' lang='lat' dir='ltr'>ac</span> <span class='ocrx_word' id='word_1_1146' title='bbox 1418 1840 1485 1868; x_wconf 89' lang='lat' dir='ltr'>nos,</span> <span class='ocrx_word' id='word_1_1147' title='bbox 1501 1829 1534 1859; x_wconf 89' lang='lat' dir='ltr'>ad</span> <span class='ocrx_word' id='word_1_1148' title='bbox 1550 1829 1607 1860; x_wconf 90' lang='lat' dir='ltr'>hoc</span> <span class='ocrx_word' id='word_1_1149' title='bbox 1621 1828 1773 1869; x_wconf 88' lang='lat' dir='ltr'>specialiter</span> <span class='ocrx_word' id='word_1_1150' title='bbox 1789 1829 1924 1867; x_wconf 84' lang='lat' dir='ltr'>eligendis</span> <span class='ocrx_word' id='word_1_1151' title='bbox 1970 1829 2086 1867; x_wconf 89' lang='lat' dir='ltr'>plenum</span> <span class='ocrx_word' id='word_1_1152' title='bbox 2107 1828 2287 1868; x_wconf 85' lang='lat' dir='ltr'>Computum</span> 
     </span>
     <span class='ocr_line' id='line_1_146' title="bbox 1219 1865 2287 1907; baseline 0.003 -11"><span class='ocrx_word' id='word_1_1153' title='bbox 1219 1865 1312 1897; x_wconf 90' lang='lat' dir='ltr'>facere</span> <span class='ocrx_word' id='word_1_1154' title='bbox 1326 1875 1485 1907; x_wconf 76' lang='lat' dir='ltr'>teneantur,</span> <span class='ocrx_word' id='word_1_1155' title='bbox 1503 1869 1533 1898; x_wconf 90' lang='lat' dir='ltr'>in</span> <span class='ocrx_word' id='word_1_1156' title='bbox 1547 1878 1621 1907; x_wconf 88' lang='lat' dir='ltr'>quo,</span> <span class='ocrx_word' id='word_1_1157' title='bbox 1634 1877 1710 1907; x_wconf 83' lang='lat' dir='ltr'>Juxta</span> <span class='ocrx_word' id='word_1_1158' title='bbox 1725 1868 1882 1898; x_wconf 83' lang='lat' dir='ltr'>Arbitrium</span> <span class='ocrx_word' id='word_1_1159' title='bbox 1889 1878 1922 1898; x_wconf 86' lang='lat' dir='ltr'>au</span> <span class='ocrx_word' id='word_1_1160' title='bbox 1945 1869 2045 1899; x_wconf 87' lang='lat' dir='ltr'>&#39;torum</span> <span class='ocrx_word' id='word_1_1161' title='bbox 2059 1867 2182 1906; x_wconf 85' lang='lat' dir='ltr'>ejusdem</span> <span class='ocrx_word' id='word_1_1162' title='bbox 2191 1868 2287 1899; x_wconf 90' lang='lat' dir='ltr'>Com-</span> 
     </span>
     <span class='ocr_line' id='line_1_147' title="bbox 1220 1905 2287 1948; baseline 0.002 -12"><span class='ocrx_word' id='word_1_1163' title='bbox 1220 1906 1277 1943; x_wconf 88' lang='lat' dir='ltr'>puti</span> <span class='ocrx_word' id='word_1_1164' title='bbox 1296 1909 1395 1945; x_wconf 73' lang='lat' dir='ltr'>,iprout</span> <span class='ocrx_word' id='word_1_1165' title='bbox 1404 1908 1512 1945; x_wconf 87' lang='lat' dir='ltr'>justum</span> <span class='ocrx_word' id='word_1_1166' title='bbox 1522 1907 1603 1938; x_wconf 79' lang='lat' dir='ltr'>fuerit</span> <span class='ocrx_word' id='word_1_1167' title='bbox 1615 1930 1624 1946; x_wconf 86' lang='lat'>,</span> <span class='ocrx_word' id='word_1_1168' title='bbox 1631 1907 1668 1937; x_wconf 88' lang='lat' dir='ltr'>de</span> <span class='ocrx_word' id='word_1_1169' title='bbox 1678 1907 1812 1937; x_wconf 87' lang='lat' dir='ltr'>omnibus</span> <span class='ocrx_word' id='word_1_1170' title='bbox 1841 1922 1947 1928; x_wconf 81' lang='grc'>---</span> <span class='ocrx_word' id='word_1_1171' title='bbox 2090 1905 2220 1938; x_wconf 84' lang='lat' dir='ltr'>allocatio</span> <span class='ocrx_word' id='word_1_1172' title='bbox 2229 1908 2287 1948; x_wconf 84' lang='lat' dir='ltr'>ple-</span> 
     </span>
     <span class='ocr_line' id='line_1_148' title="bbox 1219 1943 2287 1984; baseline 0.003 -10"><span class='ocrx_word' id='word_1_1173' title='bbox 1219 1955 1255 1974; x_wconf 91' lang='lat' dir='ltr'>na</span> <span class='ocrx_word' id='word_1_1174' title='bbox 1266 1944 1329 1983; x_wconf 87' lang='lat' dir='ltr'>fiat,</span> <span class='ocrx_word' id='word_1_1175' title='bbox 1348 1954 1378 1975; x_wconf 89' lang='lat' dir='ltr'>ut</span> <span class='ocrx_word' id='word_1_1176' title='bbox 1392 1946 1441 1977; x_wconf 86' lang='lat' dir='ltr'>sibi</span> <span class='ocrx_word' id='word_1_1177' title='bbox 1457 1947 1531 1977; x_wconf 79' lang='lat' dir='ltr'>clare</span> <span class='ocrx_word' id='word_1_1178' title='bbox 1544 1946 1648 1984; x_wconf 86' lang='lat' dir='ltr'>liquere</span> <span class='ocrx_word' id='word_1_1179' title='bbox 1662 1946 1750 1976; x_wconf 87' lang='lat' dir='ltr'>valeat</span> <span class='ocrx_word' id='word_1_1180' title='bbox 1763 1943 1848 1984; x_wconf 89' lang='lat' dir='ltr'>quid,</span> <span class='ocrx_word' id='word_1_1181' title='bbox 1866 1945 1899 1976; x_wconf 94' lang='lat'>&amp;</span> <span class='ocrx_word' id='word_1_1182' title='bbox 1924 1951 2058 1984; x_wconf 86' lang='lat' dir='ltr'>quantum</span> <span class='ocrx_word' id='word_1_1183' title='bbox 2072 1944 2173 1976; x_wconf 82' lang='lat' dir='ltr'>restans</span> <span class='ocrx_word' id='word_1_1184' title='bbox 2192 1946 2229 1977; x_wconf 91' lang='lat' dir='ltr'>de</span> <span class='ocrx_word' id='word_1_1185' title='bbox 2242 1946 2287 1977; x_wconf 76' lang='lat' dir='ltr'>di-</span> 
     </span>
     <span class='ocr_line' id='line_1_149' title="bbox 1220 1983 1766 2023; baseline 0 -9"><span class='ocrx_word' id='word_1_1186' title='bbox 1220 1983 1270 2014; x_wconf 68' lang='lat' dir='ltr'>eto</span> <span class='ocrx_word' id='word_1_1187' title='bbox 1285 1983 1396 2014; x_wconf 89' lang='lat' dir='ltr'>Debito</span> <span class='ocrx_word' id='word_1_1188' title='bbox 1409 1984 1479 2023; x_wconf 90' lang='lat' dir='ltr'>fuit,</span> <span class='ocrx_word' id='word_1_1189' title='bbox 1496 1995 1529 2016; x_wconf 89' lang='lat' dir='ltr'>ac</span> <span class='ocrx_word' id='word_1_1190' title='bbox 1541 1983 1766 2022; x_wconf 84' lang='lat' dir='ltr'>persolvendum.</span> 
     </span>
    </p>

    <p class='ocr_par' dir='ltr' id='par_1_37' title="bbox 1218 2021 2288 2329">
     <span class='ocr_line' id='line_1_150' title="bbox 1258 2021 2285 2062; baseline 0.003 -10"><span class='ocrx_word' id='word_1_1191' title='bbox 1258 2021 1335 2060; x_wconf 81' lang='lat' dir='ltr'>Qiae</span> <span class='ocrx_word' id='word_1_1192' title='bbox 1349 2022 1459 2053; x_wconf 87' lang='lat' dir='ltr'>summa</span> <span class='ocrx_word' id='word_1_1193' title='bbox 1473 2026 1542 2054; x_wconf 77' lang='lat' dir='ltr'>vero</span> <span class='ocrx_word' id='word_1_1194' title='bbox 1557 2024 1688 2060; x_wconf 86' lang='lat' dir='ltr'>pecuiiiae</span> <span class='ocrx_word' id='word_1_1195' title='bbox 1701 2022 1823 2059; x_wconf 82' lang='lat' dir='ltr'>residua,</span> <span class='ocrx_word' id='word_1_1196' title='bbox 1839 2022 1903 2062; x_wconf 74' lang='lat' dir='ltr'>quae</span> <span class='ocrx_word' id='word_1_1197' title='bbox 1915 2033 1964 2060; x_wconf 89' lang='lat' dir='ltr'>per</span> <span class='ocrx_word' id='word_1_1198' title='bbox 1978 2021 2137 2060; x_wconf 89' lang='lat' dir='ltr'>hujusmodi</span> <span class='ocrx_word' id='word_1_1199' title='bbox 2153 2022 2285 2061; x_wconf 87' lang='lat' dir='ltr'>Compu-</span> 
     </span>
     <span class='ocr_line' id='line_1_151' title="bbox 1219 2061 2285 2100; baseline 0.003 -11"><span class='ocrx_word' id='word_1_1200' title='bbox 1219 2067 1280 2090; x_wconf 89' lang='lat' dir='ltr'>tum</span> <span class='ocrx_word' id='word_1_1201' title='bbox 1291 2061 1374 2090; x_wconf 90' lang='lat' dir='ltr'>nobis</span> <span class='ocrx_word' id='word_1_1202' title='bbox 1384 2061 1477 2092; x_wconf 85' lang='lat' dir='ltr'>adhuc</span> <span class='ocrx_word' id='word_1_1203' title='bbox 1493 2061 1528 2090; x_wconf 88' lang='lat' dir='ltr'>de</span> <span class='ocrx_word' id='word_1_1204' title='bbox 1543 2062 1620 2091; x_wconf 80' lang='lat' dir='ltr'>claro</span> <span class='ocrx_word' id='word_1_1205' title='bbox 1635 2061 1729 2090; x_wconf 88' lang='lat' dir='ltr'>deberi</span> <span class='ocrx_word' id='word_1_1206' title='bbox 1749 2061 1920 2098; x_wconf 84' lang='lat' dir='ltr'>constiterit,</span> <span class='ocrx_word' id='word_1_1207' title='bbox 1937 2062 1967 2090; x_wconf 91' lang='lat' dir='ltr'>in</span> <span class='ocrx_word' id='word_1_1208' title='bbox 1991 2062 2201 2099; x_wconf 85' lang='lat' dir='ltr'>quinquennio,</span> <span class='ocrx_word' id='word_1_1209' title='bbox 2219 2073 2285 2100; x_wconf 87' lang='lat' dir='ltr'>pro-</span> 
     </span>
     <span class='ocr_line' id='line_1_152' title="bbox 1220 2098 2286 2139; baseline 0.004 -12"><span class='ocrx_word' id='word_1_1210' title='bbox 1220 2099 1297 2127; x_wconf 89' lang='lat' dir='ltr'>ximo</span> <span class='ocrx_word' id='word_1_1211' title='bbox 1310 2108 1326 2128; x_wconf 87' lang='lat' dir='ltr'>a</span> <span class='ocrx_word' id='word_1_1212' title='bbox 1341 2099 1480 2136; x_wconf 66' lang='lat' dir='ltr'>praedidto</span> <span class='ocrx_word' id='word_1_1213' title='bbox 1493 2098 1575 2129; x_wconf 83' lang='lat' dir='ltr'>Festo</span> <span class='ocrx_word' id='word_1_1214' title='bbox 1588 2098 1685 2129; x_wconf 68' lang='lat' dir='ltr'>Sancti</span> <span class='ocrx_word' id='word_1_1215' title='bbox 1708 2098 1859 2129; x_wconf 88' lang='lat' dir='ltr'>Michaelis</span> <span class='ocrx_word' id='word_1_1216' title='bbox 1881 2100 2020 2129; x_wconf 80' lang='lat' dir='ltr'>continuo</span> <span class='ocrx_word' id='word_1_1217' title='bbox 2041 2101 2230 2139; x_wconf 81' lang='lat' dir='ltr'>numerando,</span> <span class='ocrx_word' id='word_1_1218' title='bbox 2249 2101 2286 2132; x_wconf 86' lang='lat' dir='ltr'>de</span> 
     </span>
     <span class='ocr_line' id='line_1_153' title="bbox 1218 2135 2285 2178; baseline 0.003 -13"><span class='ocrx_word' id='word_1_1219' title='bbox 1218 2135 1347 2166; x_wconf 86' lang='lat' dir='ltr'>Exitibus</span> <span class='ocrx_word' id='word_1_1220' title='bbox 1362 2136 1509 2168; x_wconf 85' lang='lat' dir='ltr'>Costumae</span> <span class='ocrx_word' id='word_1_1221' title='bbox 1523 2136 1724 2176; x_wconf 85' lang='lat' dir='ltr'>Burdegalenfis</span> <span class='ocrx_word' id='word_1_1222' title='bbox 1732 2160 1743 2176; x_wconf 88' lang='lat'>,</span> <span class='ocrx_word' id='word_1_1223' title='bbox 1760 2146 1910 2175; x_wconf 87' lang='lat' dir='ltr'>antequam</span> <span class='ocrx_word' id='word_1_1224' title='bbox 1923 2136 2027 2175; x_wconf 85' lang='lat' dir='ltr'>aliquid</span> <span class='ocrx_word' id='word_1_1225' title='bbox 2047 2138 2128 2168; x_wconf 88' lang='lat' dir='ltr'>alicui</span> <span class='ocrx_word' id='word_1_1226' title='bbox 2147 2139 2285 2178; x_wconf 81' lang='lat' dir='ltr'>tradatur,</span> 
     </span>
     <span class='ocr_line' id='line_1_154' title="bbox 1219 2174 2288 2215; baseline 0.004 -11"><span class='ocrx_word' id='word_1_1227' title='bbox 1219 2175 1264 2205; x_wconf 91' lang='lat' dir='ltr'>vel</span> <span class='ocrx_word' id='word_1_1228' title='bbox 1277 2174 1414 2213; x_wconf 84' lang='lat' dir='ltr'>solvatur,</span> <span class='ocrx_word' id='word_1_1229' title='bbox 1433 2177 1477 2207; x_wconf 87' lang='lat' dir='ltr'>vel</span> <span class='ocrx_word' id='word_1_1230' title='bbox 1490 2178 1520 2206; x_wconf 92' lang='lat' dir='ltr'>in</span> <span class='ocrx_word' id='word_1_1231' title='bbox 1534 2176 1599 2206; x_wconf 88' lang='lat' dir='ltr'>alios</span> <span class='ocrx_word' id='word_1_1232' title='bbox 1615 2175 1673 2206; x_wconf 89' lang='lat' dir='ltr'>usus</span> <span class='ocrx_word' id='word_1_1233' title='bbox 2020 2174 2183 2207; x_wconf 88' lang='lat' dir='ltr'>solvendum</span> <span class='ocrx_word' id='word_1_1234' title='bbox 2203 2177 2288 2215; x_wconf 80' lang='lat' dir='ltr'>resta-</span> 
     </span>
     <span class='ocr_line' id='line_1_155' title="bbox 1220 2213 2288 2252; baseline 0.003 -9"><span class='ocrx_word' id='word_1_1235' title='bbox 1220 2213 1278 2251; x_wconf 85' lang='lat' dir='ltr'>bit,</span> <span class='ocrx_word' id='word_1_1236' title='bbox 1297 2214 1332 2244; x_wconf 94' lang='lat' dir='ltr'>de</span> <span class='ocrx_word' id='word_1_1237' title='bbox 1348 2237 1357 2252; x_wconf 88' lang='lat'>,</span> <span class='ocrx_word' id='word_1_1238' title='bbox 1383 2214 1498 2252; x_wconf 69' lang='lat' dir='ltr'>praefatsi</span> <span class='ocrx_word' id='word_1_1239' title='bbox 1519 2214 1660 2245; x_wconf 65' lang='lat' dir='ltr'>Costuiiia</span> <span class='ocrx_word' id='word_1_1240' title='bbox 1675 2213 1886 2252; x_wconf 86' lang='lat' dir='ltr'>Burdegalenfi,</span> <span class='ocrx_word' id='word_1_1241' title='bbox 1906 2221 1968 2244; x_wconf 89' lang='lat' dir='ltr'>ante</span> <span class='ocrx_word' id='word_1_1242' title='bbox 2243 2218 2288 2246; x_wconf 88' lang='lat' dir='ltr'>in·-</span> 
     </span>
     <span class='ocr_line' id='line_1_156' title="bbox 1218 2250 2287 2290; baseline 0.004 -9"><span class='ocrx_word' id='word_1_1243' title='bbox 1218 2251 1236 2281; x_wconf 93' lang='lat' dir='ltr'>s</span> <span class='ocrx_word' id='word_1_1244' title='bbox 1249 2252 1395 2283; x_wconf 68' lang='lat' dir='ltr'>ectionem</span> <span class='ocrx_word' id='word_1_1245' title='bbox 1539 2252 1586 2283; x_wconf 88' lang='lat' dir='ltr'>red</span> <span class='ocrx_word' id='word_1_1246' title='bbox 1765 2251 1830 2282; x_wconf 91' lang='lat' dir='ltr'>inde</span> <span class='ocrx_word' id='word_1_1247' title='bbox 1976 2263 1991 2282; x_wconf 93' lang='lat' dir='ltr'>a</span> <span class='ocrx_word' id='word_1_1248' title='bbox 2007 2250 2213 2290; x_wconf 87' lang='lat' dir='ltr'>Receptoribus</span> <span class='ocrx_word' id='word_1_1249' title='bbox 2234 2264 2287 2285; x_wconf 88' lang='lat' dir='ltr'>no-</span> 
     </span>
     <span class='ocr_line' id='line_1_157' title="bbox 1219 2290 1902 2329; baseline 0 -10"><span class='ocrx_word' id='word_1_1250' title='bbox 1219 2291 1230 2319; x_wconf 77' lang='lat' dir='ltr'>i</span> <span class='ocrx_word' id='word_1_1251' title='bbox 1245 2292 1279 2319; x_wconf 89' lang='lat' dir='ltr'>ris</span> <span class='ocrx_word' id='word_1_1252' title='bbox 1292 2291 1325 2320; x_wconf 90' lang='lat' dir='ltr'>ad</span> <span class='ocrx_word' id='word_1_1253' title='bbox 1340 2291 1396 2321; x_wconf 88' lang='lat' dir='ltr'>lioc</span> <span class='ocrx_word' id='word_1_1254' title='bbox 1409 2291 1587 2329; x_wconf 75' lang='lat' dir='ltr'>deputandis,</span> <span class='ocrx_word' id='word_1_1255' title='bbox 1604 2292 1714 2327; x_wconf 86' lang='lat' dir='ltr'>integre</span> <span class='ocrx_word' id='word_1_1256' title='bbox 1729 2290 1902 2327; x_wconf 86' lang='lat' dir='ltr'>persolvatur.</span> 
     </span>
    </p>

    <p class='ocr_par' dir='ltr' id='par_1_38' title="bbox 1218 2326 2289 2513">
     <span class='ocr_line' id='line_1_158' title="bbox 1258 2326 2286 2368; baseline 0.003 -9"><span class='ocrx_word' id='word_1_1257' title='bbox 1258 2328 1352 2367; x_wconf 82' lang='lat' dir='ltr'>Qod</span> <span class='ocrx_word' id='word_1_1258' title='bbox 1368 2329 1388 2359; x_wconf 91' lang='lat' dir='ltr'>si</span> <span class='ocrx_word' id='word_1_1259' title='bbox 1407 2329 1473 2359; x_wconf 90' lang='lat' dir='ltr'>illud</span> <span class='ocrx_word' id='word_1_1260' title='bbox 1650 2330 1734 2365; x_wconf 88' lang='lat' dir='ltr'>citat,</span> <span class='ocrx_word' id='word_1_1261' title='bbox 1753 2338 1815 2366; x_wconf 80' lang='lat' dir='ltr'>quae</span> <span class='ocrx_word' id='word_1_1262' title='bbox 1833 2328 1869 2357; x_wconf 92' lang='lat' dir='ltr'>de</span> <span class='ocrx_word' id='word_1_1263' title='bbox 1882 2327 1961 2358; x_wconf 53' lang='lat' dir='ltr'>dista</span> <span class='ocrx_word' id='word_1_1264' title='bbox 1979 2326 2123 2360; x_wconf 67' lang='lat' dir='ltr'>Costuma</span> <span class='ocrx_word' id='word_1_1265' title='bbox 2145 2329 2286 2368; x_wconf 76' lang='lat' dir='ltr'>Burdega·</span> 
     </span>
     <span class='ocr_line' id='line_1_159' title="bbox 1218 2365 2284 2405; baseline 0.004 -9"><span class='ocrx_word' id='word_1_1266' title='bbox 1218 2366 1285 2397; x_wconf 91' lang='lat' dir='ltr'>lensi</span> <span class='ocrx_word' id='word_1_1267' title='bbox 1301 2369 1421 2405; x_wconf 79' lang='lat' dir='ltr'>levatur,</span> <span class='ocrx_word' id='word_1_1268' title='bbox 1440 2367 1474 2398; x_wconf 90' lang='lat'>&amp;</span> <span class='ocrx_word' id='word_1_1269' title='bbox 1489 2368 1640 2405; x_wconf 87' lang='lat' dir='ltr'>percipitur</span> <span class='ocrx_word' id='word_1_1270' title='bbox 1660 2367 1741 2396; x_wconf 90' lang='lat' dir='ltr'>omni</span> <span class='ocrx_word' id='word_1_1271' title='bbox 1760 2377 1834 2397; x_wconf 81' lang='lat' dir='ltr'>anno</span> <span class='ocrx_word' id='word_1_1272' title='bbox 1846 2389 1856 2405; x_wconf 86' lang='lat'>,</span> <span class='ocrx_word' id='word_1_1273' title='bbox 1875 2376 1936 2396; x_wconf 91' lang='lat' dir='ltr'>non</span> <span class='ocrx_word' id='word_1_1274' title='bbox 1955 2365 2094 2398; x_wconf 84' lang='lat' dir='ltr'>sufficeret</span> <span class='ocrx_word' id='word_1_1275' title='bbox 2117 2368 2151 2399; x_wconf 86' lang='lat' dir='ltr'>ad</span> <span class='ocrx_word' id='word_1_1276' title='bbox 2170 2369 2284 2400; x_wconf 88' lang='lat' dir='ltr'>solutio-</span> 
     </span>
     <span class='ocr_line' id='line_1_160' title="bbox 1219 2404 2284 2446; baseline 0.003 -11"><span class='ocrx_word' id='word_1_1277' title='bbox 1219 2415 1304 2444; x_wconf 84' lang='lat' dir='ltr'>nem,</span> <span class='ocrx_word' id='word_1_1278' title='bbox 1322 2406 1368 2436; x_wconf 89' lang='lat' dir='ltr'>seu</span> <span class='ocrx_word' id='word_1_1279' title='bbox 1384 2405 1599 2437; x_wconf 65' lang='lat' dir='ltr'>satisfactionem</span> <span class='ocrx_word' id='word_1_1280' title='bbox 1622 2405 1741 2443; x_wconf 66' lang='lat' dir='ltr'>praefitte</span> <span class='ocrx_word' id='word_1_1281' title='bbox 1764 2406 1845 2443; x_wconf 87' lang='lat' dir='ltr'>partis</span> <span class='ocrx_word' id='word_1_1282' title='bbox 1858 2404 1931 2435; x_wconf 65' lang='lat' dir='ltr'>dieti</span> <span class='ocrx_word' id='word_1_1283' title='bbox 1948 2404 2066 2444; x_wconf 85' lang='lat' dir='ltr'>Debiti,</span> <span class='ocrx_word' id='word_1_1284' title='bbox 2091 2406 2176 2437; x_wconf 89' lang='lat' dir='ltr'>Anno</span> <span class='ocrx_word' id='word_1_1285' title='bbox 2191 2409 2284 2446; x_wconf 90' lang='lat' dir='ltr'>quoli-</span> 
     </span>
     <span class='ocr_line' id='line_1_161' title="bbox 1219 2443 2289 2487; baseline 0.004 -14"><span class='ocrx_word' id='word_1_1286' title='bbox 1219 2443 1358 2475; x_wconf 89' lang='lat' dir='ltr'>bet——</span> <span class='ocrx_word' id='word_1_1287' title='bbox 1540 2445 1646 2483; x_wconf 83' lang='lat' dir='ltr'>quintae</span> <span class='ocrx_word' id='word_1_1288' title='bbox 1662 2444 1742 2483; x_wconf 82' lang='lat' dir='ltr'>partis</span> <span class='ocrx_word' id='word_1_1289' title='bbox 1849 2446 1925 2474; x_wconf 78' lang='lat' dir='ltr'>retro</span> <span class='ocrx_word' id='word_1_1290' title='bbox 1948 2454 2024 2474; x_wconf 88' lang='lat' dir='ltr'>anno</span> <span class='ocrx_word' id='word_1_1291' title='bbox 2047 2444 2172 2484; x_wconf 86' lang='lat' dir='ltr'>quolibet</span> <span class='ocrx_word' id='word_1_1292' title='bbox 2186 2445 2289 2487; x_wconf 84' lang='lat' dir='ltr'>suplea-</span> 
     </span>
     <span class='ocr_line' id='line_1_162' title="bbox 1218 2491 1269 2513; baseline -0.02 0"><span class='ocrx_word' id='word_1_1293' title='bbox 1218 2491 1269 2513; x_wconf 89' lang='lat' dir='ltr'>tur.</span> 
     </span>
    </p>

    <p class='ocr_par' dir='ltr' id='par_1_39' title="bbox 1216 2520 2287 2638">
     <span class='ocr_line' id='line_1_163' title="bbox 1256 2520 2287 2562; baseline 0.003 -11"><span class='ocrx_word' id='word_1_1294' title='bbox 1256 2521 1292 2552; x_wconf 89' lang='lat' dir='ltr'>Et</span> <span class='ocrx_word' id='word_1_1295' title='bbox 1306 2521 1344 2551; x_wconf 82' lang='lat' dir='ltr'>sic</span> <span class='ocrx_word' id='word_1_1296' title='bbox 1355 2522 1445 2560; x_wconf 82' lang='lat' dir='ltr'>jurare</span> <span class='ocrx_word' id='word_1_1297' title='bbox 1462 2529 1587 2552; x_wconf 81' lang='lat' dir='ltr'>tenentur</span> <span class='ocrx_word' id='word_1_1298' title='bbox 1602 2520 1657 2558; x_wconf 82' lang='lat' dir='ltr'>illi,</span> <span class='ocrx_word' id='word_1_1299' title='bbox 1677 2521 1725 2558; x_wconf 82' lang='lat' dir='ltr'>qui</span> <span class='ocrx_word' id='word_1_1300' title='bbox 1741 2520 1818 2559; x_wconf 85' lang='lat' dir='ltr'>sunt,</span> <span class='ocrx_word' id='word_1_1301' title='bbox 1835 2520 1879 2551; x_wconf 91' lang='lat' dir='ltr'>vel</span> <span class='ocrx_word' id='word_1_1302' title='bbox 1895 2529 1976 2551; x_wconf 89' lang='lat' dir='ltr'>erunt</span> <span class='ocrx_word' id='word_1_1303' title='bbox 1998 2530 2049 2561; x_wconf 90' lang='lat' dir='ltr'>pro</span> <span class='ocrx_word' id='word_1_1304' title='bbox 2064 2530 2192 2561; x_wconf 91' lang='lat' dir='ltr'>tempore</span> <span class='ocrx_word' id='word_1_1305' title='bbox 2204 2547 2214 2562; x_wconf 77' lang='lat'>,</span> <span class='ocrx_word' id='word_1_1306' title='bbox 2238 2523 2287 2554; x_wconf 79' lang='lat' dir='ltr'>de-</span> 
     </span>
     <span class='ocr_line' id='line_1_164' title="bbox 1217 2559 2285 2601; baseline 0.002 -11"><span class='ocrx_word' id='word_1_1307' title='bbox 1217 2561 1308 2598; x_wconf 85' lang='lat' dir='ltr'>putati</span> <span class='ocrx_word' id='word_1_1308' title='bbox 1321 2571 1370 2598; x_wconf 87' lang='lat' dir='ltr'>per</span> <span class='ocrx_word' id='word_1_1309' title='bbox 1385 2560 1496 2591; x_wconf 59' lang='lat' dir='ltr'>dietum</span> <span class='ocrx_word' id='word_1_1310' title='bbox 1513 2559 1675 2590; x_wconf 78' lang='lat' dir='ltr'>Dominum</span> <span class='ocrx_word' id='word_1_1311' title='bbox 1687 2559 1804 2595; x_wconf 61' lang='lat' dir='ltr'>Regem</span> <span class='ocrx_word' id='word_1_1312' title='bbox 1820 2560 1854 2589; x_wconf 79' lang='lat' dir='ltr'>ad</span> <span class='ocrx_word' id='word_1_1313' title='bbox 1871 2560 2039 2598; x_wconf 75' lang='lat' dir='ltr'>levandum,</span> <span class='ocrx_word' id='word_1_1314' title='bbox 2058 2561 2102 2591; x_wconf 85' lang='lat' dir='ltr'>vel</span> <span class='ocrx_word' id='word_1_1315' title='bbox 2128 2564 2285 2601; x_wconf 84' lang='lat' dir='ltr'>percipien-</span> 
     </span>
     <span class='ocr_line' id='line_1_165' title="bbox 1216 2597 2255 2638; baseline 0.003 -10"><span class='ocrx_word' id='word_1_1316' title='bbox 1216 2599 1305 2636; x_wconf 87' lang='lat' dir='ltr'>dum,</span> <span class='ocrx_word' id='word_1_1317' title='bbox 1326 2601 1446 2628; x_wconf 81' lang='lat' dir='ltr'>nomine</span> <span class='ocrx_word' id='word_1_1318' title='bbox 1460 2599 1523 2637; x_wconf 78' lang='lat' dir='ltr'>iuo,</span> <span class='ocrx_word' id='word_1_1319' title='bbox 1543 2598 1714 2628; x_wconf 83' lang='lat' dir='ltr'>Costumam</span> <span class='ocrx_word' id='word_1_1320' title='bbox 1731 2597 1887 2636; x_wconf 70' lang='lat' dir='ltr'>Redditus,</span> <span class='ocrx_word' id='word_1_1321' title='bbox 1906 2598 2075 2630; x_wconf 75' lang='lat' dir='ltr'>&amp;Dcveria</span> <span class='ocrx_word' id='word_1_1322' title='bbox 2089 2600 2255 2638; x_wconf 73' lang='lat' dir='ltr'>supradicta.</span> 
     </span>
    </p>

    <p class='ocr_par' dir='ltr' id='par_1_40' title="bbox 1214 2636 2292 2983">
     <span class='ocr_line' id='line_1_166' title="bbox 1255 2636 2291 2674; baseline 0.002 -6"><span class='ocrx_word' id='word_1_1323' title='bbox 1255 2638 1274 2657; x_wconf 45' lang='lat' dir='ltr'>ii</span> <span class='ocrx_word' id='word_1_1324' title='bbox 1284 2637 1319 2668; x_wconf 89' lang='lat' dir='ltr'>Et</span> <span class='ocrx_word' id='word_1_1325' title='bbox 1333 2637 1401 2668; x_wconf 89' lang='lat' dir='ltr'>licet</span> <span class='ocrx_word' id='word_1_1326' title='bbox 1416 2638 1516 2668; x_wconf 86' lang='lat' dir='ltr'>virtute</span> <span class='ocrx_word' id='word_1_1327' title='bbox 1529 2637 1711 2672; x_wconf 66' lang='lat' dir='ltr'>obligationis</span> <span class='ocrx_word' id='word_1_1328' title='bbox 1723 2636 1867 2674; x_wconf 60' lang='lat' dir='ltr'>praedidtae</span> <span class='ocrx_word' id='word_1_1329' title='bbox 2020 2640 2177 2669; x_wconf 87' lang='lat' dir='ltr'>nominatio</span> <span class='ocrx_word' id='word_1_1330' title='bbox 2191 2640 2225 2670; x_wconf 88' lang='lat' dir='ltr'>ad</span> <span class='ocrx_word' id='word_1_1331' title='bbox 2238 2649 2291 2669; x_wconf 79' lang='lat' dir='ltr'>nos</span> 
     </span>
     <span class='ocr_line' id='line_1_167' title="bbox 1216 2675 2289 2716; baseline 0.002 -10"><span class='ocrx_word' id='word_1_1332' title='bbox 1216 2676 1309 2707; x_wconf 87' lang='lat' dir='ltr'>adhuc</span> <span class='ocrx_word' id='word_1_1333' title='bbox 1326 2677 1478 2713; x_wconf 77' lang='lat' dir='ltr'>pertineat,</span> <span class='ocrx_word' id='word_1_1334' title='bbox 1497 2677 1529 2707; x_wconf 61' lang='grc' dir='ltr'>ἃ</span> <span class='ocrx_word' id='word_1_1335' title='bbox 1552 2677 1685 2713; x_wconf 74' lang='lat' dir='ltr'>pertinere</span> <span class='ocrx_word' id='word_1_1336' title='bbox 1709 2675 1827 2713; x_wconf 85' lang='lat' dir='ltr'>debeat,</span> <span class='ocrx_word' id='word_1_1337' title='bbox 1848 2675 1930 2713; x_wconf 87' lang='lat' dir='ltr'>usque</span> <span class='ocrx_word' id='word_1_1338' title='bbox 1945 2675 1979 2705; x_wconf 89' lang='lat' dir='ltr'>ad</span> <span class='ocrx_word' id='word_1_1339' title='bbox 2001 2675 2215 2708; x_wconf 65' lang='lat' dir='ltr'>satisfacitionem</span> <span class='ocrx_word' id='word_1_1340' title='bbox 2229 2679 2289 2716; x_wconf 87' lang='lat' dir='ltr'>ple-</span> 
     </span>
     <span class='ocr_line' id='line_1_168' title="bbox 1215 2713 2292 2755; baseline 0.002 -10"><span class='ocrx_word' id='word_1_1341' title='bbox 1215 2716 1325 2745; x_wconf 83' lang='lat' dir='ltr'>nariam</span> <span class='ocrx_word' id='word_1_1342' title='bbox 1341 2713 1441 2745; x_wconf 86' lang='lat' dir='ltr'>Debiti</span> <span class='ocrx_word' id='word_1_1343' title='bbox 1459 2716 1627 2752; x_wconf 64' lang='lat' dir='ltr'>memorati·²</span> <span class='ocrx_word' id='word_1_1344' title='bbox 1646 2714 1769 2744; x_wconf 80' lang='lat' dir='ltr'>volentes</span> <span class='ocrx_word' id='word_1_1345' title='bbox 1784 2721 1897 2752; x_wconf 87' lang='lat' dir='ltr'>tamen,</span> <span class='ocrx_word' id='word_1_1346' title='bbox 1911 2714 1939 2743; x_wconf 89' lang='lat' dir='ltr'>in</span> <span class='ocrx_word' id='word_1_1347' title='bbox 1954 2714 2007 2744; x_wconf 92' lang='lat' dir='ltr'>hac</span> <span class='ocrx_word' id='word_1_1348' title='bbox 2023 2723 2114 2753; x_wconf 86' lang='lat' dir='ltr'>parte,</span> <span class='ocrx_word' id='word_1_1349' title='bbox 2132 2718 2203 2747; x_wconf 82' lang='lat' dir='ltr'>votis</span> <span class='ocrx_word' id='word_1_1350' title='bbox 2215 2716 2292 2755; x_wconf 82' lang='lat' dir='ltr'>ejus-.</span> 
     </span>
     <span class='ocr_line' id='line_1_169' title="bbox 1214 2750 2285 2792; baseline 0.002 -9"><span class='ocrx_word' id='word_1_1351' title='bbox 1214 2753 1284 2784; x_wconf 89' lang='lat' dir='ltr'>dem</span> <span class='ocrx_word' id='word_1_1352' title='bbox 1298 2752 1390 2790; x_wconf 79' lang='lat' dir='ltr'>Regis</span> <span class='ocrx_word' id='word_1_1353' title='bbox 1403 2754 1437 2784; x_wconf 63' lang='grc' dir='ltr'>ὃς</span> <span class='ocrx_word' id='word_1_1354' title='bbox 1450 2752 1541 2783; x_wconf 80' lang='lat' dir='ltr'>Ducis</span> <span class='ocrx_word' id='word_1_1355' title='bbox 1556 2753 1663 2783; x_wconf 87' lang='lat' dir='ltr'>devotis</span> <span class='ocrx_word' id='word_1_1356' title='bbox 1677 2750 1825 2783; x_wconf 70' lang='lat' dir='ltr'>affectibus</span> <span class='ocrx_word' id='word_1_1357' title='bbox 1838 2753 2034 2791; x_wconf 78' lang='lat' dir='ltr'>complacere,</span> <span class='ocrx_word' id='word_1_1358' title='bbox 2051 2754 2180 2792; x_wconf 70' lang='lat' dir='ltr'>ut‚fa6³to</span> <span class='ocrx_word' id='word_1_1359' title='bbox 2189 2754 2285 2785; x_wconf 89' lang='lat' dir='ltr'>Com-</span> 
     </span>
     <span class='ocr_line' id='line_1_170' title="bbox 1215 2790 2285 2831; baseline 0.003 -9"><span class='ocrx_word' id='word_1_1360' title='bbox 1215 2802 1285 2830; x_wconf 88' lang='lat' dir='ltr'>puto</span> <span class='ocrx_word' id='word_1_1361' title='bbox 1298 2792 1454 2830; x_wconf 71' lang='lat' dir='ltr'>praedic‘to,</span> <span class='ocrx_word' id='word_1_1362' title='bbox 1472 2792 1620 2830; x_wconf 79' lang='lat' dir='ltr'>postquam</span> <span class='ocrx_word' id='word_1_1363' title='bbox 1639 2790 1717 2828; x_wconf 86' lang='lat' dir='ltr'>super</span> <span class='ocrx_word' id='word_1_1364' title='bbox 1731 2790 1879 2821; x_wconf 88' lang='lat' dir='ltr'>allocandis</span> <span class='ocrx_word' id='word_1_1365' title='bbox 1894 2801 1943 2828; x_wconf 88' lang='lat' dir='ltr'>per</span> <span class='ocrx_word' id='word_1_1366' title='bbox 1960 2801 2026 2821; x_wconf 88' lang='lat' dir='ltr'>eum</span> <span class='ocrx_word' id='word_1_1367' title='bbox 2040 2792 2142 2823; x_wconf 78' lang='lat' dir='ltr'>litteras</span> <span class='ocrx_word' id='word_1_1368' title='bbox 2157 2793 2285 2831; x_wconf 89' lang='lat' dir='ltr'>Acquie-</span> 
     </span>
     <span class='ocr_line' id='line_1_171' title="bbox 1214 2828 2286 2871; baseline 0.001 -10"><span class='ocrx_word' id='word_1_1369' title='bbox 1214 2832 1308 2861; x_wconf 78' lang='lat' dir='ltr'>tantiae</span> <span class='ocrx_word' id='word_1_1370' title='bbox 1324 2832 1508 2868; x_wconf 85' lang='lat' dir='ltr'>receperimus</span> <span class='ocrx_word' id='word_1_1371' title='bbox 1522 2832 1558 2860; x_wconf 81' lang='lat' dir='ltr'>ab</span> <span class='ocrx_word' id='word_1_1372' title='bbox 1572 2829 1694 2868; x_wconf 86' lang='lat' dir='ltr'>eodem,</span> <span class='ocrx_word' id='word_1_1373' title='bbox 1712 2828 1867 2871; x_wconf 78' lang='lat' dir='ltr'>secundum</span> <span class='ocrx_word' id='word_1_1374' title='bbox 1880 2829 2055 2862; x_wconf 87' lang='lat' dir='ltr'>voluntatem</span> <span class='ocrx_word' id='word_1_1375' title='bbox 2074 2831 2108 2862; x_wconf 92' lang='lat'>&amp;</span> <span class='ocrx_word' id='word_1_1376' title='bbox 2125 2831 2286 2870; x_wconf 88' lang='lat' dir='ltr'>beneplaci-</span> 
     </span>
     <span class='ocr_line' id='line_1_172' title="bbox 1214 2866 1965 2909; baseline -0.003 -9"><span class='ocrx_word' id='word_1_1377' title='bbox 1214 2877 1278 2900; x_wconf 87' lang='lat' dir='ltr'>tum</span> <span class='ocrx_word' id='word_1_1378' title='bbox 1299 2869 1379 2907; x_wconf 82' lang='lat' dir='ltr'>ipsius</span> <span class='ocrx_word' id='word_1_1379' title='bbox 1400 2868 1522 2899; x_wconf 90' lang='lat' dir='ltr'>Domini</span> <span class='ocrx_word' id='word_1_1380' title='bbox 1541 2868 1647 2906; x_wconf 87' lang='lat' dir='ltr'>Regis,</span> <span class='ocrx_word' id='word_1_1381' title='bbox 1671 2870 1796 2909; x_wconf 73' lang='lat' dir='ltr'>praeiatos</span> <span class='ocrx_word' id='word_1_1382' title='bbox 1819 2866 1965 2898; x_wconf 82' lang='lat' dir='ltr'>Officiales</span> 
     </span>
     <span class='ocr_line' id='line_1_173' title="bbox 1217 2905 2285 2945; baseline 0.002 -9"><span class='ocrx_word' id='word_1_1383' title='bbox 1217 2925 1224 2928; x_wconf 72' lang='lat'><strong><em>—</em></strong></span> <span class='ocrx_word' id='word_1_1384' title='bbox 1526 2906 1562 2937; x_wconf 91' lang='lat' dir='ltr'>Et</span> <span class='ocrx_word' id='word_1_1385' title='bbox 1574 2907 1629 2944; x_wconf 92' lang='lat' dir='ltr'>ipse</span> <span class='ocrx_word' id='word_1_1386' title='bbox 1642 2905 1787 2936; x_wconf 84' lang='lat' dir='ltr'>Dominus</span> <span class='ocrx_word' id='word_1_1387' title='bbox 1802 2905 1864 2936; x_wconf 88' lang='lat' dir='ltr'>Rex</span> <span class='ocrx_word' id='word_1_1388' title='bbox 1886 2907 1923 2938; x_wconf 84' lang='lat' dir='ltr'>sic</span> <span class='ocrx_word' id='word_1_1389' title='bbox 1942 2908 2105 2938; x_wconf 86' lang='lat' dir='ltr'>nominatos</span> <span class='ocrx_word' id='word_1_1390' title='bbox 2118 2917 2166 2945; x_wconf 89' lang='lat' dir='ltr'>per</span> <span class='ocrx_word' id='word_1_1391' title='bbox 2180 2918 2231 2938; x_wconf 89' lang='lat' dir='ltr'>nos</span> <span class='ocrx_word' id='word_1_1392' title='bbox 2250 2908 2285 2938; x_wconf 90' lang='lat' dir='ltr'>li-</span> 
     </span>
     <span class='ocr_line' id='line_1_174' title="bbox 1215 2944 2049 2983; baseline 0.002 -9"><span class='ocrx_word' id='word_1_1393' title='bbox 1215 2945 1279 2976; x_wconf 60' lang='lat' dir='ltr'>beri·</span> <span class='ocrx_word' id='word_1_1394' title='bbox 1293 2945 1425 2983; x_wconf 85' lang='lat' dir='ltr'>perficere</span> <span class='ocrx_word' id='word_1_1395' title='bbox 1438 2945 1541 2983; x_wconf 84' lang='lat' dir='ltr'>valeat,</span> <span class='ocrx_word' id='word_1_1396' title='bbox 1559 2954 1641 2983; x_wconf 87' lang='lat' dir='ltr'>prout</span> <span class='ocrx_word' id='word_1_1397' title='bbox 1654 2945 1705 2975; x_wconf 90' lang='lat' dir='ltr'>sibi</span> <span class='ocrx_word' id='word_1_1398' title='bbox 1720 2944 1873 2982; x_wconf 69' lang='lat' dir='ltr'>placuerit,</span> <span class='ocrx_word' id='word_1_1399' title='bbox 1892 2945 2049 2976; x_wconf 89' lang='lat' dir='ltr'>toleramus.</span> 
     </span>
    </p>

    <p class='ocr_par' dir='ltr' id='par_1_41' title="bbox 1210 2983 2284 3294">
     <span class='ocr_line' id='line_1_175' title="bbox 1251 2983 2284 3023; baseline 0.001 -9"><span class='ocrx_word' id='word_1_1400' title='bbox 1251 2983 1414 3022; x_wconf 59' lang='lat' dir='ltr'>Cteterum,</span> <span class='ocrx_word' id='word_1_1401' title='bbox 1432 2993 1480 3023; x_wconf 83' lang='lat' dir='ltr'>per</span> <span class='ocrx_word' id='word_1_1402' title='bbox 1494 2983 1651 3022; x_wconf 74' lang='lat' dir='ltr'>hujusmodi</span> <span class='ocrx_word' id='word_1_1403' title='bbox 1664 2983 1790 3013; x_wconf 88' lang='lat' dir='ltr'>nostram</span> <span class='ocrx_word' id='word_1_1404' title='bbox 1802 2985 2028 3023; x_wconf 87' lang='lat' dir='ltr'>ordinationem,</span> <span class='ocrx_word' id='word_1_1405' title='bbox 2046 2994 2132 3023; x_wconf 78' lang='lat' dir='ltr'>quam</span> <span class='ocrx_word' id='word_1_1406' title='bbox 2147 2984 2182 3015; x_wconf 86' lang='lat' dir='ltr'>ad</span> <span class='ocrx_word' id='word_1_1407' title='bbox 2197 2994 2284 3015; x_wconf 89' lang='lat' dir='ltr'>com-</span> 
     </span>
     <span class='ocr_line' id='line_1_176' title="bbox 1212 3021 2282 3061; baseline 0.001 -10"><span class='ocrx_word' id='word_1_1408' title='bbox 1212 3021 1381 3060; x_wconf 86' lang='lat' dir='ltr'>placendum</span> <span class='ocrx_word' id='word_1_1409' title='bbox 1395 3023 1474 3054; x_wconf 71' lang='lat' dir='ltr'>dicto</span> <span class='ocrx_word' id='word_1_1410' title='bbox 1487 3021 1620 3052; x_wconf 86' lang='lat' dir='ltr'>Domino</span> <span class='ocrx_word' id='word_1_1411' title='bbox 1636 3021 1714 3058; x_wconf 87' lang='lat' dir='ltr'>Regi</span> <span class='ocrx_word' id='word_1_1412' title='bbox 1728 3022 1760 3053; x_wconf 88' lang='lat'>&amp;</span> <span class='ocrx_word' id='word_1_1413' title='bbox 1774 3021 1854 3052; x_wconf 86' lang='lat' dir='ltr'>Duci</span> <span class='ocrx_word' id='word_1_1414' title='bbox 1870 3021 1905 3052; x_wconf 90' lang='lat' dir='ltr'>de</span> <span class='ocrx_word' id='word_1_1415' title='bbox 1919 3023 2006 3061; x_wconf 67' lang='lat' dir='ltr'>gratia</span> <span class='ocrx_word' id='word_1_1416' title='bbox 2021 3023 2140 3053; x_wconf 91' lang='lat' dir='ltr'>facimus</span> <span class='ocrx_word' id='word_1_1417' title='bbox 2154 3023 2282 3061; x_wconf 82' lang='lat' dir='ltr'>speciali,</span> 
     </span>
     <span class='ocr_line' id='line_1_177' title="bbox 1213 3060 2281 3100; baseline -0.001 -9"><span class='ocrx_word' id='word_1_1418' title='bbox 1213 3062 1248 3091; x_wconf 89' lang='lat' dir='ltr'>ab</span> <span class='ocrx_word' id='word_1_1419' title='bbox 1270 3061 1443 3098; x_wconf 85' lang='lat' dir='ltr'>obligatione</span> <span class='ocrx_word' id='word_1_1420' title='bbox 1464 3061 1600 3100; x_wconf 62' lang='lat' dir='ltr'>praedieta</span> <span class='ocrx_word' id='word_1_1421' title='bbox 1621 3060 1752 3090; x_wconf 88' lang='lat' dir='ltr'>recedere</span> <span class='ocrx_word' id='word_1_1422' title='bbox 1771 3071 1830 3090; x_wconf 89' lang='lat' dir='ltr'>nori</span> <span class='ocrx_word' id='word_1_1423' title='bbox 1848 3061 2019 3091; x_wconf 88' lang='lat' dir='ltr'>intendimus</span> <span class='ocrx_word' id='word_1_1424' title='bbox 2036 3063 2064 3091; x_wconf 90' lang='lat' dir='ltr'>iri</span> <span class='ocrx_word' id='word_1_1425' title='bbox 2084 3070 2162 3099; x_wconf 89' lang='lat' dir='ltr'>toto,</span> <span class='ocrx_word' id='word_1_1426' title='bbox 2189 3061 2232 3091; x_wconf 93' lang='lat' dir='ltr'>vel</span> <span class='ocrx_word' id='word_1_1427' title='bbox 2250 3062 2281 3090; x_wconf 91' lang='lat' dir='ltr'>in</span> 
     </span>
     <span class='ocr_line' id='line_1_178' title="bbox 1211 3098 2280 3138; baseline 0.001 -10"><span class='ocrx_word' id='word_1_1428' title='bbox 1211 3099 1303 3138; x_wconf 62' lang='lat' dir='ltr'>aliqua</span> <span class='ocrx_word' id='word_1_1429' title='bbox 1317 3099 1354 3130; x_wconf 91' lang='lat' dir='ltr'>sui</span> <span class='ocrx_word' id='word_1_1430' title='bbox 1372 3108 1464 3137; x_wconf 67' lang='lat' dir='ltr'>parte,</span> <span class='ocrx_word' id='word_1_1431' title='bbox 1481 3099 1525 3129; x_wconf 93' lang='lat' dir='ltr'>vel</span> <span class='ocrx_word' id='word_1_1432' title='bbox 1544 3100 1639 3129; x_wconf 88' lang='lat' dir='ltr'>eidem</span> <span class='ocrx_word' id='word_1_1433' title='bbox 1655 3100 1685 3128; x_wconf 88' lang='lat' dir='ltr'>in</span> <span class='ocrx_word' id='word_1_1434' title='bbox 1702 3098 1794 3137; x_wconf 86' lang='lat' dir='ltr'>aliquo</span> <span class='ocrx_word' id='word_1_1435' title='bbox 1814 3099 1964 3137; x_wconf 69' lang='lat' dir='ltr'>derogare,</span> <span class='ocrx_word' id='word_1_1436' title='bbox 1982 3099 2027 3130; x_wconf 74' lang='lat' dir='ltr'>led</span> <span class='ocrx_word' id='word_1_1437' title='bbox 2045 3099 2131 3137; x_wconf 80' lang='lat' dir='ltr'>ipsam</span> <span class='ocrx_word' id='word_1_1438' title='bbox 2150 3099 2280 3130; x_wconf 86' lang='lat' dir='ltr'>volumus</span> 
     </span>
     <span class='ocr_line' id='line_1_179' title="bbox 1212 3137 2280 3176; baseline 0 -8"><span class='ocrx_word' id='word_1_1439' title='bbox 1212 3147 1262 3175; x_wconf 88' lang='lat' dir='ltr'>per</span> <span class='ocrx_word' id='word_1_1440' title='bbox 1286 3140 1382 3168; x_wconf 86' lang='lat' dir='ltr'>omnia</span> <span class='ocrx_word' id='word_1_1441' title='bbox 1407 3139 1435 3168; x_wconf 91' lang='lat' dir='ltr'>iri</span> <span class='ocrx_word' id='word_1_1442' title='bbox 1454 3138 1502 3168; x_wconf 91' lang='lat' dir='ltr'>suo</span> <span class='ocrx_word' id='word_1_1443' title='bbox 1518 3138 1620 3168; x_wconf 89' lang='lat' dir='ltr'>robore</span> <span class='ocrx_word' id='word_1_1444' title='bbox 1638 3147 1819 3176; x_wconf 73' lang='lat' dir='ltr'>permanere,</span> <span class='ocrx_word' id='word_1_1445' title='bbox 1842 3139 1876 3167; x_wconf 83' lang='lat' dir='ltr'>ita</span> <span class='ocrx_word' id='word_1_1446' title='bbox 1896 3137 1975 3175; x_wconf 82' lang='lat' dir='ltr'>quod</span> <span class='ocrx_word' id='word_1_1447' title='bbox 1993 3137 2051 3175; x_wconf 75' lang='lat' dir='ltr'>ipsa</span> <span class='ocrx_word' id='word_1_1448' title='bbox 2077 3137 2280 3176; x_wconf 85' lang='lat' dir='ltr'>Obligatione,</span> 
     </span>
     <span class='ocr_line' id='line_1_180' title="bbox 1211 3175 2279 3214; baseline -0.001 -7"><span class='ocrx_word' id='word_1_1449' title='bbox 1211 3177 1366 3207; x_wconf 88' lang='lat' dir='ltr'>secundum</span> <span class='ocrx_word' id='word_1_1450' title='bbox 1379 3176 1504 3207; x_wconf 86' lang='lat' dir='ltr'>formam</span> <span class='ocrx_word' id='word_1_1451' title='bbox 1539 3176 1658 3212; x_wconf 82' lang='lat' dir='ltr'>vim,&amp;</span> <span class='ocrx_word' id='word_1_1452' title='bbox 1670 3175 1808 3206; x_wconf 74' lang='lat' dir='ltr'>effectum</span> <span class='ocrx_word' id='word_1_1453' title='bbox 1821 3175 1945 3213; x_wconf 88' lang='lat' dir='ltr'>ejusdem</span> <span class='ocrx_word' id='word_1_1454' title='bbox 1954 3199 1963 3214; x_wconf 88' lang='lat'>,</span> <span class='ocrx_word' id='word_1_1455' title='bbox 1983 3186 2039 3213; x_wconf 88' lang='lat' dir='ltr'>quo</span> <span class='ocrx_word' id='word_1_1456' title='bbox 2052 3175 2085 3206; x_wconf 87' lang='lat' dir='ltr'>ad</span> <span class='ocrx_word' id='word_1_1457' title='bbox 2101 3177 2198 3205; x_wconf 83' lang='lat' dir='ltr'>omnia</span> <span class='ocrx_word' id='word_1_1458' title='bbox 2207 3186 2279 3206; x_wconf 85' lang='lat' dir='ltr'>con-</span> 
     </span>
     <span class='ocr_line' id='line_1_181' title="bbox 1211 3214 2281 3252; baseline -0.001 -7"><span class='ocrx_word' id='word_1_1459' title='bbox 1211 3223 1287 3245; x_wconf 86' lang='lat' dir='ltr'>tenta</span> <span class='ocrx_word' id='word_1_1460' title='bbox 1310 3217 1338 3245; x_wconf 92' lang='lat' dir='ltr'>in</span> <span class='ocrx_word' id='word_1_1461' title='bbox 1356 3215 1472 3252; x_wconf 87' lang='lat' dir='ltr'>eadem,</span> <span class='ocrx_word' id='word_1_1462' title='bbox 1509 3216 1615 3245; x_wconf 90' lang='lat' dir='ltr'>inobis</span> <span class='ocrx_word' id='word_1_1463' title='bbox 1635 3214 1773 3245; x_wconf 88' lang='lat' dir='ltr'>videbitur</span> <span class='ocrx_word' id='word_1_1464' title='bbox 1797 3214 1942 3252; x_wconf 81' lang='lat' dir='ltr'>expedire,</span> <span class='ocrx_word' id='word_1_1465' title='bbox 1967 3215 2050 3251; x_wconf 82' lang='lat' dir='ltr'>usque</span> <span class='ocrx_word' id='word_1_1466' title='bbox 2076 3214 2109 3244; x_wconf 88' lang='lat' dir='ltr'>ad</span> <span class='ocrx_word' id='word_1_1467' title='bbox 2130 3214 2281 3252; x_wconf 78' lang='lat' dir='ltr'>plenariam</span> 
     </span>
     <span class='ocr_line' id='line_1_182' title="bbox 1210 3252 2150 3294; baseline -0.001 -10"><span class='ocrx_word' id='word_1_1468' title='bbox 1210 3254 1426 3285; x_wconf 70' lang='lat' dir='ltr'>satisfactionem</span> <span class='ocrx_word' id='word_1_1469' title='bbox 1441 3254 1522 3284; x_wconf 87' lang='lat' dir='ltr'>totius</span> <span class='ocrx_word' id='word_1_1470' title='bbox 1539 3253 1640 3283; x_wconf 90' lang='lat' dir='ltr'>Debiti</span> <span class='ocrx_word' id='word_1_1471' title='bbox 1658 3253 1826 3292; x_wconf 67' lang='lat' dir='ltr'>supradicti,</span> <span class='ocrx_word' id='word_1_1472' title='bbox 1847 3253 1884 3282; x_wconf 86' lang='lat' dir='ltr'>uti</span> <span class='ocrx_word' id='word_1_1473' title='bbox 1900 3252 1988 3294; x_wconf 79' lang='lat' dir='ltr'>libere</span> <span class='ocrx_word' id='word_1_1474' title='bbox 2002 3252 2150 3294; x_wconf 77' lang='lat' dir='ltr'>valeamus.</span> 
     </span>
    </p>

    <p class='ocr_par' dir='ltr' id='par_1_42' title="bbox 1213 3290 2279 3370">
     <span class='ocr_line' id='line_1_183' title="bbox 1250 3290 2279 3329; baseline -0.003 -6"><span class='ocrx_word' id='word_1_1475' title='bbox 1250 3292 1422 3323; x_wconf 89' lang='lat' dir='ltr'>Mandatum</span> <span class='ocrx_word' id='word_1_1476' title='bbox 1442 3301 1536 3323; x_wconf 83' lang='lat' dir='ltr'>autem</span> <span class='ocrx_word' id='word_1_1477' title='bbox 1561 3292 1709 3329; x_wconf 80' lang='lat' dir='ltr'>Regium,</span> <span class='ocrx_word' id='word_1_1478' title='bbox 1736 3291 1812 3329; x_wconf 86' lang='lat' dir='ltr'>quod</span> <span class='ocrx_word' id='word_1_1479' title='bbox 1836 3292 1941 3328; x_wconf 47' lang='lat' dir='ltr'>prsseiati</span> <span class='ocrx_word' id='word_1_1480' title='bbox 1963 3290 2097 3328; x_wconf 87' lang='lat' dir='ltr'>Nuncii,</span> <span class='ocrx_word' id='word_1_1481' title='bbox 2121 3291 2170 3321; x_wconf 80' lang='lat' dir='ltr'>iub</span> <span class='ocrx_word' id='word_1_1482' title='bbox 2190 3290 2279 3329; x_wconf 88' lang='lat' dir='ltr'>sigillo</span> 
     </span>
     <span class='ocr_line' id='line_1_184' title="bbox 1213 3328 2161 3370; baseline -0.002 -8"><span class='ocrx_word' id='word_1_1483' title='bbox 1213 3331 1328 3370; x_wconf 82' lang='lat' dir='ltr'>Regio,</span> <span class='ocrx_word' id='word_1_1484' title='bbox 1346 3332 1427 3363; x_wconf 86' lang='lat' dir='ltr'>nobis</span> <span class='ocrx_word' id='word_1_1485' title='bbox 1438 3332 1640 3368; x_wconf 82' lang='lat' dir='ltr'>exhibuerunt,</span> <span class='ocrx_word' id='word_1_1486' title='bbox 1660 3338 1788 3369; x_wconf 84' lang='lat' dir='ltr'>tenorem</span> <span class='ocrx_word' id='word_1_1487' title='bbox 1806 3330 1931 3359; x_wconf 83' lang='lat' dir='ltr'>continet</span> <span class='ocrx_word' id='word_1_1488' title='bbox 1948 3328 2161 3367; x_wconf 81' lang='lat' dir='ltr'>infrascriptum.</span> 
     </span>
    </p>
   </div>
   <div class='ocr_carea' id='block_1_20' title="bbox 1203 3405 2278 4085">
    <p class='ocr_par' dir='ltr' id='par_1_43' title="bbox 1208 3405 2278 3524">
     <span class='ocr_line' id='line_1_185' title="bbox 1211 3405 2277 3470; baseline -0.006 -30"><span class='ocrx_word' id='word_1_1489' title='bbox 1211 3408 1428 3470; x_wconf 83' lang='lat' dir='ltr'>EDwardus,</span> <span class='ocrx_word' id='word_1_1490' title='bbox 1446 3408 1503 3438; x_wconf 90' lang='lat' dir='ltr'>Dei</span> <span class='ocrx_word' id='word_1_1491' title='bbox 1528 3407 1632 3445; x_wconf 54' lang='lat' dir='ltr'>gratis,</span> <span class='ocrx_word' id='word_1_1492' title='bbox 1657 3406 1722 3437; x_wconf 87' lang='lat' dir='ltr'>Rex</span> <span class='ocrx_word' id='word_1_1493' title='bbox 1749 3405 1880 3443; x_wconf 66' lang='lat' dir='ltr'>Angue,</span> <span class='ocrx_word' id='word_1_1494' title='bbox 1900 3405 2046 3436; x_wconf 86' lang='lat' dir='ltr'>Dominus</span> <span class='ocrx_word' id='word_1_1495' title='bbox 2064 3405 2226 3446; x_wconf 69' lang='lat' dir='ltr'>Hiberniae,</span> <span class='ocrx_word' id='word_1_1496' title='bbox 2243 3405 2277 3435; x_wconf 76' lang='grc' dir='ltr'>δε</span> 
     </span>
     <span class='ocr_line' id='line_1_186' title="bbox 1288 3442 2278 3485; baseline -0.005 -7"><span class='ocrx_word' id='word_1_1497' title='bbox 1288 3447 1356 3478; x_wconf 87' lang='lat' dir='ltr'>Dux</span> <span class='ocrx_word' id='word_1_1498' title='bbox 1388 3448 1563 3485; x_wconf 59' lang='lat' dir='ltr'>Aquitaniae,</span> <span class='ocrx_word' id='word_1_1499' title='bbox 1582 3446 1710 3476; x_wconf 79' lang='lat' dir='ltr'>udiveriis</span> <span class='ocrx_word' id='word_1_1500' title='bbox 1735 3446 1877 3482; x_wconf 74' lang='lat' dir='ltr'>praesenzes</span> <span class='ocrx_word' id='word_1_1501' title='bbox 1897 3445 1982 3474; x_wconf 82' lang='lat' dir='ltr'>literas</span> <span class='ocrx_word' id='word_1_1502' title='bbox 2011 3444 2183 3481; x_wconf 64' lang='lat' dir='ltr'>inspectum,</span> <span class='ocrx_word' id='word_1_1503' title='bbox 2210 3442 2278 3473; x_wconf 80' lang='lat' dir='ltr'>lalu-</span> 
     </span>
     <span class='ocr_line' id='line_1_187' title="bbox 1208 3483 2130 3524; baseline -0.005 -8"><span class='ocrx_word' id='word_1_1504' title='bbox 1208 3494 1286 3524; x_wconf 89' lang='lat' dir='ltr'>tem‚</span> <span class='ocrx_word' id='word_1_1505' title='bbox 1303 3486 1336 3516; x_wconf 88' lang='lat'>&amp;</span> <span class='ocrx_word' id='word_1_1506' title='bbox 1355 3485 1467 3523; x_wconf 88' lang='lat' dir='ltr'>plenam</span> <span class='ocrx_word' id='word_1_1507' title='bbox 1483 3485 1658 3523; x_wconf 62' lang='lat' dir='ltr'>praesentibus</span> <span class='ocrx_word' id='word_1_1508' title='bbox 1678 3487 1742 3513; x_wconf 77' lang='lat' dir='ltr'>dare</span> <span class='ocrx_word' id='word_1_1509' title='bbox 1759 3483 1857 3513; x_wconf 83' lang='lat' dir='ltr'>fidem.</span> <span class='ocrx_word' id='word_1_1510' title='bbox 2127 3520 2130 3524; x_wconf 93' lang='lat'>.</span> 
     </span>
    </p>

    <p class='ocr_par' dir='ltr' id='par_1_44' title="bbox 1203 3517 2276 3756">
     <span class='ocr_line' id='line_1_188' title="bbox 1245 3517 2275 3562; baseline -0.005 -7"><span class='ocrx_word' id='word_1_1511' title='bbox 1245 3524 1292 3555; x_wconf 91' lang='lat' dir='ltr'>De</span> <span class='ocrx_word' id='word_1_1512' title='bbox 1310 3524 1438 3555; x_wconf 85' lang='lat' dir='ltr'>fidelitate</span> <span class='ocrx_word' id='word_1_1513' title='bbox 1456 3523 1571 3561; x_wconf 65' lang='lat' dir='ltr'>probata</span> <span class='ocrx_word' id='word_1_1514' title='bbox 1584 3545 1593 3560; x_wconf 90' lang='lat'>,</span> <span class='ocrx_word' id='word_1_1515' title='bbox 1617 3524 1651 3553; x_wconf 88' lang='lat'>&amp;</span> <span class='ocrx_word' id='word_1_1516' title='bbox 1670 3522 1926 3559; x_wconf 57' lang='lat' dir='ltr'>circumspectione</span> <span class='ocrx_word' id='word_1_1517' title='bbox 1949 3518 2080 3557; x_wconf 67' lang='lat' dir='ltr'>provida,</span> <span class='ocrx_word' id='word_1_1518' title='bbox 2104 3517 2275 3562; x_wconf 69' lang='lat' dir='ltr'>dilectorum</span> 
     </span>
     <span class='ocr_line' id='line_1_189' title="bbox 1207 3557 2274 3599; baseline -0.006 -5"><span class='ocrx_word' id='word_1_1519' title='bbox 1207 3563 1241 3594; x_wconf 90' lang='lat'>&amp;</span> <span class='ocrx_word' id='word_1_1520' title='bbox 1267 3562 1391 3593; x_wconf 84' lang='lat' dir='ltr'>fidelium</span> <span class='ocrx_word' id='word_1_1521' title='bbox 1415 3561 1595 3599; x_wconf 88' lang='lat' dir='ltr'>nostrorum,</span> <span class='ocrx_word' id='word_1_1522' title='bbox 1621 3561 1820 3592; x_wconf 49' lang='lat' dir='ltr'>venerabilium</span> <span class='ocrx_word' id='word_1_1523' title='bbox 1842 3559 1970 3589; x_wconf 80' lang='lat' dir='ltr'>Parrum,</span> <span class='ocrx_word' id='word_1_1524' title='bbox 1991 3557 2127 3595; x_wconf 77' lang='lat' dir='ltr'>johannis</span> <span class='ocrx_word' id='word_1_1525' title='bbox 2151 3557 2274 3588; x_wconf 87' lang='lat' dir='ltr'>Norwi-</span> 
     </span>
     <span class='ocr_line' id='line_1_190' title="bbox 1207 3595 2274 3639; baseline -0.005 -7"><span class='ocrx_word' id='word_1_1526' title='bbox 1207 3601 1312 3639; x_wconf 81' lang='lat' dir='ltr'>censis,</span> <span class='ocrx_word' id='word_1_1527' title='bbox 1330 3602 1363 3632; x_wconf 72' lang='grc' dir='ltr'>δε</span> <span class='ocrx_word' id='word_1_1528' title='bbox 1379 3601 1515 3639; x_wconf 88' lang='lat' dir='ltr'>Johanriis</span> <span class='ocrx_word' id='word_1_1529' title='bbox 1530 3600 1658 3637; x_wconf 83' lang='lat' dir='ltr'>Elienlis,</span> <span class='ocrx_word' id='word_1_1530' title='bbox 1677 3598 1899 3639; x_wconf 59' lang='grc' dir='ltr'>Ερίιὲωριιτιιιηῑ</span> <span class='ocrx_word' id='word_1_1531' title='bbox 1920 3595 2055 3638; x_wconf 78' lang='lat' dir='ltr'>Adomari</span> <span class='ocrx_word' id='word_1_1532' title='bbox 2071 3595 2107 3625; x_wconf 90' lang='lat' dir='ltr'>de</span> <span class='ocrx_word' id='word_1_1533' title='bbox 2128 3595 2274 3634; x_wconf 67' lang='lat' dir='ltr'>Valentia,</span> 
     </span>
     <span class='ocr_line' id='line_1_191' title="bbox 1208 3632 2276 3670; baseline -0.005 0"><span class='ocrx_word' id='word_1_1534' title='bbox 1208 3639 1333 3670; x_wconf 90' lang='lat' dir='ltr'>Comitis</span> <span class='ocrx_word' id='word_1_1535' title='bbox 1352 3639 1552 3669; x_wconf 74' lang='lat' dir='ltr'>Pembrochiae</span> <span class='ocrx_word' id='word_1_1536' title='bbox 1575 3637 1787 3668; x_wconf 66' lang='lat' dir='ltr'>Coiii&#39;ineuinei</span> <span class='ocrx_word' id='word_1_1537' title='bbox 1808 3635 1895 3664; x_wconf 83' lang='lat' dir='ltr'>nostri</span> <span class='ocrx_word' id='word_1_1538' title='bbox 1921 3633 2070 3669; x_wconf 73' lang='lat' dir='ltr'>carissimi,</span> <span class='ocrx_word' id='word_1_1539' title='bbox 2090 3632 2276 3665; x_wconf 82' lang='lat' dir='ltr'>Bartholemei</span> 
     </span>
     <span class='ocr_line' id='line_1_192' title="bbox 1207 3670 2276 3716; baseline -0.005 -8"><span class='ocrx_word' id='word_1_1540' title='bbox 1207 3678 1244 3709; x_wconf 93' lang='lat' dir='ltr'>de</span> <span class='ocrx_word' id='word_1_1541' title='bbox 1263 3678 1452 3716; x_wconf 78' lang='lat' dir='ltr'>Badelesmer,</span> <span class='ocrx_word' id='word_1_1542' title='bbox 1468 3677 1601 3716; x_wconf 81' lang='lat' dir='ltr'>joliannis</span> <span class='ocrx_word' id='word_1_1543' title='bbox 1621 3676 1655 3705; x_wconf 81' lang='lat' dir='ltr'>de</span> <span class='ocrx_word' id='word_1_1544' title='bbox 1674 3673 1869 3709; x_wconf 70' lang='lat' dir='ltr'>Cruinbwell,</span> <span class='ocrx_word' id='word_1_1545' title='bbox 1889 3672 1921 3701; x_wconf 88' lang='lat'>&amp;</span> <span class='ocrx_word' id='word_1_1546' title='bbox 1940 3671 2060 3702; x_wconf 88' lang='lat' dir='ltr'>Antonii</span> <span class='ocrx_word' id='word_1_1547' title='bbox 2078 3670 2226 3711; x_wconf 83' lang='lat' dir='ltr'>Pessaigne</span> <span class='ocrx_word' id='word_1_1548' title='bbox 2239 3674 2276 3704; x_wconf 85' lang='lat' dir='ltr'>de</span> 
     </span>
     <span class='ocr_line' id='line_1_193' title="bbox 1203 3713 2048 3756; baseline -0.014 -8"><span class='ocrx_word' id='word_1_1549' title='bbox 1203 3716 1310 3756; x_wconf 69' lang='lat' dir='ltr'>Janua,</span> <span class='ocrx_word' id='word_1_1550' title='bbox 1327 3716 1475 3754; x_wconf 85' lang='lat' dir='ltr'>Militum,</span> <span class='ocrx_word' id='word_1_1551' title='bbox 1494 3715 1606 3753; x_wconf 83' lang='lat' dir='ltr'>plenam</span> <span class='ocrx_word' id='word_1_1552' title='bbox 1622 3713 1754 3742; x_wconf 83' lang='lat' dir='ltr'>fiduciam</span> <span class='ocrx_word' id='word_1_1553' title='bbox 1767 3719 1953 3753; x_wconf 37' lang='lat' dir='ltr'>reportant-es,</span> <span class='ocrx_word' id='word_1_1554' title='bbox 2044 3749 2048 3753; x_wconf 93' lang='lat'>.</span> 
     </span>
    </p>

    <p class='ocr_par' dir='ltr' id='par_1_45' title="bbox 1205 3747 2277 4017">
     <span class='ocr_line' id='line_1_194' title="bbox 1243 3747 2275 3787; baseline -0.007 -1"><span class='ocrx_word' id='word_1_1555' title='bbox 1243 3756 1290 3786; x_wconf 86' lang='lat' dir='ltr'>Ad</span> <span class='ocrx_word' id='word_1_1556' title='bbox 1308 3754 1484 3786; x_wconf 64' lang='lat' dir='ltr'>traetandum</span> <span class='ocrx_word' id='word_1_1557' title='bbox 1508 3762 1577 3783; x_wconf 90' lang='lat' dir='ltr'>cum</span> <span class='ocrx_word' id='word_1_1558' title='bbox 1604 3750 1774 3781; x_wconf 76' lang='lat' dir='ltr'>Reverendis</span> <span class='ocrx_word' id='word_1_1559' title='bbox 1791 3759 1819 3778; x_wconf 87' lang='lat' dir='ltr'>in</span> <span class='ocrx_word' id='word_1_1560' title='bbox 1840 3747 1955 3778; x_wconf 79' lang='lat' dir='ltr'>Christo</span> <span class='ocrx_word' id='word_1_1561' title='bbox 1977 3747 2102 3778; x_wconf 84' lang='lat' dir='ltr'>Patribus</span> <span class='ocrx_word' id='word_1_1562' title='bbox 2117 3771 2127 3787; x_wconf 81' lang='grc'>,</span> <span class='ocrx_word' id='word_1_1563' title='bbox 2150 3749 2275 3780; x_wconf 86' lang='lat' dir='ltr'>Arnaldo</span> 
     </span>
     <span class='ocr_line' id='line_1_195' title="bbox 1208 3785 2277 3829; baseline -0.006 -5"><span class='ocrx_word' id='word_1_1564' title='bbox 1208 3792 1352 3825; x_wconf 81' lang='lat' dir='ltr'>Sabine-rifi</span> <span class='ocrx_word' id='word_1_1565' title='bbox 1369 3792 1528 3829; x_wconf 89' lang='lat' dir='ltr'>Episcopo,</span> <span class='ocrx_word' id='word_1_1566' title='bbox 1548 3789 1672 3820; x_wconf 73' lang='lat' dir='ltr'>Aru-aldo</span> <span class='ocrx_word' id='word_1_1567' title='bbox 1688 3788 1799 3817; x_wconf 63' lang='lat' dir='ltr'>saneta:</span> <span class='ocrx_word' id='word_1_1568' title='bbox 1819 3785 1919 3816; x_wconf 70' lang='lat' dir='ltr'>Maria:</span> <span class='ocrx_word' id='word_1_1569' title='bbox 1933 3787 1963 3815; x_wconf 90' lang='lat' dir='ltr'>in</span> <span class='ocrx_word' id='word_1_1570' title='bbox 1974 3785 2106 3827; x_wconf 75' lang='lat' dir='ltr'>Porticu,</span> <span class='ocrx_word' id='word_1_1571' title='bbox 2125 3787 2277 3828; x_wconf 88' lang='lat' dir='ltr'>Raymun-</span> 
     </span>
     <span class='ocr_line' id='line_1_196' title="bbox 1207 3825 2276 3864; baseline -0.006 -1"><span class='ocrx_word' id='word_1_1572' title='bbox 1207 3832 1316 3863; x_wconf 90' lang='lat' dir='ltr'>mundo</span> <span class='ocrx_word' id='word_1_1573' title='bbox 1329 3830 1442 3861; x_wconf 67' lang='lat' dir='ltr'>Saneiae</span> <span class='ocrx_word' id='word_1_1574' title='bbox 1458 3829 1559 3859; x_wconf 66' lang='lat' dir='ltr'>Mariae</span> <span class='ocrx_word' id='word_1_1575' title='bbox 1574 3826 1690 3863; x_wconf 70' lang='lat' dir='ltr'>Novae,</span> <span class='ocrx_word' id='word_1_1576' title='bbox 1711 3828 1743 3855; x_wconf 84' lang='lat'>&amp;</span> <span class='ocrx_word' id='word_1_1577' title='bbox 1760 3825 1898 3855; x_wconf 83' lang='lat' dir='ltr'>Bemardo</span> <span class='ocrx_word' id='word_1_1578' title='bbox 1913 3825 2025 3855; x_wconf 67' lang='lat' dir='ltr'>Sancta:</span> <span class='ocrx_word' id='word_1_1579' title='bbox 2043 3826 2177 3864; x_wconf 83' lang='lat' dir='ltr'>Agatbae,</span> <span class='ocrx_word' id='word_1_1580' title='bbox 2204 3827 2276 3857; x_wconf 81' lang='lat' dir='ltr'>Dia-</span> 
     </span>
     <span class='ocr_line' id='line_1_197' title="bbox 1207 3863 2277 3904; baseline -0.007 -2"><span class='ocrx_word' id='word_1_1581' title='bbox 1207 3873 1288 3902; x_wconf 86' lang='lat' dir='ltr'>conis</span> <span class='ocrx_word' id='word_1_1582' title='bbox 1310 3867 1519 3904; x_wconf 85' lang='lat' dir='ltr'>Cardinalibus,</span> <span class='ocrx_word' id='word_1_1583' title='bbox 1537 3875 1667 3900; x_wconf 70' lang='lat' dir='ltr'>necnon,</span> <span class='ocrx_word' id='word_1_1584' title='bbox 1685 3864 1792 3893; x_wconf 80' lang='lat' dir='ltr'>dilectis</span> <span class='ocrx_word' id='word_1_1585' title='bbox 1815 3865 1847 3893; x_wconf 67' lang='grc' dir='ltr'>ὅ(</span> <span class='ocrx_word' id='word_1_1586' title='bbox 1870 3863 1995 3893; x_wconf 84' lang='lat' dir='ltr'>fidelibus</span> <span class='ocrx_word' id='word_1_1587' title='bbox 2016 3863 2133 3902; x_wconf 83' lang='lat' dir='ltr'>nostris,</span> <span class='ocrx_word' id='word_1_1588' title='bbox 2148 3864 2277 3895; x_wconf 88' lang='lat' dir='ltr'>Bertran-</span> 
     </span>
     <span class='ocr_line' id='line_1_198' title="bbox 1206 3901 2276 3940; baseline -0.005 -1"><span class='ocrx_word' id='word_1_1589' title='bbox 1206 3909 1245 3940; x_wconf 93' lang='lat' dir='ltr'>do</span> <span class='ocrx_word' id='word_1_1590' title='bbox 1257 3909 1293 3938; x_wconf 90' lang='lat' dir='ltr'>de</span> <span class='ocrx_word' id='word_1_1591' title='bbox 1308 3907 1391 3937; x_wconf 91' lang='lat' dir='ltr'>Guto</span> <span class='ocrx_word' id='word_1_1592' title='bbox 1404 3905 1583 3936; x_wconf 86' lang='lat' dir='ltr'>Vicecornite</span> <span class='ocrx_word' id='word_1_1593' title='bbox 1599 3903 1760 3933; x_wconf 69' lang='lat' dir='ltr'>Leomaiiiae</span> <span class='ocrx_word' id='word_1_1594' title='bbox 1773 3903 1805 3932; x_wconf 67' lang='grc' dir='ltr'>ὃς</span> <span class='ocrx_word' id='word_1_1595' title='bbox 1819 3901 1993 3939; x_wconf 84' lang='lat' dir='ltr'>Altivillaris,</span> <span class='ocrx_word' id='word_1_1596' title='bbox 2012 3902 2137 3933; x_wconf 86' lang='lat' dir='ltr'>Arnaldo</span> <span class='ocrx_word' id='word_1_1597' title='bbox 2159 3903 2276 3934; x_wconf 84' lang='lat' dir='ltr'>Bernar-</span> 
     </span>
     <span class='ocr_line' id='line_1_199' title="bbox 1205 3939 2277 3985; baseline -0.006 -7"><span class='ocrx_word' id='word_1_1598' title='bbox 1205 3948 1235 3978; x_wconf 93' lang='lat' dir='ltr'>di</span> <span class='ocrx_word' id='word_1_1599' title='bbox 1253 3948 1289 3977; x_wconf 91' lang='lat' dir='ltr'>de</span> <span class='ocrx_word' id='word_1_1600' title='bbox 1303 3945 1470 3985; x_wconf 69' lang='lat' dir='ltr'>Preyisaco,</span> <span class='ocrx_word' id='word_1_1601' title='bbox 1485 3942 1564 3972; x_wconf 49' lang='lat' dir='ltr'>disto</span> <span class='ocrx_word' id='word_1_1602' title='bbox 1580 3941 1719 3978; x_wconf 81' lang='lat' dir='ltr'>Soldano,</span> <span class='ocrx_word' id='word_1_1603' title='bbox 1740 3939 1870 3970; x_wconf 87' lang='lat' dir='ltr'>Domino</span> <span class='ocrx_word' id='word_1_1604' title='bbox 1889 3940 1926 3970; x_wconf 89' lang='lat' dir='ltr'>de</span> <span class='ocrx_word' id='word_1_1605' title='bbox 1942 3940 2066 3978; x_wconf 81' lang='lat' dir='ltr'>Sidona,</span> <span class='ocrx_word' id='word_1_1606' title='bbox 2082 3941 2115 3972; x_wconf 89' lang='lat'>&amp;</span> <span class='ocrx_word' id='word_1_1607' title='bbox 2125 3941 2277 3983; x_wconf 79' lang='lat' dir='ltr'>‘Raymun-</span> 
     </span>
     <span class='ocr_line' id='line_1_200' title="bbox 1207 3977 2057 4017; baseline -0.012 -1"><span class='ocrx_word' id='word_1_1608' title='bbox 1207 3986 1246 4017; x_wconf 93' lang='lat' dir='ltr'>do</span> <span class='ocrx_word' id='word_1_1609' title='bbox 1261 3984 1410 4015; x_wconf 89' lang='lat' dir='ltr'>Guilielmi</span> <span class='ocrx_word' id='word_1_1610' title='bbox 1426 3982 1558 4012; x_wconf 89' lang='lat' dir='ltr'>Domino</span> <span class='ocrx_word' id='word_1_1611' title='bbox 1571 3979 1608 4009; x_wconf 90' lang='lat' dir='ltr'>de</span> <span class='ocrx_word' id='word_1_1612' title='bbox 1623 3978 1746 4016; x_wconf 80' lang='lat' dir='ltr'>Budaro,</span> <span class='ocrx_word' id='word_1_1613' title='bbox 1770 3977 1926 4017; x_wconf 75' lang='lat' dir='ltr'>Militibus,</span> <span class='ocrx_word' id='word_1_1614' title='bbox 1943 3979 1977 4010; x_wconf 68' lang='grc' dir='ltr'>ὃς</span> <span class='ocrx_word' id='word_1_1615' title='bbox 1992 3979 2057 4009; x_wconf 80' lang='lat' dir='ltr'>aliis.</span> 
     </span>
    </p>

    <p class='ocr_par' dir='ltr' id='par_1_46' title="bbox 1245 4016 2273 4062">
     <span class='ocr_line' id='line_1_201' title="bbox 1245 4016 2273 4062; baseline -0.006 -8"><span class='ocrx_word' id='word_1_1616' title='bbox 1245 4023 1275 4056; x_wconf 91' lang='lat' dir='ltr'>Si</span> <span class='ocrx_word' id='word_1_1617' title='bbox 1293 4024 1341 4062; x_wconf 85' lang='lat' dir='ltr'>qui</span> <span class='ocrx_word' id='word_1_1618' title='bbox 1357 4023 1433 4059; x_wconf 80' lang='lat' dir='ltr'>sunt,</span> <span class='ocrx_word' id='word_1_1619' title='bbox 1448 4018 1560 4052; x_wconf 79' lang='lat' dir='ltr'>causam</span> <span class='ocrx_word' id='word_1_1620' title='bbox 1579 4018 1745 4051; x_wconf 79' lang='lat' dir='ltr'>habentibus</span> <span class='ocrx_word' id='word_1_1621' title='bbox 1758 4018 1787 4047; x_wconf 86' lang='lat' dir='ltr'>in</span> <span class='ocrx_word' id='word_1_1622' title='bbox 1809 4016 1934 4055; x_wconf 78' lang='lat' dir='ltr'>praesenti</span> <span class='ocrx_word' id='word_1_1623' title='bbox 1954 4019 1984 4050; x_wconf 81' lang='lat' dir='ltr'>in</span> <span class='ocrx_word' id='word_1_1624' title='bbox 2006 4016 2207 4057; x_wconf 79' lang='lat' dir='ltr'>obligatione,</span> <span class='ocrx_word' id='word_1_1625' title='bbox 2223 4027 2273 4055; x_wconf 84' lang='lat' dir='ltr'>per</span> 
     </span>
    </p>

    <p class='ocr_par' dir='ltr' id='par_1_47' title="bbox 2222 4064 2278 4085">
     <span class='ocr_line' id='line_1_202' title="bbox 2222 4064 2278 4085; baseline 0 0"><span class='ocrx_word' id='word_1_1626' title='bbox 2222 4064 2278 4085; x_wconf 77' lang='lat' dir='ltr'>nos</span> 
     </span>
    </p>
   </div>
   <div class='ocr_carea' id='block_1_21' title="bbox 1933 1614 2054 1620">
    <p class='ocr_par' dir='ltr' id='par_1_48' title="bbox 1933 1614 2054 1620">
     <span class='ocr_line' id='line_1_203' title="bbox 1933 1614 2054 1620; baseline 0 0"><span class='ocrx_word' id='word_1_1627' title='bbox 1933 1614 2054 1620; x_wconf 95' lang='lat' dir='ltr'> </span> 
     </span>
    </p>
   </div>
   <div class='ocr_carea' id='block_1_22' title="bbox 2066 1615 2180 1622">
    <p class='ocr_par' dir='ltr' id='par_1_49' title="bbox 2066 1615 2180 1622">
     <span class='ocr_line' id='line_1_204' title="bbox 2066 1615 2180 1622; baseline 0 2657"><span class='ocrx_word' id='word_1_1628' title='bbox 2066 1615 2180 1622; x_wconf 95' lang='lat' dir='ltr'> </span> 
     </span>
    </p>
   </div>
   <div class='ocr_carea' id='block_1_23' title="bbox 1319 1728 1446 1734">
    <p class='ocr_par' dir='ltr' id='par_1_50' title="bbox 1319 1728 1446 1734">
     <span class='ocr_line' id='line_1_205' title="bbox 1319 1728 1446 1734; baseline 0 0"><span class='ocrx_word' id='word_1_1629' title='bbox 1319 1728 1446 1734; x_wconf 95' lang='lat' dir='ltr'> </span> 
     </span>
    </p>
   </div>
   <div class='ocr_carea' id='block_1_24' title="bbox 1450 1728 1580 1735">
    <p class='ocr_par' dir='ltr' id='par_1_51' title="bbox 1450 1728 1580 1735">
     <span class='ocr_line' id='line_1_206' title="bbox 1450 1728 1580 1735; baseline 0 2544"><span class='ocrx_word' id='word_1_1630' title='bbox 1450 1728 1580 1735; x_wconf 95' lang='lat' dir='ltr'> </span> 
     </span>
    </p>
   </div>
   <div class='ocr_carea' id='block_1_25' title="bbox 1955 1922 2082 1928">
    <p class='ocr_par' dir='ltr' id='par_1_52' title="bbox 1955 1922 2082 1928">
     <span class='ocr_line' id='line_1_207' title="bbox 1955 1922 2082 1928; baseline 0 0"><span class='ocrx_word' id='word_1_1631' title='bbox 1955 1922 2082 1928; x_wconf 95' lang='lat' dir='ltr'> </span> 
     </span>
    </p>
   </div>
   <div class='ocr_carea' id='block_1_26' title="bbox 1695 2192 1846 2199">
    <p class='ocr_par' dir='ltr' id='par_1_53' title="bbox 1695 2192 1846 2199">
     <span class='ocr_line' id='line_1_208' title="bbox 1695 2192 1846 2199; baseline 0 2080"><span class='ocrx_word' id='word_1_1632' title='bbox 1695 2192 1846 2199; x_wconf 95' lang='lat' dir='ltr'> </span> 
     </span>
    </p>
   </div>
   <div class='ocr_carea' id='block_1_27' title="bbox 1853 2192 2006 2198">
    <p class='ocr_par' dir='ltr' id='par_1_54' title="bbox 1853 2192 2006 2198">
     <span class='ocr_line' id='line_1_209' title="bbox 1853 2192 2006 2198; baseline 0 0"><span class='ocrx_word' id='word_1_1633' title='bbox 1853 2192 2006 2198; x_wconf 95' lang='lat' dir='ltr'> </span> 
     </span>
    </p>
   </div>
   <div class='ocr_carea' id='block_1_28' title="bbox 1984 2230 2098 2236">
    <p class='ocr_par' dir='ltr' id='par_1_55' title="bbox 1984 2230 2098 2236">
     <span class='ocr_line' id='line_1_210' title="bbox 1984 2230 2098 2236; baseline 0 0"><span class='ocrx_word' id='word_1_1634' title='bbox 1984 2230 2098 2236; x_wconf 95' lang='lat' dir='ltr'> </span> 
     </span>
    </p>
   </div>
   <div class='ocr_carea' id='block_1_29' title="bbox 2109 2231 2235 2238">
    <p class='ocr_par' dir='ltr' id='par_1_56' title="bbox 2109 2231 2235 2238">
     <span class='ocr_line' id='line_1_211' title="bbox 2109 2231 2235 2238; baseline 0 2041"><span class='ocrx_word' id='word_1_1635' title='bbox 2109 2231 2235 2238; x_wconf 95' lang='lat' dir='ltr'> </span> 
     </span>
    </p>
   </div>
   <div class='ocr_carea' id='block_1_30' title="bbox 1417 2270 1526 2276">
    <p class='ocr_par' dir='ltr' id='par_1_57' title="bbox 1417 2270 1526 2276">
     <span class='ocr_line' id='line_1_212' title="bbox 1417 2270 1526 2276; baseline 0 0"><span class='ocrx_word' id='word_1_1636' title='bbox 1417 2270 1526 2276; x_wconf 95' lang='lat' dir='ltr'> </span> 
     </span>
    </p>
   </div>
   <div class='ocr_carea' id='block_1_31' title="bbox 1588 2269 1673 2274">
    <p class='ocr_par' dir='ltr' id='par_1_58' title="bbox 1588 2269 1673 2274">
     <span class='ocr_line' id='line_1_213' title="bbox 1588 2269 1673 2274; baseline 0 0"><span class='ocrx_word' id='word_1_1637' title='bbox 1588 2269 1673 2274; x_wconf 95' lang='lat' dir='ltr'> </span> 
     </span>
    </p>
   </div>
   <div class='ocr_carea' id='block_1_32' title="bbox 1676 2269 1757 2274">
    <p class='ocr_par' dir='ltr' id='par_1_59' title="bbox 1676 2269 1757 2274">
     <span class='ocr_line' id='line_1_214' title="bbox 1676 2269 1757 2274; baseline 0 0"><span class='ocrx_word' id='word_1_1638' title='bbox 1676 2269 1757 2274; x_wconf 95' lang='lat' dir='ltr'> </span> 
     </span>
    </p>
   </div>
   <div class='ocr_carea' id='block_1_33' title="bbox 1843 2269 1962 2274">
    <p class='ocr_par' dir='ltr' id='par_1_60' title="bbox 1843 2269 1962 2274">
     <span class='ocr_line' id='line_1_215' title="bbox 1843 2269 1962 2274; baseline 0 0"><span class='ocrx_word' id='word_1_1639' title='bbox 1843 2269 1962 2274; x_wconf 95' lang='lat' dir='ltr'> </span> 
     </span>
    </p>
   </div>
   <div class='ocr_carea' id='block_1_34' title="bbox 1486 2345 1639 2352">
    <p class='ocr_par' dir='ltr' id='par_1_61' title="bbox 1486 2345 1639 2352">
     <span class='ocr_line' id='line_1_216' title="bbox 1486 2345 1639 2352; baseline 0 1927"><span class='ocrx_word' id='word_1_1640' title='bbox 1486 2345 1639 2352; x_wconf 95' lang='lat' dir='ltr'> </span> 
     </span>
    </p>
   </div>
   <div class='ocr_carea' id='block_1_35' title="bbox 1362 2461 1445 2467">
    <p class='ocr_par' dir='ltr' id='par_1_62' title="bbox 1362 2461 1445 2467">
     <span class='ocr_line' id='line_1_217' title="bbox 1362 2461 1445 2467; baseline 0 0"><span class='ocrx_word' id='word_1_1641' title='bbox 1362 2461 1445 2467; x_wconf 95' lang='lat' dir='ltr'> </span> 
     </span>
    </p>
   </div>
   <div class='ocr_carea' id='block_1_36' title="bbox 1446 2461 1530 2467">
    <p class='ocr_par' dir='ltr' id='par_1_63' title="bbox 1446 2461 1530 2467">
     <span class='ocr_line' id='line_1_218' title="bbox 1446 2461 1530 2467; baseline 0 0"><span class='ocrx_word' id='word_1_1642' title='bbox 1446 2461 1530 2467; x_wconf 95' lang='lat' dir='ltr'> </span> 
     </span>
    </p>
   </div>
   <div class='ocr_carea' id='block_1_37' title="bbox 1758 2460 1843 2466">
    <p class='ocr_par' dir='ltr' id='par_1_64' title="bbox 1758 2460 1843 2466">
     <span class='ocr_line' id='line_1_219' title="bbox 1758 2460 1843 2466; baseline 0 0"><span class='ocrx_word' id='word_1_1643' title='bbox 1758 2460 1843 2466; x_wconf 95' lang='lat' dir='ltr'> </span> 
     </span>
    </p>
   </div>
   <div class='ocr_carea' id='block_1_38' title="bbox 1897 2654 2001 2658">
    <p class='ocr_par' dir='ltr' id='par_1_65' title="bbox 1897 2654 2001 2658">
     <span class='ocr_line' id='line_1_220' title="bbox 1897 2654 2001 2658; baseline 0 0"><span class='ocrx_word' id='word_1_1644' title='bbox 1897 2654 2001 2658; x_wconf 95' lang='lat' dir='ltr'> </span> 
     </span>
    </p>
   </div>
   <div class='ocr_carea' id='block_1_39' title="bbox 1983 2885 2066 2891">
    <p class='ocr_par' dir='ltr' id='par_1_66' title="bbox 1983 2885 2066 2891">
     <span class='ocr_line' id='line_1_221' title="bbox 1983 2885 2066 2891; baseline 0 0"><span class='ocrx_word' id='word_1_1645' title='bbox 1983 2885 2066 2891; x_wconf 95' lang='lat' dir='ltr'> </span> 
     </span>
    </p>
   </div>
   <div class='ocr_carea' id='block_1_40' title="bbox 2073 2886 2196 2892">
    <p class='ocr_par' dir='ltr' id='par_1_67' title="bbox 2073 2886 2196 2892">
     <span class='ocr_line' id='line_1_222' title="bbox 2073 2886 2196 2892; baseline 0 0"><span class='ocrx_word' id='word_1_1646' title='bbox 2073 2886 2196 2892; x_wconf 95' lang='lat' dir='ltr'> </span> 
     </span>
    </p>
   </div>
   <div class='ocr_carea' id='block_1_41' title="bbox 2201 2885 2287 2893">
    <p class='ocr_par' dir='ltr' id='par_1_68' title="bbox 2201 2885 2287 2893">
     <span class='ocr_line' id='line_1_223' title="bbox 2201 2885 2287 2893; baseline 0 1386"><span class='ocrx_word' id='word_1_1647' title='bbox 2201 2885 2287 2893; x_wconf 95' lang='lat' dir='ltr'> </span> 
     </span>
    </p>
   </div>
   <div class='ocr_carea' id='block_1_42' title="bbox 1380 2923 1501 2928">
    <p class='ocr_par' dir='ltr' id='par_1_69' title="bbox 1380 2923 1501 2928">
     <span class='ocr_line' id='line_1_224' title="bbox 1380 2923 1501 2928; baseline 0 0"><span class='ocrx_word' id='word_1_1648' title='bbox 1380 2923 1501 2928; x_wconf 95' lang='lat' dir='ltr'> </span> 
     </span>
    </p>
   </div>
   <div class='ocr_carea' id='block_1_43' title="bbox 1229 2924 1369 2930">
    <p class='ocr_par' dir='ltr' id='par_1_70' title="bbox 1229 2924 1369 2930">
     <span class='ocr_line' id='line_1_225' title="bbox 1229 2924 1369 2930; baseline 0 0"><span class='ocrx_word' id='word_1_1649' title='bbox 1229 2924 1369 2930; x_wconf 95' lang='lat' dir='ltr'> </span> 
     </span>
    </p>
   </div>
   <div class='ocr_carea' id='block_1_44' title="bbox 1572 255 2406 328">
    <p class='ocr_par' dir='ltr' id='par_1_71' title="bbox 1572 255 2406 328">
     <span class='ocr_line' id='line_1_226' title="bbox 1572 255 2398 327; baseline 0.007 -44"><span class='ocrx_word' id='word_1_1650' title='bbox 1572 265 1602 284; x_wconf 85' lang='lat' dir='ltr'>in</span> <span class='ocrx_word' id='word_1_1651' title='bbox 1616 255 1806 288; x_wconf 84' lang='lat' dir='ltr'>testimonium</span> <span class='ocrx_word' id='word_1_1652' title='bbox 1821 257 2044 296; x_wconf 78' lang='lat' dir='ltr'>praemissorum,</span> <span class='ocrx_word' id='word_1_1653' title='bbox 2062 257 2088 288; x_wconf 88' lang='lat' dir='ltr'>se</span> <span class='ocrx_word' id='word_1_1654' title='bbox 2101 257 2273 297; x_wconf 71' lang='lat' dir='ltr'>subscripsit,</span> <span class='ocrx_word' id='word_1_1655' title='bbox 2313 270 2398 327; x_wconf 47' lang='lat'>2317.</span> 
     </span>
     <span class='ocr_line' id='line_1_227' title="bbox 2290 304 2406 328; baseline 0.009 -2"><span class='ocrx_word' id='word_1_1656' title='bbox 2290 304 2311 326; x_wconf 79' lang='lat' dir='ltr'><em>E</em></span> <span class='ocrx_word' id='word_1_1657' title='bbox 2330 311 2358 328; x_wconf 82' lang='lat' dir='ltr'>v.</span> <span class='ocrx_word' id='word_1_1658' title='bbox 2379 310 2406 327; x_wconf 88' lang='lat'>2.</span> 
     </span>
    </p>
   </div>
   <div class='ocr_carea' id='block_1_45' title="bbox 2323 2642 2407 2717">
    <p class='ocr_par' dir='ltr' id='par_1_72' title="bbox 2323 2642 2407 2717">
     <span class='ocr_line' id='line_1_228' title="bbox 2323 2642 2407 2673; baseline 0.024 -2"><span class='ocrx_word' id='word_1_1659' title='bbox 2323 2642 2407 2673; x_wconf 70' lang='lat' dir='ltr'>*HL</span> 
     </span>
     <span class='ocr_line' id='line_1_229' title="bbox 2333 2683 2398 2717; baseline 0.046 -9"><span class='ocrx_word' id='word_1_1660' title='bbox 2333 2683 2398 2717; x_wconf 74' lang='lat'>629,</span> 
     </span>
    </p>
   </div>
  </div>
 </body>
</html>
