2562 4279
759 246 866 290 ET
950 244 1216 290 ACTA
1300 242 1782 288 PUBLICA.

42 337 120 371 Ann.
134 336 176 368 D.
190 338 295 377 strum,
313 336 542 376 Primogeriitum
557 334 627 365 dieti
643 332 748 375 Regis,
769 336 802 366 &
812 335 988 375 Johannam,
1007 335 1106 365 Filiam
1121 333 1247 364 nostram

61 377 146 417 1346-
193 377 377 414 carissimam,
396 375 610 411 contrahendis,
982 412 985 414 Ι
1196 411 1200 416 ,

41 420 107 444 ξαν.
128 425 153 452 3.
227 417 272 447 Ac
285 415 366 453 super
379 413 475 451 Dote,
493 413 526 443 &
541 411 698 450 Dotaliti0,
715 413 748 442 &
770 411 954 450 Donatione,
970 418 1085 450 propter
1109 411 1248 449 Nuptias,

188 455 222 486 &
237 454 313 485 Arris
329 455 358 483 in
374 452 426 482 hac
442 459 518 489 parte
530 449 750 487 constituendis,

227 492 266 523 Et
279 492 315 522 de
327 491 472 521 Terminis
489 489 658 525 Solutionis,
676 489 754 525 super
768 488 826 518 hoc
842 488 976 518 faciendae
984 510 993 526 ,
1012 497 1061 525 per
1075 487 1166 518 distos
1175 486 1248 517 Tra-

188 532 310 563 &atores
322 529 381 567 jam
398 529 549 558 nominatis
562 551 572 566 ,
590 527 622 557 &
637 526 771 564 praefixis,

227 567 266 600 Et
280 570 363 599 etiam
377 566 414 596 de
428 575 558 603 tempore
570 575 628 603 quo
642 564 716 594 dicta
725 564 857 603 Johanna
871 564 963 594 versus
987 573 1074 601 partes
1096 563 1230 600 Ii‘pannoe
1240 586 1249 600 ,

190 609 224 640 &
238 606 272 637 ad
288 615 374 644 quem
389 605 504 642 locum,
523 614 571 641 per
586 613 638 634 nos
649 603 861 641 transmittatur,
880 604 912 634 ὃς
927 603 1043 641 qualiter
1066 604 1093 632 in
1114 603 1249 632 Domum

188 646 260 676 dicti
276 644 365 683 Regis
380 642 488 673 traduci
503 642 621 679 debeat,

229 683 268 714 Et
281 693 346 721 quae
361 681 397 712 sic
411 681 523 712 trastata
538 681 570 711 ὃς
586 678 718 710 concessa
730 678 859 717 fuerunt,
879 687 1057 718 quacumque
1071 679 1199 709 firmitate
1206 677 1253 708 fir-

227 721 332 752 andum

194 732 374 798 mNosqu22‚
393 759 426 790 &
442 757 638 793 Successores,
656 766 689 786 ac
703 754 840 786 Haeredes
859 755 986 793 nostros,
1005 757 1037 786 &
1060 756 1157 786 omnia
1175 755 1253 785 bona

196 798 292 830 nostra
315 799 349 828 &
371 796 553 834 nostrorum,
572 796 630 825 tam
651 794 847 824 Mercatorum
863 817 872 831 ,
889 796 974 832 quarn
993 795 1112 824 aliorum
1126 818 1136 832 ,
1156 793 1254 831 Regni

196 837 306 875 nostri,
324 837 500 872 ubicumque
516 834 633 863 inveniri
647 831 765 869 possint,
785 832 819 862 ad
833 833 1057 864 observationem
1074 834 1207 862 omnium
1219 833 1253 863 &

197 877 371 911 singulorum
387 872 615 912 praemifforum,
632 870 748 900 firmiter
762 871 966 909 obligandum,

236 915 274 945 Et
296 914 374 951 super
395 913 446 942 hiis
467 912 495 940 in
520 909 654 939 Animam
676 909 818 947 nostram,
837 910 870 939 &
895 920 947 947 pro
962 910 1061 947 nobis,
1079 916 1214 946 quantum
1227 909 1256 939 in

197 954 280 983 nobis
296 952 354 990 est,
372 951 405 981 &
419 948 454 979 ad
468 947 551 986 Nos,
570 948 603 979 δε
619 947 770 984 Heredes,
789 948 821 978 ὃς
839 947 1018 978 Successores
1040 949 1152 977 nostros
1173 949 1256 984 perti-

198 1001 263 1029 net,
279 992 312 1021 &
324 990 462 1027 pertinere
475 987 575 1024 poterit
592 987 622 1015 in
642 988 783 1024 futurum,
802 987 1042 1023 promittendum,
1061 987 1093 1016 8:
1114 985 1148 1016 ad
1167 986 1258 1016 sanet-a

198 1030 256 1061 Dei
278 1026 429 1064 Evangelia
443 1024 601 1062 jurandum
617 1047 626 1062 ,
644 1033 758 1062 tenere,
775 1025 939 1063 observare,
956 1027 990 1056 &
1016 1025 1182 1063 complere,
1202 1025 1258 1055 sine

201 1067 371 1098 infraCtione
384 1073 583 1101 quacumque,

239 1105 277 1136 Et
292 1103 493 1139 Securitatem,
513 1111 577 1139 quae
598 1101 682 1131 nobis
702 1101 731 1130 in
750 1101 803 1131 hac
824 1110 901 1139 parte
922 1099 981 1132 fieri
991 1101 1107 1140 debeat,
1128 1099 1259 1142 stipulan-

202 1144 275 1175 dum
288 1143 322 1174 &
336 1140 528 1178 recipiendum
538 1164 547 1178 ,

243 1181 281 1212 Et
296 1181 395 1211 omnia
406 1180 457 1209 alia
470 1179 503 1209 &
516 1177 618 1217 singula
630 1177 809 1216 faciendum,
828 1187 892 1216 quae
911 1180 938 1208 in
954 1177 1113 1217 praemiss‘iS,
1131 1179 1165 1209 δε
1187 1180 1263 1209 circa

204 1231 254 1258 ea,
273 1217 423 1249 necess'aria
442 1217 563 1254 fuerint,
580 1216 626 1246 seu
647 1217 730 1245 etiarn
750 1225 908 1255 oportuna,
927 1217 959 1247 ὅ(
981 1226 1044 1254 quae
1066 1217 1135 1247 Nos
1157 1217 1263 1247 facere-

206 1269 287 1295 mus,
305 1259 337 1289 &
350 1256 444 1286 facere
456 1254 616 1292 possemus,
634 1254 654 1284 si
666 1254 842 1291 personaliter
856 1255 1002 1293 praesentes
1017 1254 1051 1285 ad
1066 1256 1109 1285 illa
1122 1255 1262 1294 agendum

205 1297 378 1332 adessemuS,
394 1295 477 1324 etiam
493 1293 512 1323 si
527 1293 589 1323 talia
603 1294 654 1323 sint
670 1302 735 1330 quae
751 1292 914 1323 mandarum
929 1294 1038 1332 exigant
1052 1293 1183 1332 speciale,

244 1335 315 1365 Rata
328 1334 462 1364 habentes
473 1333 506 1363 &
523 1331 610 1361 Grata
620 1353 629 1368 ,
645 1331 677 1360 ὃς
691 1333 830 1370 perpetuo
846 1332 981 1368 habituri,
998 1333 1095 1361 omnia
1110 1333 1142 1362 ὃς
1164 1331 1266 1371 lingula

207 1384 272 1412 quse
288 1375 319 1403 in
333 1373 366 1403 ὃς
380 1371 458 1409 super
473 1368 636 1407 praemissis,
657 1371 691 1400 &
706 1379 737 1399 ea
749 1371 939 1408 tangentibus,
960 1380 1007 1407 per
1019 1370 1112 1400 dic‘tos
1127 1370 1268 1401 Procura-

208 1421 283 1443 tores
297 1410 424 1446 nostros,
443 1417 490 1439 aut
512 1408 667 1446 quemlibet
689 1416 723 1437 ex
744 1409 799 1446 eiS,
818 1408 982 1446 Ratificata,
1002 1408 1158 1447 Promissa,
1173 1409 1269 1447 jurata

210 1452 243 1483 &
257 1451 376 1480 Firmata
388 1448 491 1478 fuerint
499 1468 509 1484 ,

249 1489 326 1526 Ipsos
335 1487 535 1517 Procuratores
549 1484 725 1515 &Nuncios
741 1484 852 1515 nostros
866 1485 893 1515 in
912 1485 945 1515 &
960 1484 1039 1522 super
1052 1482 1196 1522 praemissis
1205 1495 1271 1516 om-

209 1528 293 1558 nibus
307 1527 340 1557 &
356 1524 485 1561 singulis,
503 1525 536 1554 ὃς
551 1524 606 1561 ipsa
619 1524 811 1562 tangentibus,
830 1524 954 1562 expresse
972 1523 1123 1554 relevantes
1138 1523 1173 1553 ab
1187 1526 1269 1554 omni

209 1576 297 1597 onere
310 1562 478 1598 Satisdandi3
499 1563 557 1592 aliis
574 1560 732 1598 Mandatis,
752 1562 797 1591 seu
820 1560 1043 1600 Procuratoriis,
1060 1561 1178 1600 nostris,
1197 1563 1272 1600 pritis

211 1605 290 1636 saetis
305 1604 333 1632 in
349 1603 403 1632 hac
420 1609 512 1638 parte,
531 1601 561 1629 in
574 1600 624 1630 suo
639 1600 838 1630 nichilominus
855 1600 958 1630 robore
970 1599 1117 1630 duraturis.

251 1642 289 1672 Et
309 1641 371 1670 haec
392 1640 488 1670 omnia
510 1637 648 1677 praemiffa
664 1637 850 1675 significamus
864 1639 997 1668 omnibus
1011 1640 1043 1669 ὃς
1057 1639 1181 1678 {ingnli5,
1201 1649 1274 1677 quo-

213 1691 277 1711 rum
292 1678 419 1714 interest,
439 1685 485 1708 aut
497 1677 695 1715 intererit,per
710 1676 855 1713 praesentes
870 1676 976 1706 Literas
985 1698 995 1714 ,
1011 1676 1099 1714 sigilli
1112 1676 1203 1708 nostri
1211 1687 1275 1708 mu-

211 1720 339 1756 nimine,
355 1718 385 1747 in
398 1715 612 1746 Praemifforum
628 1714 728 1745 Fidem
743 1715 777 1746 ὃς
793 1714 1027 1754 Testimonium,
1046 1716 1197 1747 roboratas.

2282 257 2361 299 195*

1329 332 1493 362 Amicitiam
1508 333 1627 363 vestram
1645 342 1844 372 praeexpertam
1860 339 1991 369 rogantes
2006 333 2134 363 attentius
2149 331 2350 373 quatenus,ip=-
2364 331 2438 361 Anti.
2450 328 2490 369 D.

1291 370 1350 407 sos,
1370 372 1401 400 &
1416 381 1517 400 eorum
1533 373 1706 410 quemlibet,
1725 373 1841 410 Qem,
1861 372 1906 401 vel
1920 372 2020 409 Qum,
2038 371 2071 401 ad
2090 381 2141 401 vos
2162 373 2258 401 venire
2276 381 2348 401 conr²
2385 372 2467 408 1346,

1292 410 1399 447 tigerit,
1417 409 1446 438 in
1462 409 1513 439 hac
1531 419 1607 446 parte
1620 409 1866 440 recommendatos
1887 410 2019 439 habentes
2054 409 2278 440 Benivolentiam
2298 420 2348 439 ve·
2362 409 2458 445 Σάιν-3.

1293 447 1395 483 stram,
1411 447 1438 476 in
1458 448 1636 478 inchoatione
1658 449 1727 478 dieti
1747 446 1900 478 Tractatfis
1922 432 2111 484 multipiiciter
2134 447 2349 486 praeostensam,

1292 486 1320 514 in
1333 485 1414 522 ipsius
1429 485 1603 516 Executione
1616 484 1688 516 finali
1704 487 1870 516 continuare
1884 485 1989 523 velitis,
2003 495 2034 515 ut
2049 485 2155 522 praefati
2168 485 2278 516 Nuncii
2294 492 2349 515 no⁶

1294 523 1358 560 stri,
1377 523 1511 553 Consiliis
1532 525 1565 554 &
1590 524 1707 555 AuxIliis
1729 523 1824 554 vestris
1844 524 1983 554 consuetis
2004 524 2270 561 intervenientibus,
2287 523 2349 554 felia

1294 561 1355 591 citis
1368 561 1487 599 expediti
1503 562 1536 591 ad
1550 571 1602 593 nos
1614 562 1703 592 redire
1716 562 1822 594 valeant
1836 562 1893 592 fine
1907 561 1999 592 mora.

1332 599 1400 630 Dat.
1415 608 1446 630 ut
1461 599 1549 637 supra.

1398 674 1543 715 Confimdts
1559 679 1659 706 Litora
1674 675 1749 715 mffl
1764 674 1892 714 Johanni
1906 675 2019 716 Afinfi
2032 677 2064 706 de
2079 675 2243 717 Alberqerk.

1477 799 1583 831 Litera
1601 797 1686 844 missit
1704 796 1857 845 Magtstro
1880 798 2009 832 Geraldo
2026 797 2062 831 de
2077 797 2177 833 Pedio.

1298 881 1429 937 REX,
1447 881 1552 913 dileCm
1567 882 1688 929 &fideli
1701 883 1749 913 suo
1759 906 1769 921 ,
1790 881 1930 923 Magistro
1945 882 2071 914 Geraldo
2086 884 2121 914 de
2135 882 2246 923 Podio,
2260 881 2357 922 Judici
2376 884 2453 918 Ann.
2464 880 2507 915 D.

1373 921 1472 951 nostro
1487 921 1634 951 Vascomae
1669 922 1801 952 Salutem.
2397 925 2482 964 1346.

1338 957 1388 988 De
1408 958 1562 998 Diligentia
1585 960 1618 989 &
1639 944 1799 990 Laboribus
1819 959 1932 998 vestris,
1950 959 2024 991 circa
2037 959 2265 997 prosecutionem
2278 959 2354 991 Tra-
2370 969 2422 992 An.
2439 972 2485 990 20.

1300 994 1414 1034 Status,
1431 999 1501 1027 inter
1522 997 1695 1027 cariffimum
1718 996 1966 1037 Consanguineum
1988 998 2117 1028 nostrum
2132 1022 2141 1036 ,
2161 999 2273 1038 Regem
2295 998 2356 1028 Ca-
2374 1007 2404 1030 Ε.
2427 1006 2453 1038 3.

1303 1033 1387 1065 stellae
1401 1035 1556 1073 Illustrem,
1577 1037 1611 1066 δε
1625 1046 1676 1066 vos
1690 1036 1724 1066 &
1738 1036 1806 1066 alios
1825 1036 1960 1066 Nuncios
1978 1036 2091 1066 nostros
2112 1036 2218 1075 habiti,
2235 1036 2357 1074 vigilan*
2379 1041 2485 1068 ibidem.

1303 1082 1345 1102 ter
1361 1073 1488 1104 adhibitis
1503 1074 1550 1111 (de
1563 1075 1664 1111 quibus
1677 1073 1784 1104 nedum
1819 1084 1848 1104 er
1863 1074 1969 1105 Literas
1985 1075 2105 1113 vestras,
2123 1076 2205 1105 nobis
2220 1075 2360 1106 transmis-

1302 1111 1358 1149 saS,
1377 1112 1421 1142 sed
1442 1121 1476 1142 ex
1497 1112 1583 1142 relatu
1597 1135 1606 1150 ,
1625 1111 1733 1142 Clerici
1754 1114 1806 1142 noi
1821 1113 1843 1142 ri
1858 1136 1868 1150 ,
1887 1112 2016 1152 Magistri
2037 1113 2160 1143 Andreae
2179 1112 2216 1142 de
2236 1112 2364 1151 Offord,

1303 1150 1388 1187 plene
1403 1151 1486 1180 nobis
1499 1150 1634 1186 innotuit)
1652 1150 1734 1180 vobis
1747 1149 1849 1180 scimus
1863 1159 1951 1190 grates
1965 1151 2071 1190 bonas,
2089 1152 2122 1182 &
2135 1151 2316 1182 Prudentiam
2328 1159 2362 1182 ac

1305 1187 1517 1219 Discretionem
1529 1189 1631 1220 vestras
1645 1189 1751 1219 merito
1766 1188 2020 1219 commendamus:

1342 1226 1404 1256 Vos
1426 1228 1532 1257 attente
1552 1234 1680 1266 rogantes
1700 1235 1835 1265 quatenus
1847 1236 1933 1265 curn,
1951 1237 2009 1265 prae
2024 1229 2148 1266 caeteris,
2165 1227 2202 1258 de
2215 1224 2320 1259 meritis
2335 1236 2365 1258 e-

1301 1264 1411 1303 jusdem
1426 1265 1577 1295 Tradiatus
1592 1265 1720 1295 notitiam
1736 1264 1858 1295 habeatis
1871 1265 2050 1304 pleniorum,
2067 1266 2112 1305 id,
2128 1266 2206 1304 quod
2221 1267 2276 1296 una
2295 1275 2366 1296 cum

1307 1303 1364 1333 aliis
1386 1302 1514 1333 Nunciis
1531 1302 1650 1341 nostris,
1668 1303 1751 1333 vobis
1774 1303 1910 1334 ad'undtis
1923 1328 1933 1341 ,
1951 1303 2102 1341 prudenter
2121 1304 2290 1342 inchoastis,
2305 1313 2368 1343 gra·

1308 1342 1380 1372 tiose
1402 1343 1599 1372 consummare
1620 1341 1727 1380 velitis;
1745 1341 1779 1372 &
1829 1342 1946 1372 aborem
1964 1341 2043 1380 super
2065 1343 2123 1372 hoc
2146 1342 2179 1372 ad
2195 1342 2368 1380 praesentiam

1310 1380 1417 1416 praefati
1439 1379 1527 1419 Regis
1547 1378 1716 1417 accedendi,
1734 1380 1767 1410 &
1783 1378 1929 1410 Contenta
1949 1381 1978 1410 in
2000 1378 2079 1410 dicto
2101 1380 2237 1411 Tractatu
2249 1381 2369 1411 nomine

1311 1417 1409 1448 nostro
1422 1417 1551 1448 firmandi
1566 1418 1656 1455 (super
1669 1427 1728 1456 quo
1741 1418 1913 1448 Potestatem
1934 1416 2122 1448 sufficientem
2140 1419 2224 1449 vobis
2242 1418 2370 1449 transmi-

1312 1456 1406 1500 simus)
1428 1457 1512 1486 omni
1530 1456 1705 1487 excusatione
1724 1455 1900 1495 postposita,
1919 1457 1937 1477 ²*
1958 1456 2050 1487 adhuc
2073 1457 2163 1487 subire
2188 1457 2310 1487 minime
2330 1466 2374 1487 re-
2391 1459 2522 1494 ⁸'V.5oi,

1314 1504 1419 1524 nuatis:

1353 1532 1412 1562 Pro
1428 1532 1511 1562 vobis
1527 1533 1604 1563 enim
1618 1531 1752 1563 Domino
1767 1532 1890 1563 Summo
1905 1532 2038 1564 Pontifici
2052 1532 2160 1564 Literas
2180 1532 2287 1564 nostras
2306 1531 2374 1563 diri-

1314 1572 1406 1610 gimus
1421 1571 1565 1609 speciales,
1582 1571 1679 1601 Latori
1694 1570 1888 1609 praesentium,
1905 1571 2067 1602 Willielmo
2079 1571 2115 1601 de
2136 1571 2285 1609 Ludford,
2304 1569 2374 1601 Cle-

1315 1611 1375 1677 rilco
1389 1609 1506 1677 gostro,
1523 1609 1638 1641 credere
1652 1609 1743 1641 velitis
1757 1610 1785 1640 in
1801 1610 1868 1648 hiis,
1885 1619 1950 1648 quae
1973 1611 2054 1642 vobis
2073 1618 2106 1640 ex
2128 1619 2205 1648 parte
2218 1608 2314 1641 nostrii
2327 1617 2376 1640 ex-

1316 1657 1388 1685 pica
1412 1656 1439 1677 lt.

1392 1685 1460 1716 Dat.
1475 1685 1605 1724 utsupra.

253 1794 321 1825 Dat.
344 1794 373 1823 in
393 1792 501 1823 Palatio
520 1791 621 1822 nostro
640 1790 807 1821 Westmon.
827 1790 943 1821 decimo
964 1791 1084 1831 septimo
1097 1790 1143 1822 die
1160 1790 1275 1831 Martii,

217 1843 293 1863 anno
309 1855 318 1870 ,
337 1832 395 1862 &c-
421 1833 454 1862 &
469 1853 478 1868 ,
493 1830 647 1861 secundum
670 1839 784 1859 morem
807 1829 1000 1866 Anglicanum
1017 1853 1027 1869 ,
1053 1841 1129 1861 anno
1151 1830 1276 1862 Domini

1629 1824 1677 1858 De
1692 1826 1899 1857 Matrimonio
1916 1823 2075 1857 antediffo.

219 1871 384 1908 Milesimo,
404 1869 648 1906 Trescentesimo,
668 1867 890 1907 Qadragelimo
905 1870 1015 1906 quinto.

1321 1923 1324 1925 ’
1616 1911 1723 1943 Lirera
1744 1909 1829 1957 missa
1856 1912 1931 1957 Regi
1956 1907 2091 1952 Castellm

509 1995 603 2038 Super
628 1994 833 2025 Matrimonia
851 1990 998 2037 pradifffo.
1322 1995 1541 2058 MAgssifiCO.
1556 1994 1701 2040 Principi,
1719 1995 1855 2040 Domitio
1876 1994 2014 2040 Alfonso,
2032 1994 2092 2025 Dei
2115 1994 2219 2034 gratia,
2238 1992 2386 2041 Casteliae,
2403 1992 2529 2027 ΛΜΗ).

1358 2075 1362 2080 ·
1404 2035 1704 2080 ..LegioniQToletn
1722 2034 1880 2072 Galleciae,
1901 2034 2026 2078 fibulae,
2051 2031 2215 2101 Corqubffi,
2239 2033 2385 2078 Murciae,
2424 2034 2510 2074 1346.

1322 2074 1410 2143 §3553
1413 2084 1439 2149 ζ’
1444 2073 1739 2156 ἂὲἕῗζὲὲ“ὠῃῖἱ’ῗ’ἕέ
1741 2072 1925 2149 ᾗὲᾗῐπῖξὲζ’
1933 2070 2070 2141 ἒῇυἳέιῖ
2067 2079 2139 2149 fas?
2141 2072 2268 2143 2033?
2270 2073 2386 2151 {1302}
2400 2077 2518 2148 ’ἵζω

1322 2150 1490 2182 successibus
1505 2150 1624 2189 gloriari.
1838 2188 1843 2194 ⁸
1867 2188 1873 2194 .
1989 2188 1995 2194 .
2038 2188 2044 2194 .
2219 2188 2224 2194 .
2269 2189 2275 2194 .
2400 2150 2538 2186 clausac-

1361 2188 1520 2221 Revertens
1533 2187 1566 2219 ad
1582 2187 1669 2226 Nos,
1687 2187 1887 2256 cumdplacidis
1901 2186 2058 2219 Serenitatis
2070 2185 2172 2218 vestrae
2189 2186 2307 2226 Literis,
2319 2187 2390 2219 Cle·
2404 2193 2435 2217 Ε.
2445 2197 2470 2226 3.
2478 2194 2502 2224 p.
2514 2195 2536 2214 ¹-

1325 2228 1399 2298 {icus
1420 2227 1534 2265 noster,
1553 2226 1688 2266 Magister
1710 2226 1758 2257 An
1779 2236 1838 2258 reas
1856 2226 1893 2257 de
1915 2225 2044 2266 Oflbrd,
2057 2225 2131 2265 Juris
2153 2224 2254 2258 Civilis
2274 2226 2391 2258 Profes-
2406 2237 2443 2257 m·
2463 2225 2539 2261 wls

1338 2276 1372 2298 or
1389 2289 1399 2304 ‚

474 2081 582 2114 Litera
603 2079 687 2125 miffiz
711 2079 858 2112 Elianorae
882 2079 1027 2124 Gus'man.

73 2169 206 2204 AnnD.
248 2167 251 2169 ’
293 2169 533 2200 LARISSIMA
554 2163 757 2204 Douma,

103 2211 190 2249 ¹346·
323 2202 430 2249 Literas
451 2205 555 2236 vestras
576 2205 722 2243 gratiosas,
739 2214 806 2242 quas
823 2209 890 2243 per,
907 2204 1046 2249 dilcdturri
1064 2205 1212 2237 Clericum
1228 2216 1282 2236 no-

73 2255 126 2278 An.
145 2259 191 2277 20.
226 2246 330 2283 strum,
350 2243 521 2282 Magistrum
538 2244 681 2274 Andream
695 2244 731 2274 de
743 2243 947 2282 Offord,Jur1s
960 2243 1059 2274 Civilis
1074 2244 1281 2283 Profeliorem,

74 2293 108 2316 Β.
127 2298 153 2324 3.

74 2327 211 2363 Clausam

75 2369 210 2400 E.3.p.1.

75 2413 113 2430 m.
131 2403 210 2438 ¹5³1·

77 2515 97 2535 '⁸
109 2519 214 2551 V.500.

96 3357 173 3387 Ann.
188 3352 229 3384 D.

125 3393 211 3433 1346.

95 3437 148 3461 An.
166 3442 214 3464 20.

96 3477 125 3499 F..
148 3481 174 3507 3.

97 3509 203 3538 Ibidem.

226 2285 277 2323 ad,
296 2281 514 2315 qustriffimum
534 2280 714 2320 Principem,
734 2281 847 2320 Regem
869 2282 1015 2320 Castellae,
1032 2281 1282 2322 Consanguineum

228 2323 358 2354 nostrum
383 2320 556 2352 carissimum
593 2322 648 2351 una
670 2331 739 2352 cum
757 2321 815 2350 aliis
836 2320 872 2351 N
875 2322 964 2351 unciis
987 2320 1103 2360 nostris,
1123 2331 1211 2359 nuper
1234 2331 1284 2359 per

228 2372 281 2393 nos
295 2359 499 2398 transmiffurn,
517 2344 653 2390 desiimre
669 2358 782 2389 curastis
818 2359 883 2390 laete
904 2360 1079 2398 recepimus,
1097 2361 1131 2391 ὃς
1153 2369 1287 2391 contenta

228 2403 259 2432 in
271 2400 374 2431 eisdem
386 2399 472 2438 pleno
486 2399 669 2436 concepimus
683 2397 778 2428 intelle
810 2407 843 2428 u:

265 2439 315 2470 De
326 2437 481 2469 affectione
498 2436 614 2476 magna,
629 2436 686 2474 qua
699 2446 764 2474 erga
780 2436 926 2473 personam
941 2436 1085 2475 nostram,
1097 2437 1130 2467 &
1145 2437 1287 2469 honorem

226 2478 373 2515 nostrum,
390 2475 554 2512 afficimini,
573 2477 606 2507 ὃς
618 2475 762 2506 ἀίξὶοωῐη
777 2471 965 2505 Nunciorum
982 2475 1163 2512 Receptione
1177 2476 1288 2507 &Per-

229 2518 394 2547 tractatione
408 2514 532 2552 Curiali,
549 2524 582 2544 ac
598 2513 634 2544 de
646 2513 774 2545 instantia
790 2513 881 2544 vestra
900 2513 1035 2551 sollicita,
1053 2515 1086 2545 &
1107 2514 1249 2553 diligentia
1268 2516 1287 2535 ²*

229 2554 380 2590 indefessa,
400 2562 467 2590 erga
479 2553 587 2583 dietum
602 2552 735 2591 Regem,
753 2552 832 2589 super
849 2552 1003 2590 Tractatu,
1020 2553 1091 2582 inter
1112 2550 1291 2583 Commissa-

230 2595 286 2623 rios
300 2593 382 2630 ipsius
397 2593 430 2621 ὃς
445 2592 557 2621 nostros
570 2591 684 2629 habito,
702 2590 881 2631 procurando
893 2600 1032 2630 gratanter
1046 2590 1189 2630 adhibitis,
1198 2601 1290 2629 grates

230 2632 315 2663 vobis
328 2629 473 2659 referimus
488 2629 643 2668 viscerales,

269 2668 460 2699 Nobilitatem
467 2666 591 2696 vestram
604 2669 733 2698 attentius
747 2675 891 2698 exorantes
906 2676 1039 2706 quatenus
1053 2666 1236 2699 affectionem
1243 2678 1293 2699 ve-

232 2708 318 2739 stram
334 2706 469 2736 sinceram
484 2715 548 2744 erga
562 2715 614 2735 nos
627 2707 806 2742 continuare,
824 2707 858 2737 &
873 2705 1009 2736 Nuncios
1031 2706 1158 2744 nostros,
1176 2706 1293 2737 Latores

232 2745 410 2785 praesentium
424 2746 432 2775 <
437 2752 508 2780 quos
522 2753 574 2780 pro
587 2742 729 2772 firmandis
743 2745 771 2773 in
786 2744 865 2774 dicto
872 2745 1009 2775 ‘fractam
1024 2746 1164 2775 contentis
1178 2745 1211 2775 ad
1221 2755 1295 2783 prae-

234 2784 348 2815 sentiam
362 2780 469 2819 praefati
486 2781 575 2817 Regis
588 2780 768 2820 praevidimus
784 2782 1021 2819 transmittendos)
1037 2784 1208 2821 benignitate
1222 2793 1295 2813 con-

234 2821 309 2853 sueta
331 2819 578 2850 recommendatos
599 2819 715 2855 habere,
734 2819 768 2848 &
789 2817 892 2848 eisdem
914 2819 1031 2849 Auxiliis
1048 2822 1081 2850 ὃς
1097 2819 1253 2859 Instantiis,
1274 2821 1294 2851 si

237 2861 345 2899 placet,
359 2856 481 2888 affistere
501 2856 606 2893 velitis,
626 2865 657 2887 ut
677 2866 725 2893 per
748 2866 801 2887 vos
823 2856 941 2887 feliciter
963 2855 1098 2889 Inchoata
1113 2858 1214 2890 Finem
1228 2869 1297 2890 cum

238 2899 378 2930 celeritate
393 2895 481 2925 sortiri
495 2895 603 2925 valeant
617 2901 812 2932 peroptatum,
1240 2932 1243 2933 V

277 2937 402 2967 Scientes
421 2943 473 2970 pro
495 2932 634 2963 constanti
655 2932 735 2971 quod
756 2934 842 2972 parati
865 2934 980 2972 erimus,
1003 2944 1088 2974 prout
1104 2935 1208 2966 merito
1228 2935 1298 2967 fate-

241 2985 305 3006 mur
326 2983 378 3003 nos
396 2971 540 3010 astrictos,
554 2971 588 3001 ad
612 2971 773 3002 faciendum
795 2981 826 3001 ea
848 2981 912 3010 quae
932 2973 1014 3004 vobis
1035 2976 1068 3005 ὅς
1084 2973 1181 3005 vestris
1196 2975 1299 3006 fuerint

263 3013 384 3044 lacitura.

243 3025 261 3052 p
281 3048 432 3081 Placuisset
445 3049 565 3080 multum
581 3049 680 3087 nobis,
689 3047 768 3086 quod
784 3057 874 3079 unum
888 3047 925 3080 de
939 3049 962 3080 F
963 3049 1012 3081 iliis
1029 3049 1126 3082 vestris
1140 3051 1222 3082 nobis
1230 3050 1300 3082 No-

242 3091 331 3120 bilitas
344 3087 433 3119 vestra
446 3087 632 3118 transmittere
646 3086 820 3117 decrevisset.

282 3128 351 3158 Dat.
363 3127 392 3157 in
406 3125 513 3157 Palatio
527 3125 627 3157 nostro
643 3125 769 3157 Westm.
783 3125 900 3157 decimo
915 3125 1034 3165 septimo
1046 3126 1092 3158 die
1105 3126 1213 3158 Martii.
1247 3150 1249 3152 .

386 3254 492 3285 Litera
508 3251 593 3297 miffa
608 3249 750 3298 Johanni
768 3249 909 3299 Stephani
931 3250 967 3285 de
986 3249 1166 3296 Castellanis.

251 3338 386 3395 REX,
409 3337 515 3368 Nobili
538 3335 610 3366 Viro
624 3336 771 3374 ,Johanni
794 3337 929 3376 Stephani
951 3337 987 3368 de
1009 3337 1174 3369 Castellanis
1197 3336 1302 3377 Militi,

328 3377 416 3416 Regis
437 3375 567 3406 Castellae
590 3374 703 3405 illustris
723 3375 919 3415 Cancellario,
937 3376 1045 3408 Amico
1058 3377 1107 3408 suo
1122 3377 1303 3416 praedilec‘to,

249 3413 372 3447 Salutem
386 3415 418 3446 &
433 3414 546 3444 sincerae
561 3412 731 3443 Dilectionis
744 3412 890 3444 affectum.

288 3454 413 3485 Rediens
428 3452 461 3482 ad
475 3462 544 3489 nos,
563 3451 680 3481 dilectus
692 3451 821 3483 Clericus
834 3452 944 3490 noster,
964 3451 1106 3490 Magister
1123 3453 1248 3484 Andreas
1268 3453 1304 3483 de

248 3492 376 3531 Offord,
391 3491 466 3530 Juris
480 3489 579 3520 Civilis
593 3489 736 3520 Professor
751 3490 798 3526 (ad
813 3490 996 3520 Serenitatem
1009 3492 1077 3521 dieti
1092 3492 1199 3529 Regis,
1222 3491 1306 3522 Con-

247 3531 389 3568 sanguinei
403 3528 492 3559 nostri
505 3527 634 3558 carissimi
644 3552 653 3563 ,
671 3538 723 3566 pro
738 3528 876 3559 Tractatu
892 3528 1069 3559 Matrimonii
1079 3531 1168 3567 ‚inter
1182 3530 1306 3568 ejusdem

248 3570 336 3608 Regis
359 3567 586 3604 primogenitum
601 3590 610 3604 ,
635 3567 667 3597 ὃς
686 3566 846 3603 johannam
869 3566 966 3596 Filiam
989 3567 1114 3597 nostram
1136 3567 1305 3598 carissimam

250 3606 448 3643 contrahendi,
467 3615 555 3642 nuper
569 3604 747 3641 transmissus)
764 3605 880 3642 qualiter
901 3605 1006 3643 ipsum,
1026 3606 1059 3635 &
1082 3606 1149 3636 alios
1170 3606 1307 3637 Nuncios

248 3646 360 3676 nostros
375 3645 470 3674 secum
485 3643 645 3681 adjunctos,
666 3643 695 3671 in
710 3643 906 3680 prosecutione
920 3643 988 3674 dicti
1012 3642 1184 3682 Tractatfis,
1201 3643 1306 3674 Consi-

248 3685 290 3715 liis
304 3684 400 3715 vestris
413 3684 446 3713 &
463 3681 579 3712 Auxiliis
596 3680 758 3711 efficacibus
781 3681 931 3718 specialiter
951 3682 1102 3719 direxistis,
1121 3684 1154 3713 &
1174 3682 1305 3713 affectio-

250 3733 286 3754 ne
300 3722 376 3762 grata
389 3721 482 3750 multis
498 3720 653 3749 honoribus
673 3719 858 3758 praevenistis,
877 3721 976 3758 nobis,
994 3720 1132 3757 praemissa
1153 3730 1308 3750 commen—

250 3762 365 3791 datione
380 3759 546 3796 multiplici,
566 3757 674 3794 plenius
689 3756 822 3787 insinuare
836 3760 961 3795 curavit,
980 3768 1032 3796 pro
1045 3760 1147 3796 quibus
1165 3760 1247 3789 vobis
1262 3770 1307 3789 re-

250 3800 365 3830 ferimus
378 3798 477 3828 intime
492 3805 580 3836 grates
595 3796 710 3838 multas,
729 3797 814 3833 parati
831 3797 873 3833 (ut
887 3798 1027 3834 tenemur)
1045 3798 1128 3827 vobis
1140 3806 1245 3837 gratam
1267 3798 1308 3828 fa-

243 3847 316 3869 .cere
332 3847 384 3875 pro
398 3845 526 3874 tempore
538 3837 718 3871 repenllvam.

289 3875 456 3911 Caeterum,
475 3874 508 3902 ad
519 3872 694 3902 firmandum
720 3872 748 3901 in
770 3871 850 3902 dic'to
873 3872 1011 3903 TraCtatu
1033 3881 1183 3911 contenta,
1202 3873 1308 3904 Fideles

252 3913 384 3951 nostros,
403 3911 600 3943 Venerabilem
621 3910 750 3948 Patrem,
769 3910 886 3941 Petrum
908 3910 1082 3949 Episcopum
1104 3909 1217 3942 Baionae
1231 3934 1240 3950 ,
1259 3913 1310 3951 &,

255 3951 430 3990 Religiosum
447 3950 565 3986 Virum,
584 3948 617 3978 P.
630 3948 774 3978 Abbatem
798 3949 909 3979 Sanctae
930 3949 1032 3979 Crucis
1051 3949 1240 3988 Burdegaliae,
1257 3960 1310 3989 ac,

254 3989 387 4019 discretos
410 3989 511 4027 Viros,
529 3986 702 4024 Magistros,
721 3986 878 4017 Geraldum
899 3986 934 4018 de
955 3987 1066 4025 Podio,
1087 3987 1234 4018 Sacristam
1252 3988 1310 4019 Ec-

257 4027 347 4057 clesiae
370 4025 591 4065 Burdegalensis,
608 4024 799 4055 willielmum
821 4025 858 4055 de
878 4025 1008 4056 Ludford
1021 4050 1031 4063 ,
1049 4026 1232 4057 Canonicum
1253 4026 1311 4057 Ec—

255 4065 345 4095 clesiae
360 4064 581 4101 Londonienfis,
600 4074 633 4094 ac
648 4063 805 4094 Ricardum
819 4063 854 4093 de
867 4063 987 4102 Saliam,
1001 4064 1074 4102 Juris
1086 4066 1224 4102 peritum,
1241 4065 1312 4095 Pro-

256 4111 395 4133 curatores
411 4102 540 4139 nostros,
559 4101 752 4138 coniunctim,
771 4103 803 4132 &
825 4102 953 4139 divisim,
970 4102 1142 4133 constitutos
1155 4125 1165 4141 ,
1184 4102 1218 4132 ad
1239 4113 1312 4142 pra:-

259 4141 373 4210 senTtiam
382 4140 486 4208 {fossti
498 4138 627 4207 {Dpomini
640 4140 723 4173 vestri
739 4140 828 4179 Regis
844 4139 973 4172 duximus
986 4141 1229 4178 transmittendos,

316 4190 366 4209 om.
421 4200 426 4208 .
472 4200 479 4208 0
540 4200 548 4208 ·

1365 2304 1412 2336 Ad
1425 2303 1604 2335 Celfitudinis
1618 2303 1719 2335 vestrae
1733 2303 1924 2343 praesentiam,
1941 2302 1976 2334 ad
1990 2301 2161 2334 firmandum
2181 2304 2216 2335 &
2238 2310 2309 2336 com
2330 2304 2394 2335 len-

1327 2343 1398 2375 dum
1433 2353 1487 2381 pro
1507 2351 1584 2381 parte
1604 2342 1718 2382 nostra,
1736 2353 1768 2373 ea
1792 2352 1856 2381 quae
1877 2342 1958 2380 super
1971 2341 2179 2379 Matrimonio,
2197 2343 2286 2382 inter,
2321 2343 2393 2374 ncli-

1327 2391 1390 2413 tum
1420 2382 1562 2420 nfantem,
1582 2381 1686 2412 Filium
1696 2380 1822 2411 vestrum
1836 2380 2084 2418 Primogenitum,
2101 2380 2134 2411 &
2146 2378 2326 2419 johannam,
2345 2381 2393 2412 Fi-

1328 2421 1396 2451 liam
1410 2421 1535 2451 nostram
1549 2419 1736 2458 cariffimam,
1753 2418 1964 2457 contrahendo,
1982 2428 2015 2448 ac
2032 2418 2112 2456 super
2124 2417 2224 2458 Dore,
2243 2420 2276 2451 &
2299 2419 2394 2450 Dota-

1329 2459 1390 2490 litio
1403 2482 1413 2497 ,
1437 2460 1471 2489 &
1490 2459 1566 2488 Arris
1589 2459 1618 2488 in
1641 2459 1692 2488 hac
1714 2467 1790 2496 parte
1810 2457 2032 2494 constituendis,
2056 2467 2105 2494 per
2124 2455 2260 2488 Nuncios
2279 2457 2395 2489 nostros

1330 2499 1437 2538 priores
1452 2497 1605 2534 praelocuta
1617 2496 1651 2527 ὃς
1667 2495 1838 2526 concordata
1852 2495 1976 2532 fuerant,
1992 2504 2082 2532 nuper
2097 2491 2280 2533 transmissus,

1369 2535 1634 2567 Commendatione
1660 2534 1765 2572 magna
1789 2533 1925 2572 praemissa
1952 2533 1988 2564 de
2014 2533 2091 2572 grata
2122 2533 2202 2570 ipsius
2221 2535 2255 2565 &
2275 2534 2396 2565 aliorum

1333 2574 1522 2605 Nunciorum
1543 2573 1706 2603 nostrorum
1728 2573 1778 2603 sibi
1801 2572 2026 2610 conjunctorum
2045 2570 2241 2610 Receptione,
2259 2573 2292 2604 &
2304 2572 2397 2603 Exau-

1333 2613 1441 2643 ditione
1456 2611 1593 2651 benigna,
1611 2621 1644 2642 ac
1656 2610 1822 2642 Affectione
1834 2610 1956 2648 intensa,
1974 2618 2059 2647 quam
2083 2608 2294 2649 Benivolentia,
2313 2611 2398 2642 vobis

1334 2653 1444 2689 innata,
1462 2659 1524 2689 erga
1538 2650 1691 2680 Personam
1703 2649 1831 2679 nostram
1846 2657 1942 2687 gerere
1955 2657 2014 2678 non
2027 2647 2147 2685 desistit,

1373 2689 1432 2720 Pro
1475 2690 1573 2726 uibus,
1589 2697 1704 2719 necnon
1725 2688 1760 2718 &
1780 2687 1937 2717 honoribus
1957 2685 2062 2716 eisdem
2086 2685 2211 2716 Nunciis
2225 2685 2327 2716 nostris
2341 2686 2398 2718 im·

1336 2728 1443 2767 pensis,
1454 2699 1643 2757 {xcellentiae
1655 2725 1756 2758 vestrae
1772 2733 1861 2764 grates
1876 2723 2188 2767 referimuscordiales,
2215 2758 2218 2760 v

1378 2765 1507 2804 Qaliter
1517 2788 1526 2803 ,
1542 2766 1575 2796 &
1596 2765 1646 2795 sub
1668 2765 1769 2803 quibus
1794 2762 1888 2793 forma
1902 2764 1935 2794 ὃς
1950 2761 2057 2799 modis,
2075 2762 2194 2799 praefato
2208 2761 2401 2794 Matrimonio

1339 2804 1534 2835 contrahendo
1547 2803 1683 2834 Serenitas
1697 2801 1788 2834 vestra
1801 2801 1966 2832 consensum
1981 2799 2125 2839 adhibuit,
2144 2799 2211 2832 viva
2222 2810 2298 2832 voce
2316 2801 2402 2832 nobis

1338 2843 1461 2873 seriosius
1483 2842 1640 2879 intimavit,

1376 2880 1604 2917 Traitatumque
1618 2880 1690 2910 inter
1697 2901 1708 2918 ,

1378 2917 1579 2949 Venerabilem
1595 2916 1708 2947 Patrem
1718 2940 1729 2956 ,
1747 2916 1910 2947 Dominum
1924 2914 2057 2956 Egidium
2069 2912 2322 2954 Archiepiscopum
2335 2914 2405 2947 Τοέ

1341 2956 1530 2994 letanensem,
1548 2957 1581 2987 &
1597 2956 1747 2987 Alfonsum
1759 2955 1898 2985 Fernandi
1911 2954 2039 2985 Coronel
2050 2977 2059 2992 ,
2077 2963 2109 2984 ac
2133 2954 2310 2985 Fernandum
2332 2954 2404 2985 San·—

1342 2996 1399 3025 chii
1420 2995 1456 3025 de
1477 2993 1626 3024 Valleoleti
1639 3014 1648 3032 ,
1676 2993 1822 3032 Majorem
1842 2993 1942 3030 Regni
1960 2992 2046 3025 vestri
2066 2990 2197 3023 Castellae
2219 2992 2378 3024 Notarium
2392 3014 2404 3030 ‚

1344 3033 1467 3069 Milites,
1483 3043 1534 3071 pro
1548 3042 1623 3070 parte
1637 3031 1744 3070 vestra,

1381 3072 1434 3110 Et,
1453 3071 1630 3110 Religiosum
1643 3071 1761 3108 Virum,
1781 3069 1900 3101 Petrum
1913 3068 1950 3100 de
1964 3068 2112 3107 Servieto,
2130 3064 2274 3099 Abbatem
2294 3064 2404 3098 Mona-

1344 3110 1420 3141 sterii
1436 3109 1547 3140 Sanetae
1562 3108 1665 3140 Crucis
1678 3108 1864 3147 Burdegaliae,
1881 3117 1931 3146 ac,
1951 3106 2118 3146 Magistros,
2140 3106 2282 3136 Andream
2297 3107 2334 3137 de
2345 3105 2404 3138 Of-

1344 3148 1428 3186 ford,
1441 3147 1514 3186 Juris
1530 3146 1628 3178 Civilis
1642 3147 1833 3177 Profefforem
1847 3146 2052 3183 supradiftum,
2069 3154 2103 3174 ac
2118 3143 2275 3175 Geraldum
2288 3145 2324 3175 de
2344 3144 2404 3175 Po-

1344 3187 1410 3226 dio,
1428 3185 1576 3217 Sacristam
1597 3184 1732 3216 Ecclesiae
1754 3183 1974 3224 Burdegalensis,
1987 3183 2122 3222 Judicem
2143 3182 2272 3214 nostrum
2297 3182 2406 3218 Vasco÷

1344 3227 1400 3257 niae
1409 3248 1418 3263 ,
1437 3235 1489 3262 pro
1502 3232 1577 3262 parte
1588 3223 1702 3262 nostra,

1381 3263 1577 3301 Tractatores,
1595 3261 1645 3292 sub
1659 3260 1736 3292 certa
1751 3258 1844 3292 forma
1858 3259 1886 3291 in
1902 3257 1953 3290 hac
1967 3268 2043 3298 parte
2056 3260 2158 3303 mutuo
2173 3260 2336 3297 deputatos,

1383 3301 1541 3340 Habitum,
1559 3302 1587 3331 in
1601 3301 1705 3338 scriptis
1717 3300 1879 3336 redacSmm,
1898 3299 1931 3330 ὃς
1944 3298 2046 3336 Sigillis
2062 3297 2186 3336 ipsorum
2199 3297 2405 3329 Traeiatorum

1347 3340 1545 3378 conjunfflm,
1563 3340 1619 3370 una
1632 3348 1700 3369 cum
1715 3338 1837 3376 quadam
1852 3333 1979 3375 Cedula,

1383 3379 1518 3409 Formam
1540 3378 1681 3415 cujusdam
1703 3375 1910 3414 Procuratorii,
1928 3385 1977 3412 per
1998 3373 2166 3404 Concilium
2187 3373 2313 3403 vestrum
2333 3383 2408 3404 con-2

1346 3418 1437 3456 cepti,
1455 3416 1619 3446 nominibus
1632 3416 1749 3454 propriis
1762 3415 1885 3452 ipsorum
1907 3413 2111 3458 :hastatorum
2134 3412 2304 3450 subscriptis,
2322 3412 2410 3443 vobis

1346 3457 1416 3524 inera
1429 3463 1540 3522 tempius
1553 3453 1702 3522 limitatum
1716 3451 1932 3491 transmittendi,
1950 3459 2133 3489 continente,

1420 3494 1483 3523 obis
1517 3501 1562 3523 etu
1574 3493 1609 3523 it:

1385 3530 1474 3570 Cujus
1494 3539 1593 3562 tenore
1615 3527 1761 3569 diligenter
1779 3528 1920 3567 inspetftm
1937 3528 2003 3558 licet
2028 3525 2180 3565 nonnulla,
2198 3523 2226 3556 in
2242 3525 2322 3557 dicto
2333 3526 2409 3556 Tm-

1348 3571 1423 3601 &atu
1439 3570 1551 3607 inserta,
1569 3567 1720 3607 praesertim
1736 3577 1794 3606 quo
1809 3567 1844 3597 ad
1859 3564 2015 3596 Terminos
2030 3565 2200 3602 Solution'ts,
2215 3566 2332 3595 nomine
2340 3563 2408 3595 Do-

1348 3610 1381 3639 tis
1399 3607 1551 3646 faciendae,
1568 3608 1666 3636 breves
1680 3605 1802 3635 nimium
1816 3605 1849 3635 &
1863 3604 1976 3634 festinos
1991 3604 2110 3641 (attentis
2130 3602 2320 3640 Expensarum
2339 3612 2409 3640 pro-

1348 3647 1440 3677 fluviis
1464 3655 1531 3684 quas
1553 3646 1582 3675 in
1605 3643 1721 3674 Guerris
1741 3642 1841 3673 nostris
1849 3643 1908 3680 jam
1922 3639 2092 3679 effudimus,
2110 3640 2143 3671 &
2159 3641 2245 3670 indies
2259 3640 2409 3670 effundere

1347 3695 1400 3714 nos
1413 3684 1569 3721 oportebit)
1586 3681 1828 3720 quamplurimum
1844 3680 1923 3710 nobis
1936 3679 2052 3710 onerosa
2074 3678 2235 3716 videantur,
2254 3680 2292 3708 ne
2313 3686 2408 3709 tamen

1349 3723 1493 3753 Amicitiae
1511 3721 1646 3758 Foedera,
1665 3720 1736 3750 inter
1758 3718 1844 3757 Nos,
1863 3720 1896 3750 &
1916 3716 2116 3757 progenitores
2137 3716 2249 3747 nostros
2265 3725 2316 3747 -ac
2340 3716 2409 3747 Do-

1350 3771 1414 3790 mos
1435 3760 1540 3790 nostras
1564 3758 1681 3797 Regias,
1699 3758 1832 3788 haetenus
1853 3758 2032 3794 continuata,
2050 3763 2230 3793 rumpantur,
2247 3739 2287 3785 set
2301 3763 2331 3785 ut
2347 3754 2410 3798 for-

1349 3800 1427 3829 tioris
1444 3797 1532 3828 nexus
1544 3795 1567 3826 F
1570 3796 1685 3826 uniculo
1698 3795 1869 3834 solidentur,
1886 3795 2027 3825 contentis
2042 3795 2072 3823 in
2093 3793 2197 3824 eodem
2218 3793 2356 3824 Tractatu
2379 3802 2409 3822 in

1351 3837 1487 3866 omnibus
1503 3836 1691 3866 consentimus
1703 3858 1713 3871 ,
2179 3868 2185 3875 .

1388 3874 1496 3912 Parati,
1515 3880 1654 3911 quantum
1675 3873 1708 3902 ad
1729 3880 1781 3902 nos
1802 3871 1917 3909 attinet,
1934 3870 1988 3908 ipsa
2009 3866 2125 3914 fideliter
2141 3868 2310 3914 adimplere,
2331 3869 2409 3906 Qae

1351 3923 1403 3945 vos
1417 3923 1470 3950 pro
1486 3920 1562 3950 parte
1577 3909 1669 3941 vestra
1681 3911 1804 3940 similiter
1820 3911 2013 3946 completuros
2027 3909 2147 3938 minime
2159 3907 2351 3938 formidamus.

1390 3951 1436 3980 Ad
1453 3949 1590 3988 praemissa
1605 3959 1674 3978 vero
1688 3949 1784 3980 omnia
1797 3948 1830 3978 &
1845 3947 1964 3984 simula,
1982 3955 2016 3977 ex
2031 3954 2109 3984 parte
2125 3945 2240 3984 nostra,
2253 3946 2329 3982 juxta
2351 3942 2413 3972 for<

1353 3999 1429 4021 mam
1445 3988 1515 4019 dieti
1529 3985 1699 4024 Tractatcis,
1714 3986 1864 4023 firmanda,
1883 3970 1978 4015 fideles
1992 3984 2121 4022 nostros,
2138 3982 2337 4025 Venerabilem
2358 3980 2411 4010 Pa-

1352 4037 1445 4065 trem,
1469 4026 1585 4056 Petrum
1604 4023 1778 4063 Episcopum
1799 4024 1929 4060 Baionae,
1952 4023 2004 4060 &,
2022 4020 2338 4063 Religiosurnyrrum,
2356 4017 2412 4062 Pe-

1353 4075 1427 4096 trum
1441 4065 1477 4095 de
1489 4064 1634 4100 Servieto,
1654 4062 1797 4093 Abbatem
1813 4061 1924 4092 Sanctae
1943 4059 2046 4091 Crucis
2066 4059 2256 4102 Burdegaliae,
2275 4066 2324 4094 ac,
2345 4055 2413 4086 Dis-

1353 4113 1446 4134 cretos
1463 4102 1563 4140 Viros,
1584 4100 1752 4140 Magistros,
1769 4098 1926 4130 Geraldum
1938 4100 1975 4129 de
1989 4098 2101 4135 Podio,
2116 4095 2263 4140 Sacristam
2280 4093 2415 4125 Ecclesiae

1356 4140 1576 4180 Burdegalensis‚
1594 4138 1725 4178 Judicem
1748 4138 1879 4208 ηοίὶὲιέω
1899 4133 2067 4174 vasconiae,
2084 4133 2274 4167 willielmum
2295 4131 2331 4163 de
2353 4127 2416 4200 Ῑᾶἓ-

1870 4185 1888 4206 2
2404 4185 2418 4193 η
