<?xml version="1.0" encoding="UTF-8"?>
<!DOCTYPE html PUBLIC "-//W3C//DTD XHTML 1.0 Transitional//EN"
    "http://www.w3.org/TR/xhtml1/DTD/xhtml1-transitional.dtd">
<html xmlns="http://www.w3.org/1999/xhtml" xml:lang="en" lang="en">
 <head>
  <title>
</title>
<meta http-equiv="Content-Type" content="text/html;charset=utf-8" />
  <meta name='ocr-system' content='tesseract 3.04.00' />
  <meta name='ocr-capabilities' content='ocr_page ocr_carea ocr_par ocr_line ocrx_word'/>
</head>
<body>
  <div class='ocr_page' id='page_1' title='image "./fderaconventione02ryme/fderaconventione02ryme_0561.png"; bbox 0 0 2562 4279; ppageno 0'>
   <div class='ocr_carea' id='block_1_1' title="bbox 696 152 1156 196">
    <p class='ocr_par' dir='ltr' id='par_1_1' title="bbox 696 152 1156 196">
     <span class='ocr_line' id='line_1_1' title="bbox 696 152 1156 196; baseline -0.009 0"><span class='ocrx_word' id='word_1_1' title='bbox 696 154 806 196; x_wconf 88' lang='lat' dir='ltr'>ET</span> <span class='ocrx_word' id='word_1_2' title='bbox 889 152 1156 195; x_wconf 87' lang='lat' dir='ltr'>ACTA</span> 
     </span>
    </p>
   </div>
   <div class='ocr_carea' id='block_1_2' title="bbox 0 238 1238 3123">
    <p class='ocr_par' dir='ltr' id='par_1_2' title="bbox 0 238 1194 475">
     <span class='ocr_line' id='line_1_2' title="bbox 0 238 1193 282; baseline -0.007 -5"><span class='ocrx_word' id='word_1_3' title='bbox 0 247 122 282; x_wconf 82' lang='lat' dir='ltr'>Ann.D.</span> <span class='ocrx_word' id='word_1_4' title='bbox 140 243 187 274; x_wconf 85' lang='lat' dir='ltr'>stri</span> <span class='ocrx_word' id='word_1_5' title='bbox 201 241 305 282; x_wconf 86' lang='lat' dir='ltr'>Regis,</span> <span class='ocrx_word' id='word_1_6' title='bbox 323 242 357 274; x_wconf 73' lang='grc' dir='ltr'>δε</span> <span class='ocrx_word' id='word_1_7' title='bbox 373 241 484 281; x_wconf 88' lang='lat' dir='ltr'>Ducis,</span> <span class='ocrx_word' id='word_1_8' title='bbox 502 240 620 280; x_wconf 84' lang='lat' dir='ltr'>Cussae,</span> <span class='ocrx_word' id='word_1_9' title='bbox 636 240 682 272; x_wconf 90' lang='lat' dir='ltr'>seu</span> <span class='ocrx_word' id='word_1_10' title='bbox 694 240 860 279; x_wconf 86' lang='lat' dir='ltr'>Cudendae,</span> <span class='ocrx_word' id='word_1_11' title='bbox 878 240 1032 271; x_wconf 83' lang='lat' dir='ltr'>inDucatu</span> <span class='ocrx_word' id='word_1_12' title='bbox 1044 238 1193 278; x_wconf 70' lang='lat' dir='ltr'>praedi&amp;0‚</span> 
     </span>
     <span class='ocr_line' id='line_1_3' title="bbox 15 278 1191 327; baseline -0.004 -15"><span class='ocrx_word' id='word_1_13' title='bbox 15 295 98 327; x_wconf 72' lang='lat'>1334.</span> <span class='ocrx_word' id='word_1_14' title='bbox 141 281 222 313; x_wconf 89' lang='lat' dir='ltr'>simul</span> <span class='ocrx_word' id='word_1_15' title='bbox 242 291 310 311; x_wconf 89' lang='lat' dir='ltr'>cum</span> <span class='ocrx_word' id='word_1_16' title='bbox 330 281 444 312; x_wconf 81' lang='lat' dir='ltr'><strong>Decem</strong></span> <span class='ocrx_word' id='word_1_17' title='bbox 464 280 584 312; x_wconf 84' lang='lat' dir='ltr'>Milibus</span> <span class='ocrx_word' id='word_1_18' title='bbox 604 281 753 311; x_wconf 87' lang='lat' dir='ltr'>Librarum</span> <span class='ocrx_word' id='word_1_19' title='bbox 767 279 996 318; x_wconf 86' lang='lat' dir='ltr'>Turonensium,</span> <span class='ocrx_word' id='word_1_20' title='bbox 1013 278 1049 309; x_wconf 90' lang='lat' dir='ltr'>de</span> <span class='ocrx_word' id='word_1_21' title='bbox 1062 287 1191 315; x_wconf 83' lang='lat' dir='ltr'>tempore</span> 
     </span>
     <span class='ocr_line' id='line_1_4' title="bbox 0 317 1193 362; baseline -0.01 -6"><span class='ocrx_word' id='word_1_22' title='bbox 0 332 61 356; x_wconf 71' lang='grc' dir='ltr'>Εαν.</span> <span class='ocrx_word' id='word_1_23' title='bbox 82 335 108 362; x_wconf 86' lang='lat'>3.</span> <span class='ocrx_word' id='word_1_24' title='bbox 139 320 385 351; x_wconf 81' lang='lat' dir='ltr'>Praedecefforum</span> <span class='ocrx_word' id='word_1_25' title='bbox 399 321 530 358; x_wconf 83' lang='lat' dir='ltr'>suorum,</span> <span class='ocrx_word' id='word_1_26' title='bbox 547 330 596 357; x_wconf 88' lang='lat' dir='ltr'>per</span> <span class='ocrx_word' id='word_1_27' title='bbox 609 318 734 349; x_wconf 91' lang='lat' dir='ltr'>Novem</span> <span class='ocrx_word' id='word_1_28' title='bbox 748 317 849 348; x_wconf 89' lang='lat' dir='ltr'>Annos</span> <span class='ocrx_word' id='word_1_29' title='bbox 863 319 1031 355; x_wconf 86' lang='lat' dir='ltr'>continuos,</span> <span class='ocrx_word' id='word_1_30' title='bbox 1048 326 1112 346; x_wconf 90' lang='lat' dir='ltr'>ante</span> <span class='ocrx_word' id='word_1_31' title='bbox 1120 325 1193 345; x_wconf 89' lang='lat' dir='ltr'>con-</span> 
     </span>
     <span class='ocr_line' id='line_1_5' title="bbox 140 356 1193 396; baseline -0.006 -7"><span class='ocrx_word' id='word_1_32' title='bbox 140 359 297 389; x_wconf 67' lang='lat' dir='ltr'>fectionem</span> <span class='ocrx_word' id='word_1_33' title='bbox 311 360 450 396; x_wconf 79' lang='lat' dir='ltr'>praeientis</span> <span class='ocrx_word' id='word_1_34' title='bbox 467 357 512 389; x_wconf 88' lang='lat' dir='ltr'>IN</span> <span class='ocrx_word' id='word_1_35' title='bbox 520 367 541 387; x_wconf 88' lang='lat' dir='ltr'>D</span> <span class='ocrx_word' id='word_1_36' title='bbox 549 367 568 388; x_wconf 77' lang='grc' dir='ltr'>Ε</span> <span class='ocrx_word' id='word_1_37' title='bbox 578 366 600 387; x_wconf 99' lang='lat' dir='ltr'>N</span> <span class='ocrx_word' id='word_1_38' title='bbox 610 366 633 387; x_wconf 74' lang='lat' dir='ltr'>’r</span> <span class='ocrx_word' id='word_1_39' title='bbox 642 366 665 387; x_wconf 84' lang='grc' dir='ltr'>υ</span> <span class='ocrx_word' id='word_1_40' title='bbox 676 366 699 387; x_wconf 84' lang='lat' dir='ltr'>R</span> <span class='ocrx_word' id='word_1_41' title='bbox 710 365 741 387; x_wconf 72' lang='grc' dir='ltr'>ΑΞ.</span> <span class='ocrx_word' id='word_1_42' title='bbox 760 356 910 387; x_wconf 69' lang='lat' dir='ltr'>transa&amp;os</span> <span class='ocrx_word' id='word_1_43' title='bbox 916 379 926 394; x_wconf 91' lang='lat'>,</span> <span class='ocrx_word' id='word_1_44' title='bbox 945 356 981 386; x_wconf 87' lang='lat' dir='ltr'>de</span> <span class='ocrx_word' id='word_1_45' title='bbox 987 356 1112 385; x_wconf 85' lang='lat' dir='ltr'>Exitibus</span> <span class='ocrx_word' id='word_1_46' title='bbox 1121 363 1193 392; x_wconf 88' lang='lat' dir='ltr'>prae-</span> 
     </span>
     <span class='ocr_line' id='line_1_6' title="bbox 142 393 1194 435; baseline -0.006 -7"><span class='ocrx_word' id='word_1_47' title='bbox 142 398 228 428; x_wconf 61' lang='lat' dir='ltr'>diciae</span> <span class='ocrx_word' id='word_1_48' title='bbox 243 399 332 428; x_wconf 73' lang='lat' dir='ltr'>tertiae</span> <span class='ocrx_word' id='word_1_49' title='bbox 343 399 426 435; x_wconf 84' lang='lat' dir='ltr'>partis</span> <span class='ocrx_word' id='word_1_50' title='bbox 441 396 591 435; x_wconf 87' lang='lat' dir='ltr'>Camerae,</span> <span class='ocrx_word' id='word_1_51' title='bbox 608 395 655 426; x_wconf 91' lang='lat' dir='ltr'>seu</span> <span class='ocrx_word' id='word_1_52' title='bbox 670 394 820 431; x_wconf 67' lang='lat' dir='ltr'>Monetae,</span> <span class='ocrx_word' id='word_1_53' title='bbox 838 394 997 432; x_wconf 61' lang='lat' dir='ltr'>praediC‘tae,</span> <span class='ocrx_word' id='word_1_54' title='bbox 1013 404 1029 424; x_wconf 90' lang='lat' dir='ltr'>a</span> <span class='ocrx_word' id='word_1_55' title='bbox 1042 403 1116 423; x_wconf 90' lang='lat' dir='ltr'>retro</span> <span class='ocrx_word' id='word_1_56' title='bbox 1136 393 1194 422; x_wconf 84' lang='lat' dir='ltr'>exi-</span> 
     </span>
     <span class='ocr_line' id='line_1_7' title="bbox 143 432 1141 475; baseline -0.005 -10"><span class='ocrx_word' id='word_1_57' title='bbox 143 435 278 466; x_wconf 90' lang='lat' dir='ltr'>stentibus</span> <span class='ocrx_word' id='word_1_58' title='bbox 287 459 296 473; x_wconf 94' lang='lat'>,</span> <span class='ocrx_word' id='word_1_59' title='bbox 314 436 363 474; x_wconf 80' lang='lat' dir='ltr'>ipii</span> <span class='ocrx_word' id='word_1_60' title='bbox 379 435 601 475; x_wconf 88' lang='lat' dir='ltr'>Archiepiscopo</span> <span class='ocrx_word' id='word_1_61' title='bbox 611 435 644 466; x_wconf 88' lang='lat'>&amp;</span> <span class='ocrx_word' id='word_1_62' title='bbox 659 433 791 463; x_wconf 87' lang='lat' dir='ltr'>Ecclesiae</span> <span class='ocrx_word' id='word_1_63' title='bbox 805 433 859 462; x_wconf 82' lang='lat' dir='ltr'>suae</span> <span class='ocrx_word' id='word_1_64' title='bbox 873 432 1015 471; x_wconf 66' lang='lat' dir='ltr'>praedictae</span> <span class='ocrx_word' id='word_1_65' title='bbox 1027 432 1141 461; x_wconf 84' lang='lat' dir='ltr'>debitis:</span> 
     </span>
    </p>

    <p class='ocr_par' dir='ltr' id='par_1_3' title="bbox 143 470 1201 819">
     <span class='ocr_line' id='line_1_8' title="bbox 181 470 1196 514; baseline -0.007 -9"><span class='ocrx_word' id='word_1_66' title='bbox 181 474 219 504; x_wconf 87' lang='lat' dir='ltr'>Et</span> <span class='ocrx_word' id='word_1_67' title='bbox 234 475 358 505; x_wconf 68' lang='lat' dir='ltr'>similiter</span> <span class='ocrx_word' id='word_1_68' title='bbox 372 474 452 514; x_wconf 88' lang='lat' dir='ltr'>super</span> <span class='ocrx_word' id='word_1_69' title='bbox 465 483 501 504; x_wconf 94' lang='lat' dir='ltr'>eo</span> <span class='ocrx_word' id='word_1_70' title='bbox 521 472 600 511; x_wconf 81' lang='lat' dir='ltr'>quod</span> <span class='ocrx_word' id='word_1_71' title='bbox 623 473 723 509; x_wconf 86' lang='lat' dir='ltr'>iidem,</span> <span class='ocrx_word' id='word_1_72' title='bbox 743 471 875 501; x_wconf 87' lang='lat' dir='ltr'>Decanus</span> <span class='ocrx_word' id='word_1_73' title='bbox 892 472 925 501; x_wconf 67' lang='grc' dir='ltr'>ὃ(</span> <span class='ocrx_word' id='word_1_74' title='bbox 946 470 1128 508; x_wconf 80' lang='lat' dir='ltr'>Capitulum,</span> <span class='ocrx_word' id='word_1_75' title='bbox 1146 478 1196 505; x_wconf 88' lang='lat' dir='ltr'>pe-</span> 
     </span>
     <span class='ocr_line' id='line_1_9' title="bbox 143 508 1196 552; baseline -0.007 -8"><span class='ocrx_word' id='word_1_76' title='bbox 143 513 264 551; x_wconf 87' lang='lat' dir='ltr'>tierunt,</span> <span class='ocrx_word' id='word_1_77' title='bbox 282 514 315 544; x_wconf 89' lang='lat'>&amp;</span> <span class='ocrx_word' id='word_1_78' title='bbox 337 513 509 550; x_wconf 75' lang='lat' dir='ltr'>clamarunt,</span> <span class='ocrx_word' id='word_1_79' title='bbox 525 513 559 542; x_wconf 88' lang='lat'>&amp;</span> <span class='ocrx_word' id='word_1_80' title='bbox 579 511 613 542; x_wconf 86' lang='lat' dir='ltr'>ad</span> <span class='ocrx_word' id='word_1_81' title='bbox 636 511 662 541; x_wconf 90' lang='lat' dir='ltr'>se</span> <span class='ocrx_word' id='word_1_82' title='bbox 680 510 814 552; x_wconf 78' lang='lat' dir='ltr'>pertinere</span> <span class='ocrx_word' id='word_1_83' title='bbox 836 509 990 539; x_wconf 79' lang='lat' dir='ltr'>asserebant</span> <span class='ocrx_word' id='word_1_84' title='bbox 1012 518 1066 546; x_wconf 84' lang='lat' dir='ltr'>pro</span> <span class='ocrx_word' id='word_1_85' title='bbox 1085 508 1111 537; x_wconf 91' lang='lat' dir='ltr'>se</span> <span class='ocrx_word' id='word_1_86' title='bbox 1126 532 1136 546; x_wconf 90' lang='lat'>,</span> <span class='ocrx_word' id='word_1_87' title='bbox 1163 508 1196 536; x_wconf 88' lang='lat'>&amp;</span> 
     </span>
     <span class='ocr_line' id='line_1_10' title="bbox 144 543 1198 589; baseline -0.007 -7"><span class='ocrx_word' id='word_1_88' title='bbox 144 551 359 582; x_wconf 72' lang='lat' dir='ltr'>Successbribus</span> <span class='ocrx_word' id='word_1_89' title='bbox 372 552 440 589; x_wconf 91' lang='lat' dir='ltr'>suis,</span> <span class='ocrx_word' id='word_1_90' title='bbox 458 551 491 581; x_wconf 90' lang='lat'>&amp;</span> <span class='ocrx_word' id='word_1_91' title='bbox 505 549 629 580; x_wconf 68' lang='lat' dir='ltr'>Ecclesia</span> <span class='ocrx_word' id='word_1_92' title='bbox 651 547 836 586; x_wconf 82' lang='lat' dir='ltr'>Burdegaliae,</span> <span class='ocrx_word' id='word_1_93' title='bbox 854 548 983 577; x_wconf 83' lang='lat' dir='ltr'>Tertiam</span> <span class='ocrx_word' id='word_1_94' title='bbox 1004 546 1119 576; x_wconf 80' lang='lat' dir='ltr'>Partem</span> <span class='ocrx_word' id='word_1_95' title='bbox 1140 543 1198 588; x_wconf 79' lang='lat' dir='ltr'>Ca-</span> 
     </span>
     <span class='ocr_line' id='line_1_11' title="bbox 147 584 1199 628; baseline -0.008 -7"><span class='ocrx_word' id='word_1_96' title='bbox 147 600 252 628; x_wconf 86' lang='lat' dir='ltr'>merae,</span> <span class='ocrx_word' id='word_1_97' title='bbox 267 590 312 620; x_wconf 92' lang='lat' dir='ltr'>seu</span> <span class='ocrx_word' id='word_1_98' title='bbox 336 590 486 626; x_wconf 85' lang='lat' dir='ltr'>Monetae,</span> <span class='ocrx_word' id='word_1_99' title='bbox 503 589 571 618; x_wconf 72' lang='lat' dir='ltr'>dieti</span> <span class='ocrx_word' id='word_1_100' title='bbox 593 587 715 617; x_wconf 88' lang='lat' dir='ltr'>Domini</span> <span class='ocrx_word' id='word_1_101' title='bbox 735 585 822 615; x_wconf 89' lang='lat' dir='ltr'>nostri</span> <span class='ocrx_word' id='word_1_102' title='bbox 843 585 931 624; x_wconf 85' lang='lat' dir='ltr'>Regis</span> <span class='ocrx_word' id='word_1_103' title='bbox 946 608 956 623; x_wconf 91' lang='lat'>,</span> <span class='ocrx_word' id='word_1_104' title='bbox 981 585 1014 615; x_wconf 88' lang='lat'>&amp;</span> <span class='ocrx_word' id='word_1_105' title='bbox 1036 584 1146 621; x_wconf 83' lang='lat' dir='ltr'>Ducis,</span> <span class='ocrx_word' id='word_1_106' title='bbox 1169 593 1199 613; x_wconf 88' lang='lat' dir='ltr'>in</span> 
     </span>
     <span class='ocr_line' id='line_1_12' title="bbox 148 623 1197 666; baseline -0.008 -8"><span class='ocrx_word' id='word_1_107' title='bbox 148 627 266 658; x_wconf 80' lang='lat' dir='ltr'>Ducam</span> <span class='ocrx_word' id='word_1_108' title='bbox 287 628 425 666; x_wconf 59' lang='lat' dir='ltr'>praedffiio</span> <span class='ocrx_word' id='word_1_109' title='bbox 447 627 561 665; x_wconf 85' lang='lat' dir='ltr'>Cussae,</span> <span class='ocrx_word' id='word_1_110' title='bbox 576 626 655 656; x_wconf 81' lang='lat' dir='ltr'>iimul</span> <span class='ocrx_word' id='word_1_111' title='bbox 676 634 743 654; x_wconf 91' lang='lat' dir='ltr'>cum</span> <span class='ocrx_word' id='word_1_112' title='bbox 771 632 807 652; x_wconf 91' lang='lat'>10</span> <span class='ocrx_word' id='word_1_113' title='bbox 823 623 940 653; x_wconf 89' lang='lat' dir='ltr'>Milibus</span> <span class='ocrx_word' id='word_1_114' title='bbox 956 624 1033 653; x_wconf 84' lang='lat' dir='ltr'>Libr.</span> <span class='ocrx_word' id='word_1_115' title='bbox 1048 623 1197 653; x_wconf 87' lang='lat' dir='ltr'>Turonen.</span> 
     </span>
     <span class='ocr_line' id='line_1_13' title="bbox 147 660 1199 703; baseline -0.008 -6"><span class='ocrx_word' id='word_1_116' title='bbox 147 677 197 703; x_wconf 89' lang='lat' dir='ltr'>per</span> <span class='ocrx_word' id='word_1_117' title='bbox 219 666 343 696; x_wconf 83' lang='lat' dir='ltr'>Novem</span> <span class='ocrx_word' id='word_1_118' title='bbox 363 666 461 696; x_wconf 82' lang='lat' dir='ltr'>Annos</span> <span class='ocrx_word' id='word_1_119' title='bbox 482 667 650 701; x_wconf 87' lang='lat' dir='ltr'>continuos,</span> <span class='ocrx_word' id='word_1_120' title='bbox 668 671 730 692; x_wconf 90' lang='lat' dir='ltr'>ante</span> <span class='ocrx_word' id='word_1_121' title='bbox 751 661 967 692; x_wconf 63' lang='lat' dir='ltr'>confectionem</span> <span class='ocrx_word' id='word_1_122' title='bbox 980 662 1118 699; x_wconf 78' lang='lat' dir='ltr'>praesentis</span> <span class='ocrx_word' id='word_1_123' title='bbox 1138 660 1199 690; x_wconf 87' lang='lat' dir='ltr'>IN-</span> 
     </span>
     <span class='ocr_line' id='line_1_14' title="bbox 147 699 1200 741; baseline -0.007 -7"><span class='ocrx_word' id='word_1_124' title='bbox 147 714 169 734; x_wconf 89' lang='lat' dir='ltr'>D</span> <span class='ocrx_word' id='word_1_125' title='bbox 178 714 195 734; x_wconf 80' lang='lat' dir='ltr'>E</span> <span class='ocrx_word' id='word_1_126' title='bbox 206 714 227 734; x_wconf 89' lang='lat' dir='ltr'>N</span> <span class='ocrx_word' id='word_1_127' title='bbox 236 713 258 734; x_wconf 99' lang='grc' dir='ltr'><strong>Τ</strong></span> <span class='ocrx_word' id='word_1_128' title='bbox 266 713 289 734; x_wconf 79' lang='lat' dir='ltr'>U</span> <span class='ocrx_word' id='word_1_129' title='bbox 300 714 321 735; x_wconf 77' lang='lat' dir='ltr'>R</span> <span class='ocrx_word' id='word_1_130' title='bbox 330 714 360 735; x_wconf 56' lang='grc' dir='ltr'>[Ε</span> <span class='ocrx_word' id='word_1_131' title='bbox 380 705 511 741; x_wconf 81' lang='lat' dir='ltr'>proximo</span> <span class='ocrx_word' id='word_1_132' title='bbox 525 701 691 737; x_wconf 67' lang='lat' dir='ltr'>traniacros,</span> <span class='ocrx_word' id='word_1_133' title='bbox 710 700 746 730; x_wconf 87' lang='lat' dir='ltr'>de</span> <span class='ocrx_word' id='word_1_134' title='bbox 757 700 884 730; x_wconf 82' lang='lat' dir='ltr'>Exitibus</span> <span class='ocrx_word' id='word_1_135' title='bbox 897 701 980 730; x_wconf 61' lang='lat' dir='ltr'>dietae</span> <span class='ocrx_word' id='word_1_136' title='bbox 992 701 1098 730; x_wconf 60' lang='lat' dir='ltr'>Tertiie</span> <span class='ocrx_word' id='word_1_137' title='bbox 1118 699 1200 736; x_wconf 81' lang='lat' dir='ltr'>partis</span> 
     </span>
     <span class='ocr_line' id='line_1_15' title="bbox 149 736 1201 780; baseline -0.007 -8"><span class='ocrx_word' id='word_1_138' title='bbox 149 742 297 780; x_wconf 77' lang='lat' dir='ltr'>Camerae,</span> <span class='ocrx_word' id='word_1_139' title='bbox 315 743 360 773; x_wconf 90' lang='lat' dir='ltr'>seu</span> <span class='ocrx_word' id='word_1_140' title='bbox 376 742 523 778; x_wconf 79' lang='lat' dir='ltr'>Monetae,</span> <span class='ocrx_word' id='word_1_141' title='bbox 542 751 557 770; x_wconf 83' lang='lat' dir='ltr'>a</span> <span class='ocrx_word' id='word_1_142' title='bbox 572 748 646 769; x_wconf 88' lang='lat' dir='ltr'>retro</span> <span class='ocrx_word' id='word_1_143' title='bbox 656 737 835 768; x_wconf 80' lang='lat' dir='ltr'>existentibus</span> <span class='ocrx_word' id='word_1_144' title='bbox 851 739 912 776; x_wconf 87' lang='lat' dir='ltr'>ipsis</span> <span class='ocrx_word' id='word_1_145' title='bbox 930 738 1050 768; x_wconf 87' lang='lat' dir='ltr'>Decano</span> <span class='ocrx_word' id='word_1_146' title='bbox 1065 739 1097 769; x_wconf 84' lang='lat'>&amp;</span> <span class='ocrx_word' id='word_1_147' title='bbox 1113 736 1201 774; x_wconf 76' lang='lat' dir='ltr'>Capi-</span> 
     </span>
     <span class='ocr_line' id='line_1_16' title="bbox 151 776 965 819; baseline -0.007 -7"><span class='ocrx_word' id='word_1_148' title='bbox 151 781 230 819; x_wconf 82' lang='lat' dir='ltr'>tulo,</span> <span class='ocrx_word' id='word_1_149' title='bbox 250 782 297 819; x_wconf 88' lang='lat' dir='ltr'>qui</span> <span class='ocrx_word' id='word_1_150' title='bbox 312 792 388 811; x_wconf 91' lang='lat' dir='ltr'>nunc</span> <span class='ocrx_word' id='word_1_151' title='bbox 404 782 483 817; x_wconf 83' lang='lat' dir='ltr'>sunt,</span> <span class='ocrx_word' id='word_1_152' title='bbox 502 781 535 810; x_wconf 68' lang='grc' dir='ltr'>ὃς</span> <span class='ocrx_word' id='word_1_153' title='bbox 550 776 682 808; x_wconf 83' lang='lat' dir='ltr'>Ecclesiae</span> <span class='ocrx_word' id='word_1_154' title='bbox 696 776 836 814; x_wconf 58' lang='lat' dir='ltr'>praediistae</span> <span class='ocrx_word' id='word_1_155' title='bbox 852 778 965 808; x_wconf 85' lang='lat' dir='ltr'>debitis:</span> 
     </span>
    </p>

    <p class='ocr_par' dir='ltr' id='par_1_4' title="bbox 150 813 1206 1161">
     <span class='ocr_line' id='line_1_17' title="bbox 190 813 1203 857; baseline -0.007 -8"><span class='ocrx_word' id='word_1_156' title='bbox 190 820 239 849; x_wconf 91' lang='lat' dir='ltr'>De</span> <span class='ocrx_word' id='word_1_157' title='bbox 261 821 361 857; x_wconf 86' lang='lat' dir='ltr'>quibus</span> <span class='ocrx_word' id='word_1_158' title='bbox 382 818 495 856; x_wconf 90' lang='lat' dir='ltr'>quidem</span> <span class='ocrx_word' id='word_1_159' title='bbox 515 816 620 846; x_wconf 82' lang='lat' dir='ltr'>Tertiis</span> <span class='ocrx_word' id='word_1_160' title='bbox 639 816 759 852; x_wconf 84' lang='lat' dir='ltr'>partibus</span> <span class='ocrx_word' id='word_1_161' title='bbox 784 815 898 852; x_wconf 84' lang='lat' dir='ltr'>quilibet</span> <span class='ocrx_word' id='word_1_162' title='bbox 911 815 1131 853; x_wconf 58' lang='lat' dir='ltr'>praemistorum,</span> <span class='ocrx_word' id='word_1_163' title='bbox 1147 813 1203 843; x_wconf 87' lang='lat' dir='ltr'>Ar-</span> 
     </span>
     <span class='ocr_line' id='line_1_18' title="bbox 150 853 1203 897; baseline -0.006 -10"><span class='ocrx_word' id='word_1_164' title='bbox 150 857 337 897; x_wconf 84' lang='lat' dir='ltr'>chiepiscopi,</span> <span class='ocrx_word' id='word_1_165' title='bbox 356 856 481 893; x_wconf 88' lang='lat' dir='ltr'>Decani,</span> <span class='ocrx_word' id='word_1_166' title='bbox 500 856 533 884; x_wconf 88' lang='lat'>&amp;</span> <span class='ocrx_word' id='word_1_167' title='bbox 545 853 753 895; x_wconf 39' lang='lat' dir='ltr'>Capituli,·per</span> <span class='ocrx_word' id='word_1_168' title='bbox 767 853 803 883; x_wconf 88' lang='lat' dir='ltr'>Se</span> <span class='ocrx_word' id='word_1_169' title='bbox 813 876 821 891; x_wconf 88' lang='lat'>,</span> <span class='ocrx_word' id='word_1_170' title='bbox 840 855 873 885; x_wconf 76' lang='grc' dir='ltr'>δε</span> <span class='ocrx_word' id='word_1_171' title='bbox 888 853 1109 884; x_wconf 73' lang='lat' dir='ltr'>Praedecessores</span> <span class='ocrx_word' id='word_1_172' title='bbox 1124 853 1203 889; x_wconf 88' lang='lat' dir='ltr'>suos,</span> 
     </span>
     <span class='ocr_line' id='line_1_19' title="bbox 151 890 1203 935; baseline -0.006 -9"><span class='ocrx_word' id='word_1_173' title='bbox 151 907 167 926; x_wconf 91' lang='lat' dir='ltr'>a</span> <span class='ocrx_word' id='word_1_174' title='bbox 179 905 326 934; x_wconf 88' lang='lat' dir='ltr'>tempore,</span> <span class='ocrx_word' id='word_1_175' title='bbox 345 905 402 933; x_wconf 91' lang='lat' dir='ltr'>quo</span> <span class='ocrx_word' id='word_1_176' title='bbox 418 903 477 924; x_wconf 89' lang='lat' dir='ltr'>non</span> <span class='ocrx_word' id='word_1_177' title='bbox 490 900 561 922; x_wconf 83' lang='lat' dir='ltr'>exrat</span> <span class='ocrx_word' id='word_1_178' title='bbox 575 901 731 935; x_wconf 83' lang='lat' dir='ltr'>memoria,</span> <span class='ocrx_word' id='word_1_179' title='bbox 749 900 914 930; x_wconf 90' lang='lat' dir='ltr'>tenuerunt,</span> <span class='ocrx_word' id='word_1_180' title='bbox 924 894 956 923; x_wconf 90' lang='lat'>&amp;</span> <span class='ocrx_word' id='word_1_181' title='bbox 972 893 1036 935; x_wconf 78' lang='lat' dir='ltr'>inde</span> <span class='ocrx_word' id='word_1_182' title='bbox 1052 890 1203 934; x_wconf 76' lang='lat' dir='ltr'>saylitifue-</span> 
     </span>
     <span class='ocr_line' id='line_1_20' title="bbox 151 928 1205 1009; baseline -0.006 -6"><span class='ocrx_word' id='word_1_183' title='bbox 151 943 386 1002; x_wconf 56' lang='grc' dir='ltr'>ἱῗἚῑῑέῖιῗεῖἶῗῗ</span> <span class='ocrx_word' id='word_1_184' title='bbox 394 930 755 1013; x_wconf 46' lang='grc' dir='ltr'>ἐξςᾱῗὲὲῗεῆἕυῧξῐὲρὲἑ</span> <span class='ocrx_word' id='word_1_185' title='bbox 766 928 1205 1009; x_wconf 51' lang='grc' dir='ltr'>Ἑίυὲἳὲᾗῗζᾶξᾮορῖἓῖᾏῗέῗιέ</span> 
     </span>
     <span class='ocr_line' id='line_1_21' title="bbox 153 1006 1205 1045; baseline -0.006 -4"><span class='ocrx_word' id='word_1_186' title='bbox 153 1010 191 1040; x_wconf 88' lang='lat' dir='ltr'>de</span> <span class='ocrx_word' id='word_1_187' title='bbox 211 1010 313 1041; x_wconf 89' lang='lat' dir='ltr'>Slefeld</span> <span class='ocrx_word' id='word_1_188' title='bbox 332 1008 460 1038; x_wconf 87' lang='lat' dir='ltr'>Clericus</span> <span class='ocrx_word' id='word_1_189' title='bbox 508 1017 596 1045; x_wconf 84' lang='lat' dir='ltr'>nuper</span> <span class='ocrx_word' id='word_1_190' title='bbox 620 1006 850 1038; x_wconf 87' lang='lat' dir='ltr'>Constabularius</span> <span class='ocrx_word' id='word_1_191' title='bbox 870 1007 944 1038; x_wconf 92' lang='lat' dir='ltr'>Burd</span> <span class='ocrx_word' id='word_1_192' title='bbox 981 1008 1039 1037; x_wconf 85' lang='lat' dir='ltr'>aliae</span> <span class='ocrx_word' id='word_1_193' title='bbox 1055 1029 1065 1044; x_wconf 91' lang='lat'>,</span> <span class='ocrx_word' id='word_1_194' title='bbox 1096 1006 1205 1043; x_wconf 81' lang='lat' dir='ltr'>easdem</span> 
     </span>
     <span class='ocr_line' id='line_1_22' title="bbox 154 1029 1204 1084; baseline -0.006 -5"><span class='ocrx_word' id='word_1_195' title='bbox 154 1048 266 1079; x_wconf 89' lang='lat' dir='ltr'>Tertias</span> <span class='ocrx_word' id='word_1_196' title='bbox 288 1055 374 1084; x_wconf 87' lang='lat' dir='ltr'>partes</span> <span class='ocrx_word' id='word_1_197' title='bbox 394 1046 428 1075; x_wconf 91' lang='lat' dir='ltr'>ad</span> <span class='ocrx_word' id='word_1_198' title='bbox 448 1029 553 1075; x_wconf 74' lang='lat' dir='ltr'>ivianus</span> <span class='ocrx_word' id='word_1_199' title='bbox 578 1045 698 1075; x_wconf 88' lang='lat' dir='ltr'>Domini</span> <span class='ocrx_word' id='word_1_200' title='bbox 720 1046 808 1084; x_wconf 78' lang='lat' dir='ltr'>Regis</span> <span class='ocrx_word' id='word_1_201' title='bbox 822 1070 832 1083; x_wconf 91' lang='lat'>,</span> <span class='ocrx_word' id='word_1_202' title='bbox 863 1045 948 1076; x_wconf 89' lang='lat' dir='ltr'>Patris</span> <span class='ocrx_word' id='word_1_203' title='bbox 1003 1045 1092 1076; x_wconf 89' lang='lat' dir='ltr'>omini</span> <span class='ocrx_word' id='word_1_204' title='bbox 1115 1043 1204 1074; x_wconf 88' lang='lat' dir='ltr'>nostri</span> 
     </span>
     <span class='ocr_line' id='line_1_23' title="bbox 157 1082 1206 1128; baseline -0.005 -12"><span class='ocrx_word' id='word_1_205' title='bbox 157 1086 203 1116; x_wconf 88' lang='lat' dir='ltr'>Re</span> <span class='ocrx_word' id='word_1_206' title='bbox 223 1087 264 1128; x_wconf 69' lang='lat' dir='ltr'>is,</span> <span class='ocrx_word' id='word_1_207' title='bbox 276 1086 309 1116; x_wconf 90' lang='lat'>&amp;</span> <span class='ocrx_word' id='word_1_208' title='bbox 325 1084 417 1115; x_wconf 85' lang='lat' dir='ltr'>Ducis</span> <span class='ocrx_word' id='word_1_209' title='bbox 432 1094 509 1115; x_wconf 92' lang='lat' dir='ltr'>nunc</span> <span class='ocrx_word' id='word_1_210' title='bbox 519 1107 528 1122; x_wconf 94' lang='lat'>,</span> <span class='ocrx_word' id='word_1_211' title='bbox 543 1084 645 1122; x_wconf 84' lang='lat' dir='ltr'>absque</span> <span class='ocrx_word' id='word_1_212' title='bbox 659 1084 741 1114; x_wconf 69' lang='lat' dir='ltr'>causa</span> <span class='ocrx_word' id='word_1_213' title='bbox 753 1085 924 1123; x_wconf 82' lang='lat' dir='ltr'>rationabili,</span> <span class='ocrx_word' id='word_1_214' title='bbox 943 1084 1100 1116; x_wconf 76' lang='lat' dir='ltr'>voluntarie</span> <span class='ocrx_word' id='word_1_215' title='bbox 1115 1082 1206 1120; x_wconf 82' lang='lat' dir='ltr'>posuit</span> 
     </span>
     <span class='ocr_line' id='line_1_24' title="bbox 155 1125 324 1161; baseline -0.018 -5"><span class='ocrx_word' id='word_1_216' title='bbox 155 1126 189 1156; x_wconf 91' lang='lat'>&amp;</span> <span class='ocrx_word' id='word_1_217' title='bbox 213 1133 227 1153; x_wconf 88' lang='lat' dir='ltr'>a</span> <span class='ocrx_word' id='word_1_218' title='bbox 246 1125 324 1161; x_wconf 72' lang='lat' dir='ltr'>livit,</span> 
     </span>
    </p>

    <p class='ocr_par' dir='ltr' id='par_1_5' title="bbox 154 1134 1208 1239">
     <span class='ocr_line' id='line_1_25' title="bbox 190 1134 1208 1200; baseline -0.004 -8"><span class='ocrx_word' id='word_1_219' title='bbox 190 1134 325 1192; x_wconf 61' lang='grc' dir='ltr'><em>Τέηάετῃ</em></span> <span class='ocrx_word' id='word_1_220' title='bbox 346 1163 376 1192; x_wconf 87' lang='lat' dir='ltr'>in</span> <span class='ocrx_word' id='word_1_221' title='bbox 399 1162 517 1193; x_wconf 91' lang='lat' dir='ltr'>modurn</span> <span class='ocrx_word' id='word_1_222' title='bbox 534 1185 542 1200; x_wconf 93' lang='lat'>,</span> <span class='ocrx_word' id='word_1_223' title='bbox 561 1162 610 1199; x_wconf 86' lang='lat' dir='ltr'>qui</span> <span class='ocrx_word' id='word_1_224' title='bbox 634 1161 804 1200; x_wconf 82' lang='lat' dir='ltr'>subsequitur</span> <span class='ocrx_word' id='word_1_225' title='bbox 819 1184 829 1200; x_wconf 93' lang='lat'>,</span> <span class='ocrx_word' id='word_1_226' title='bbox 853 1161 1016 1199; x_wconf 83' lang='lat' dir='ltr'>conquietae</span> <span class='ocrx_word' id='word_1_227' title='bbox 1036 1160 1098 1190; x_wconf 89' lang='lat' dir='ltr'>sunt</span> <span class='ocrx_word' id='word_1_228' title='bbox 1118 1166 1208 1197; x_wconf 86' lang='lat' dir='ltr'>partes</span> 
     </span>
     <span class='ocr_line' id='line_1_26' title="bbox 154 1200 647 1239; baseline -0.002 -9"><span class='ocrx_word' id='word_1_229' title='bbox 154 1200 298 1239; x_wconf 73' lang='lat' dir='ltr'>praedit‘tae</span> <span class='ocrx_word' id='word_1_230' title='bbox 314 1202 347 1232; x_wconf 89' lang='lat'>&amp;</span> <span class='ocrx_word' id='word_1_231' title='bbox 363 1200 481 1238; x_wconf 74' lang='lat' dir='ltr'>sedatae,</span> <span class='ocrx_word' id='word_1_232' title='bbox 500 1200 647 1237; x_wconf 80' lang='lat' dir='ltr'>videlicet,</span> 
     </span>
    </p>

    <p class='ocr_par' dir='ltr' id='par_1_6' title="bbox 154 1235 1217 1847">
     <span class='ocr_line' id='line_1_27' title="bbox 192 1235 1209 1279; baseline -0.004 -9"><span class='ocrx_word' id='word_1_233' title='bbox 192 1239 286 1277; x_wconf 67' lang='lat' dir='ltr'>de</span> <span class='ocrx_word' id='word_1_234' title='bbox 298 1238 429 1270; x_wconf 89' lang='lat' dir='ltr'>Oliverus</span> <span class='ocrx_word' id='word_1_235' title='bbox 442 1239 478 1269; x_wconf 91' lang='lat' dir='ltr'>de</span> <span class='ocrx_word' id='word_1_236' title='bbox 492 1239 610 1279; x_wconf 84' lang='lat' dir='ltr'>Ingham</span> <span class='ocrx_word' id='word_1_237' title='bbox 628 1238 730 1275; x_wconf 81' lang='lat' dir='ltr'>Miles,</span> <span class='ocrx_word' id='word_1_238' title='bbox 749 1237 915 1268; x_wconf 87' lang='lat' dir='ltr'>Senescallus</span> <span class='ocrx_word' id='word_1_239' title='bbox 925 1236 1088 1275; x_wconf 79' lang='lat' dir='ltr'>Vasconiae,</span> <span class='ocrx_word' id='word_1_240' title='bbox 1107 1236 1141 1267; x_wconf 68' lang='grc' dir='ltr'>ὃ(</span> <span class='ocrx_word' id='word_1_241' title='bbox 1155 1235 1209 1274; x_wconf 88' lang='lat' dir='ltr'>Jo-</span> 
     </span>
     <span class='ocr_line' id='line_1_28' title="bbox 154 1274 1210 1316; baseline -0.003 -9"><span class='ocrx_word' id='word_1_242' title='bbox 154 1277 259 1308; x_wconf 88' lang='lat' dir='ltr'>hannes</span> <span class='ocrx_word' id='word_1_243' title='bbox 279 1278 402 1308; x_wconf 87' lang='lat' dir='ltr'>Travers</span> <span class='ocrx_word' id='word_1_244' title='bbox 415 1301 425 1316; x_wconf 87' lang='lat'>,</span> <span class='ocrx_word' id='word_1_245' title='bbox 449 1277 677 1307; x_wconf 85' lang='lat' dir='ltr'>Constabularius</span> <span class='ocrx_word' id='word_1_246' title='bbox 699 1276 868 1315; x_wconf 84' lang='lat' dir='ltr'>Burdegaliae</span> <span class='ocrx_word' id='word_1_247' title='bbox 880 1300 889 1314; x_wconf 91' lang='lat'>,</span> <span class='ocrx_word' id='word_1_248' title='bbox 913 1277 977 1306; x_wconf 91' lang='lat' dir='ltr'>vice</span> <span class='ocrx_word' id='word_1_249' title='bbox 998 1276 1031 1305; x_wconf 91' lang='lat'>&amp;</span> <span class='ocrx_word' id='word_1_250' title='bbox 1052 1275 1120 1305; x_wconf 92' lang='lat' dir='ltr'>loco</span> <span class='ocrx_word' id='word_1_251' title='bbox 1140 1274 1210 1304; x_wconf 71' lang='lat' dir='ltr'>diffi</span> 
     </span>
     <span class='ocr_line' id='line_1_29' title="bbox 155 1312 1211 1354; baseline -0.004 -8"><span class='ocrx_word' id='word_1_252' title='bbox 155 1315 282 1346; x_wconf 83' lang='lat' dir='ltr'>Domini</span> <span class='ocrx_word' id='word_1_253' title='bbox 296 1316 384 1346; x_wconf 89' lang='lat' dir='ltr'>nostri</span> <span class='ocrx_word' id='word_1_254' title='bbox 398 1316 484 1354; x_wconf 76' lang='lat' dir='ltr'>Regis</span> <span class='ocrx_word' id='word_1_255' title='bbox 498 1317 530 1347; x_wconf 92' lang='lat'>&amp;</span> <span class='ocrx_word' id='word_1_256' title='bbox 547 1315 654 1352; x_wconf 88' lang='lat' dir='ltr'>Ducis,</span> <span class='ocrx_word' id='word_1_257' title='bbox 670 1314 705 1344; x_wconf 90' lang='lat' dir='ltr'>de</span> <span class='ocrx_word' id='word_1_258' title='bbox 720 1315 901 1345; x_wconf 86' lang='lat' dir='ltr'>Avisamento</span> <span class='ocrx_word' id='word_1_259' title='bbox 914 1315 946 1345; x_wconf 89' lang='lat'>&amp;</span> <span class='ocrx_word' id='word_1_260' title='bbox 963 1313 1092 1344; x_wconf 84' lang='lat' dir='ltr'>Consilio</span> <span class='ocrx_word' id='word_1_261' title='bbox 1107 1312 1211 1343; x_wconf 91' lang='lat' dir='ltr'>Consi-</span> 
     </span>
     <span class='ocr_line' id='line_1_30' title="bbox 155 1350 1211 1392; baseline -0.004 -7"><span class='ocrx_word' id='word_1_262' title='bbox 155 1354 314 1392; x_wconf 87' lang='lat' dir='ltr'>liariorum,</span> <span class='ocrx_word' id='word_1_263' title='bbox 335 1354 403 1385; x_wconf 69' lang='lat' dir='ltr'>dieti</span> <span class='ocrx_word' id='word_1_264' title='bbox 427 1354 552 1384; x_wconf 88' lang='lat' dir='ltr'>Domini</span> <span class='ocrx_word' id='word_1_265' title='bbox 574 1354 662 1383; x_wconf 89' lang='lat' dir='ltr'>nostri</span> <span class='ocrx_word' id='word_1_266' title='bbox 681 1353 783 1392; x_wconf 81' lang='lat' dir='ltr'>Regis,</span> <span class='ocrx_word' id='word_1_267' title='bbox 802 1353 835 1383; x_wconf 67' lang='grc' dir='ltr'>ὃς</span> <span class='ocrx_word' id='word_1_268' title='bbox 856 1352 944 1382; x_wconf 83' lang='lat' dir='ltr'>Ducis</span> <span class='ocrx_word' id='word_1_269' title='bbox 967 1362 1061 1389; x_wconf 91' lang='lat' dir='ltr'>nunc,</span> <span class='ocrx_word' id='word_1_270' title='bbox 1080 1350 1211 1382; x_wconf 74' lang='lat' dir='ltr'>Ducatfis</span> 
     </span>
     <span class='ocr_line' id='line_1_31' title="bbox 157 1389 1211 1431; baseline -0.004 -8"><span class='ocrx_word' id='word_1_271' title='bbox 157 1393 197 1423; x_wconf 91' lang='lat' dir='ltr'>sui</span> <span class='ocrx_word' id='word_1_272' title='bbox 216 1392 360 1431; x_wconf 69' lang='lat' dir='ltr'>praediCti,</span> <span class='ocrx_word' id='word_1_273' title='bbox 379 1392 483 1423; x_wconf 90' lang='lat' dir='ltr'>eisdem</span> <span class='ocrx_word' id='word_1_274' title='bbox 504 1393 532 1421; x_wconf 92' lang='lat' dir='ltr'>in</span> <span class='ocrx_word' id='word_1_275' title='bbox 555 1392 608 1422; x_wconf 91' lang='lat' dir='ltr'>hac</span> <span class='ocrx_word' id='word_1_276' title='bbox 629 1399 706 1429; x_wconf 88' lang='lat' dir='ltr'>parte</span> <span class='ocrx_word' id='word_1_277' title='bbox 726 1391 924 1428; x_wconf 83' lang='lat' dir='ltr'>affistentlum,</span> <span class='ocrx_word' id='word_1_278' title='bbox 940 1390 1002 1421; x_wconf 86' lang='lat' dir='ltr'>vifis</span> <span class='ocrx_word' id='word_1_279' title='bbox 1023 1392 1056 1421; x_wconf 92' lang='lat'>&amp;</span> <span class='ocrx_word' id='word_1_280' title='bbox 1077 1389 1211 1420; x_wconf 72' lang='lat' dir='ltr'>distinc&#39;te</span> 
     </span>
     <span class='ocr_line' id='line_1_32' title="bbox 159 1428 1211 1496; baseline -0.003 -36"><span class='ocrx_word' id='word_1_281' title='bbox 159 1431 307 1462; x_wconf 63' lang='lat' dir='ltr'>intellectis</span> <span class='ocrx_word' id='word_1_282' title='bbox 321 1431 485 1470; x_wconf 89' lang='lat' dir='ltr'>quibusdam</span> <span class='ocrx_word' id='word_1_283' title='bbox 498 1430 604 1468; x_wconf 82' lang='lat' dir='ltr'>Cartis,</span> <span class='ocrx_word' id='word_1_284' title='bbox 622 1430 793 1468; x_wconf 84' lang='lat' dir='ltr'>Privilegiis,</span> <span class='ocrx_word' id='word_1_285' title='bbox 809 1430 843 1460; x_wconf 69' lang='grc' dir='ltr'>ὃς</span> <span class='ocrx_word' id='word_1_286' title='bbox 859 1428 1056 1459; x_wconf 87' lang='lat' dir='ltr'>Memorandis</span> <span class='ocrx_word' id='word_1_287' title='bbox 1076 1429 1211 1496; x_wconf 56' lang='lat' dir='ltr'>anticssis,</span> 
     </span>
     <span class='ocr_line' id='line_1_33' title="bbox 157 1467 1213 1509; baseline -0.004 -9"><span class='ocrx_word' id='word_1_288' title='bbox 157 1479 209 1508; x_wconf 85' lang='lat' dir='ltr'>per</span> <span class='ocrx_word' id='word_1_289' title='bbox 227 1480 292 1509; x_wconf 90' lang='lat' dir='ltr'>quae</span> <span class='ocrx_word' id='word_1_290' title='bbox 307 1469 485 1509; x_wconf 87' lang='lat' dir='ltr'>quamplures</span> <span class='ocrx_word' id='word_1_291' title='bbox 504 1468 719 1507; x_wconf 86' lang='lat' dir='ltr'>Antecessores,</span> <span class='ocrx_word' id='word_1_292' title='bbox 736 1469 770 1498; x_wconf 68' lang='grc' dir='ltr'>ὃς</span> <span class='ocrx_word' id='word_1_293' title='bbox 792 1468 1006 1507; x_wconf 85' lang='lat' dir='ltr'>Progenitores,</span> <span class='ocrx_word' id='word_1_294' title='bbox 1025 1467 1130 1504; x_wconf 80' lang='lat' dir='ltr'>praefati</span> <span class='ocrx_word' id='word_1_295' title='bbox 1179 1476 1213 1496; x_wconf 92' lang='lat' dir='ltr'>o-</span> 
     </span>
     <span class='ocr_line' id='line_1_34' title="bbox 157 1505 1213 1546; baseline -0.005 -7"><span class='ocrx_word' id='word_1_296' title='bbox 157 1510 231 1539; x_wconf 89' lang='lat' dir='ltr'>mini</span> <span class='ocrx_word' id='word_1_297' title='bbox 251 1509 340 1539; x_wconf 92' lang='lat' dir='ltr'>nostri</span> <span class='ocrx_word' id='word_1_298' title='bbox 361 1508 468 1546; x_wconf 81' lang='lat' dir='ltr'>Regis,</span> <span class='ocrx_word' id='word_1_299' title='bbox 487 1508 520 1538; x_wconf 89' lang='lat'><strong>&amp;</strong></span> <span class='ocrx_word' id='word_1_300' title='bbox 537 1507 646 1545; x_wconf 90' lang='lat' dir='ltr'>Ducis,</span> <span class='ocrx_word' id='word_1_301' title='bbox 664 1508 697 1537; x_wconf 69' lang='grc' dir='ltr'>δε</span> <span class='ocrx_word' id='word_1_302' title='bbox 721 1506 837 1544; x_wconf 89' lang='lat' dir='ltr'>quilibet</span> <span class='ocrx_word' id='word_1_303' title='bbox 850 1517 898 1544; x_wconf 89' lang='lat' dir='ltr'>per</span> <span class='ocrx_word' id='word_1_304' title='bbox 911 1506 954 1544; x_wconf 90' lang='lat' dir='ltr'>se,</span> <span class='ocrx_word' id='word_1_305' title='bbox 974 1505 1123 1543; x_wconf 86' lang='lat' dir='ltr'>dederant,</span> <span class='ocrx_word' id='word_1_306' title='bbox 1141 1515 1213 1535; x_wconf 92' lang='lat' dir='ltr'>con-</span> 
     </span>
     <span class='ocr_line' id='line_1_35' title="bbox 158 1543 1213 1586; baseline -0.006 -8"><span class='ocrx_word' id='word_1_307' title='bbox 158 1546 312 1586; x_wconf 72' lang='lat' dir='ltr'>cesserant,</span> <span class='ocrx_word' id='word_1_308' title='bbox 328 1547 361 1578; x_wconf 88' lang='lat'>&amp;</span> <span class='ocrx_word' id='word_1_309' title='bbox 375 1546 594 1584; x_wconf 73' lang='lat' dir='ltr'>confirmarant,</span> <span class='ocrx_word' id='word_1_310' title='bbox 610 1546 720 1576; x_wconf 82' lang='lat' dir='ltr'>Tertias</span> <span class='ocrx_word' id='word_1_311' title='bbox 733 1553 821 1583; x_wconf 80' lang='lat' dir='ltr'>partes</span> <span class='ocrx_word' id='word_1_312' title='bbox 834 1544 993 1582; x_wconf 88' lang='lat' dir='ltr'>hujusmodi</span> <span class='ocrx_word' id='word_1_313' title='bbox 1009 1543 1141 1573; x_wconf 84' lang='lat' dir='ltr'>Camerae</span> <span class='ocrx_word' id='word_1_314' title='bbox 1150 1543 1213 1580; x_wconf 84' lang='lat' dir='ltr'>,seu</span> 
     </span>
     <span class='ocr_line' id='line_1_36' title="bbox 157 1580 1215 1623; baseline -0.006 -7"><span class='ocrx_word' id='word_1_315' title='bbox 157 1584 293 1616; x_wconf 84' lang='lat' dir='ltr'>Monetae</span> <span class='ocrx_word' id='word_1_316' title='bbox 326 1584 470 1623; x_wconf 65' lang='lat' dir='ltr'>praedidiae</span> <span class='ocrx_word' id='word_1_317' title='bbox 491 1583 743 1615; x_wconf 84' lang='lat' dir='ltr'>Praedecefforibus</span> <span class='ocrx_word' id='word_1_318' title='bbox 761 1584 831 1614; x_wconf 67' lang='lat' dir='ltr'>dieti</span> <span class='ocrx_word' id='word_1_319' title='bbox 854 1582 1081 1620; x_wconf 84' lang='lat' dir='ltr'>Archiepiscopi‚</span> <span class='ocrx_word' id='word_1_320' title='bbox 1096 1591 1128 1611; x_wconf 87' lang='lat' dir='ltr'>ac</span> <span class='ocrx_word' id='word_1_321' title='bbox 1153 1580 1215 1610; x_wconf 88' lang='lat' dir='ltr'>De-</span> 
     </span>
     <span class='ocr_line' id='line_1_37' title="bbox 159 1608 1216 1663; baseline -0.006 -9"><span class='ocrx_word' id='word_1_322' title='bbox 159 1625 225 1654; x_wconf 82' lang='lat' dir='ltr'>cani</span> <span class='ocrx_word' id='word_1_323' title='bbox 241 1625 274 1654; x_wconf 66' lang='grc' dir='ltr'>ὃς</span> <span class='ocrx_word' id='word_1_324' title='bbox 289 1608 411 1661; x_wconf 82' lang='lat' dir='ltr'>Capituli</span> <span class='ocrx_word' id='word_1_325' title='bbox 426 1623 648 1661; x_wconf 78' lang='lat' dir='ltr'>praediCtorum,</span> <span class='ocrx_word' id='word_1_326' title='bbox 665 1622 734 1652; x_wconf 86' lang='lat' dir='ltr'>sicut</span> <span class='ocrx_word' id='word_1_327' title='bbox 749 1622 778 1651; x_wconf 92' lang='lat' dir='ltr'>in</span> <span class='ocrx_word' id='word_1_328' title='bbox 799 1620 902 1651; x_wconf 91' lang='lat' dir='ltr'>eisdem</span> <span class='ocrx_word' id='word_1_329' title='bbox 922 1620 1030 1663; x_wconf 84' lang='lat' dir='ltr'>Cartis,</span> <span class='ocrx_word' id='word_1_330' title='bbox 1048 1619 1216 1662; x_wconf 84' lang='lat' dir='ltr'>Privilegiis,</span> 
     </span>
     <span class='ocr_line' id='line_1_38' title="bbox 159 1657 1216 1700; baseline -0.007 -7"><span class='ocrx_word' id='word_1_331' title='bbox 159 1662 195 1693; x_wconf 93' lang='lat'>&amp;</span> <span class='ocrx_word' id='word_1_332' title='bbox 216 1661 429 1700; x_wconf 84' lang='lat' dir='ltr'>Memorandis,</span> <span class='ocrx_word' id='word_1_333' title='bbox 449 1662 555 1700; x_wconf 76' lang='lat' dir='ltr'>plenius</span> <span class='ocrx_word' id='word_1_334' title='bbox 572 1663 757 1698; x_wconf 76' lang='lat' dir='ltr'>continetur,</span> <span class='ocrx_word' id='word_1_335' title='bbox 777 1659 915 1697; x_wconf 83' lang='lat' dir='ltr'>Qorum</span> <span class='ocrx_word' id='word_1_336' title='bbox 937 1658 1061 1696; x_wconf 83' lang='lat' dir='ltr'>Copiam</span> <span class='ocrx_word' id='word_1_337' title='bbox 1077 1681 1085 1696; x_wconf 91' lang='lat'>,</span> <span class='ocrx_word' id='word_1_338' title='bbox 1101 1657 1150 1687; x_wconf 89' lang='lat' dir='ltr'>sub</span> <span class='ocrx_word' id='word_1_339' title='bbox 1172 1657 1216 1686; x_wconf 90' lang='lat' dir='ltr'>Si-</span> 
     </span>
     <span class='ocr_line' id='line_1_39' title="bbox 160 1694 1217 1740; baseline -0.006 -10"><span class='ocrx_word' id='word_1_340' title='bbox 160 1699 230 1740; x_wconf 87' lang='lat' dir='ltr'>gillis</span> <span class='ocrx_word' id='word_1_341' title='bbox 252 1701 414 1738; x_wconf 58' lang='lat' dir='ltr'>dictorum,</span> <span class='ocrx_word' id='word_1_342' title='bbox 429 1699 577 1731; x_wconf 87' lang='lat' dir='ltr'>Senescalli</span> <span class='ocrx_word' id='word_1_343' title='bbox 596 1700 630 1730; x_wconf 92' lang='lat'>&amp;</span> <span class='ocrx_word' id='word_1_344' title='bbox 651 1697 877 1736; x_wconf 85' lang='lat' dir='ltr'>Constabularii,</span> <span class='ocrx_word' id='word_1_345' title='bbox 895 1707 928 1727; x_wconf 89' lang='lat' dir='ltr'>ac</span> <span class='ocrx_word' id='word_1_346' title='bbox 950 1696 1087 1726; x_wconf 83' lang='lat' dir='ltr'>Officialis</span> <span class='ocrx_word' id='word_1_347' title='bbox 1110 1694 1217 1725; x_wconf 87' lang='lat' dir='ltr'>Burde-</span> 
     </span>
     <span class='ocr_line' id='line_1_40' title="bbox 162 1733 1216 1778; baseline -0.007 -9"><span class='ocrx_word' id='word_1_348' title='bbox 162 1739 257 1778; x_wconf 86' lang='lat' dir='ltr'>galiae,</span> <span class='ocrx_word' id='word_1_349' title='bbox 274 1739 310 1769; x_wconf 92' lang='lat' dir='ltr'>de</span> <span class='ocrx_word' id='word_1_350' title='bbox 324 1738 437 1769; x_wconf 89' lang='lat' dir='ltr'>Officio</span> <span class='ocrx_word' id='word_1_351' title='bbox 450 1738 517 1775; x_wconf 91' lang='lat' dir='ltr'>suo,</span> <span class='ocrx_word' id='word_1_352' title='bbox 536 1738 658 1775; x_wconf 84' lang='lat' dir='ltr'>praefati,</span> <span class='ocrx_word' id='word_1_353' title='bbox 677 1736 846 1766; x_wconf 90' lang='lat' dir='ltr'>Senescallus</span> <span class='ocrx_word' id='word_1_354' title='bbox 862 1737 896 1766; x_wconf 91' lang='lat'><strong>&amp;</strong></span> <span class='ocrx_word' id='word_1_355' title='bbox 909 1735 1159 1771; x_wconf 84' lang='lat' dir='ltr'>Constabularius,</span> <span class='ocrx_word' id='word_1_356' title='bbox 1173 1733 1216 1762; x_wconf 91' lang='lat' dir='ltr'>di-</span> 
     </span>
     <span class='ocr_line' id='line_1_41' title="bbox 162 1772 1217 1816; baseline -0.007 -8"><span class='ocrx_word' id='word_1_357' title='bbox 162 1778 214 1808; x_wconf 63' lang='lat' dir='ltr'>cto</span> <span class='ocrx_word' id='word_1_358' title='bbox 234 1777 367 1809; x_wconf 89' lang='lat' dir='ltr'>Domino</span> <span class='ocrx_word' id='word_1_359' title='bbox 387 1775 486 1808; x_wconf 90' lang='lat' dir='ltr'>nostro</span> <span class='ocrx_word' id='word_1_360' title='bbox 505 1776 599 1816; x_wconf 86' lang='lat' dir='ltr'>Regi,</span> <span class='ocrx_word' id='word_1_361' title='bbox 614 1776 648 1807; x_wconf 88' lang='lat'>&amp;</span> <span class='ocrx_word' id='word_1_362' title='bbox 667 1774 763 1813; x_wconf 90' lang='lat' dir='ltr'>Duci,</span> <span class='ocrx_word' id='word_1_363' title='bbox 781 1774 814 1805; x_wconf 73' lang='grc' dir='ltr'>δε</span> <span class='ocrx_word' id='word_1_364' title='bbox 836 1773 972 1805; x_wconf 88' lang='lat' dir='ltr'>Concilio</span> <span class='ocrx_word' id='word_1_365' title='bbox 992 1773 1060 1811; x_wconf 88' lang='lat' dir='ltr'>suo,</span> <span class='ocrx_word' id='word_1_366' title='bbox 1079 1772 1217 1803; x_wconf 88' lang='lat' dir='ltr'>transmit—</span> 
     </span>
     <span class='ocr_line' id='line_1_42' title="bbox 160 1824 239 1847; baseline 0 0"><span class='ocrx_word' id='word_1_367' title='bbox 160 1824 239 1847; x_wconf 86' lang='lat' dir='ltr'>tunt:</span> 
     </span>
    </p>

    <p class='ocr_par' dir='ltr' id='par_1_7' title="bbox 196 1853 587 1892">
     <span class='ocr_line' id='line_1_43' title="bbox 196 1853 587 1892; baseline -0.003 -7"><span class='ocrx_word' id='word_1_368' title='bbox 196 1854 235 1886; x_wconf 92' lang='lat' dir='ltr'>Et</span> <span class='ocrx_word' id='word_1_369' title='bbox 248 1855 284 1885; x_wconf 90' lang='lat' dir='ltr'>de</span> <span class='ocrx_word' id='word_1_370' title='bbox 298 1853 473 1885; x_wconf 84' lang='lat' dir='ltr'>Poffeffione</span> <span class='ocrx_word' id='word_1_371' title='bbox 486 1854 568 1885; x_wconf 88' lang='lat' dir='ltr'>etiarn</span> <span class='ocrx_word' id='word_1_372' title='bbox 577 1876 587 1892; x_wconf 92' lang='lat'>,</span> 
     </span>
    </p>

    <p class='ocr_par' dir='ltr' id='par_1_8' title="bbox 158 1887 1221 2084">
     <span class='ocr_line' id='line_1_44' title="bbox 200 1887 1219 1932; baseline -0.005 -9"><span class='ocrx_word' id='word_1_373' title='bbox 200 1894 301 1932; x_wconf 85' lang='lat' dir='ltr'>Qam</span> <span class='ocrx_word' id='word_1_374' title='bbox 312 1901 392 1924; x_wconf 89' lang='lat' dir='ltr'>antea</span> <span class='ocrx_word' id='word_1_375' title='bbox 404 1892 620 1924; x_wconf 84' lang='lat' dir='ltr'>Praedeceffores</span> <span class='ocrx_word' id='word_1_376' title='bbox 633 1891 703 1922; x_wconf 61' lang='lat' dir='ltr'>dieti</span> <span class='ocrx_word' id='word_1_377' title='bbox 718 1890 946 1929; x_wconf 86' lang='lat' dir='ltr'>Archiepiscopi,</span> <span class='ocrx_word' id='word_1_378' title='bbox 963 1899 996 1920; x_wconf 91' lang='lat' dir='ltr'>ac</span> <span class='ocrx_word' id='word_1_379' title='bbox 1004 1888 1149 1920; x_wconf 57' lang='lat' dir='ltr'>diciorum</span> <span class='ocrx_word' id='word_1_380' title='bbox 1156 1887 1219 1918; x_wconf 92' lang='lat' dir='ltr'>De-</span> 
     </span>
     <span class='ocr_line' id='line_1_45' title="bbox 158 1930 1220 1970; baseline -0.005 -9"><span class='ocrx_word' id='word_1_381' title='bbox 158 1932 224 1962; x_wconf 85' lang='lat' dir='ltr'>cani</span> <span class='ocrx_word' id='word_1_382' title='bbox 236 1933 269 1962; x_wconf 94' lang='lat'>&amp;</span> <span class='ocrx_word' id='word_1_383' title='bbox 282 1930 421 1970; x_wconf 76' lang='lat' dir='ltr'>Capituli,</span> <span class='ocrx_word' id='word_1_384' title='bbox 439 1932 468 1961; x_wconf 91' lang='lat' dir='ltr'>in</span> <span class='ocrx_word' id='word_1_385' title='bbox 482 1941 536 1969; x_wconf 87' lang='lat' dir='ltr'>qua</span> <span class='ocrx_word' id='word_1_386' title='bbox 549 1931 672 1968; x_wconf 88' lang='lat' dir='ltr'>fuerant,</span> <span class='ocrx_word' id='word_1_387' title='bbox 687 1937 833 1960; x_wconf 87' lang='lat' dir='ltr'>tenuerant</span> <span class='ocrx_word' id='word_1_388' title='bbox 845 1931 878 1961; x_wconf 69' lang='grc' dir='ltr'>ὃς</span> <span class='ocrx_word' id='word_1_389' title='bbox 891 1930 1046 1960; x_wconf 88' lang='lat' dir='ltr'>habuerant</span> <span class='ocrx_word' id='word_1_390' title='bbox 1059 1938 1108 1967; x_wconf 91' lang='lat' dir='ltr'>per</span> <span class='ocrx_word' id='word_1_391' title='bbox 1122 1937 1220 1965; x_wconf 88' lang='lat' dir='ltr'>recep-</span> 
     </span>
     <span class='ocr_line' id='line_1_46' title="bbox 162 1967 1220 2008; baseline -0.006 -7"><span class='ocrx_word' id='word_1_392' title='bbox 162 1971 272 2001; x_wconf 86' lang='lat' dir='ltr'>tionem</span> <span class='ocrx_word' id='word_1_393' title='bbox 288 1969 447 2008; x_wconf 80' lang='lat' dir='ltr'>hujusmodi</span> <span class='ocrx_word' id='word_1_394' title='bbox 460 1969 624 2000; x_wconf 89' lang='lat' dir='ltr'>Tertiarum</span> <span class='ocrx_word' id='word_1_395' title='bbox 637 1970 759 2006; x_wconf 88' lang='lat' dir='ltr'>partium</span> <span class='ocrx_word' id='word_1_396' title='bbox 772 1967 917 2006; x_wconf 78' lang='lat' dir='ltr'>Camerae,</span> <span class='ocrx_word' id='word_1_397' title='bbox 933 1967 978 1997; x_wconf 90' lang='lat' dir='ltr'>seu</span> <span class='ocrx_word' id='word_1_398' title='bbox 994 1967 1220 2004; x_wconf 80' lang='lat' dir='ltr'>Monetae,prae-</span> 
     </span>
     <span class='ocr_line' id='line_1_47' title="bbox 162 2004 1221 2047; baseline -0.005 -9"><span class='ocrx_word' id='word_1_399' title='bbox 162 2008 248 2039; x_wconf 55' lang='lat' dir='ltr'>dieue</span> <span class='ocrx_word' id='word_1_400' title='bbox 263 2032 273 2047; x_wconf 90' lang='lat'>,</span> <span class='ocrx_word' id='word_1_401' title='bbox 290 2017 306 2038; x_wconf 83' lang='lat' dir='ltr'>a</span> <span class='ocrx_word' id='word_1_402' title='bbox 325 2008 446 2038; x_wconf 85' lang='lat' dir='ltr'>nonullis</span> <span class='ocrx_word' id='word_1_403' title='bbox 465 2007 686 2038; x_wconf 89' lang='lat' dir='ltr'>Constabulariis</span> <span class='ocrx_word' id='word_1_404' title='bbox 704 2007 738 2038; x_wconf 91' lang='lat'>&amp;</span> <span class='ocrx_word' id='word_1_405' title='bbox 764 2006 922 2037; x_wconf 89' lang='lat' dir='ltr'>Senescallis</span> <span class='ocrx_word' id='word_1_406' title='bbox 936 2030 945 2043; x_wconf 93' lang='lat'>,</span> <span class='ocrx_word' id='word_1_407' title='bbox 964 2004 1221 2035; x_wconf 87' lang='lat' dir='ltr'>Praedecessoribus</span> 
     </span>
     <span class='ocr_line' id='line_1_48' title="bbox 162 2043 1176 2084; baseline -0.004 -7"><span class='ocrx_word' id='word_1_408' title='bbox 162 2045 352 2083; x_wconf 87' lang='lat' dir='ltr'>eorumdem,</span> <span class='ocrx_word' id='word_1_409' title='bbox 370 2046 456 2084; x_wconf 88' lang='lat' dir='ltr'>usque</span> <span class='ocrx_word' id='word_1_410' title='bbox 470 2046 504 2076; x_wconf 90' lang='lat' dir='ltr'>ad</span> <span class='ocrx_word' id='word_1_411' title='bbox 518 2054 628 2084; x_wconf 85' lang='lat' dir='ltr'>tempus</span> <span class='ocrx_word' id='word_1_412' title='bbox 639 2044 708 2076; x_wconf 69' lang='lat' dir='ltr'>dieti</span> <span class='ocrx_word' id='word_1_413' title='bbox 720 2044 850 2083; x_wconf 88' lang='lat' dir='ltr'>Ricardi,</span> <span class='ocrx_word' id='word_1_414' title='bbox 867 2045 937 2076; x_wconf 85' lang='lat' dir='ltr'>olim</span> <span class='ocrx_word' id='word_1_415' title='bbox 951 2043 1176 2082; x_wconf 83' lang='lat' dir='ltr'>Constabularii,</span> 
     </span>
    </p>

    <p class='ocr_par' dir='ltr' id='par_1_9' title="bbox 203 2084 618 2122">
     <span class='ocr_line' id='line_1_49' title="bbox 203 2084 618 2122; baseline 0 -8"><span class='ocrx_word' id='word_1_416' title='bbox 203 2084 317 2114; x_wconf 67' lang='lat' dir='ltr'>Plenifis</span> <span class='ocrx_word' id='word_1_417' title='bbox 332 2084 493 2122; x_wconf 88' lang='lat' dir='ltr'>informati,</span> <span class='ocrx_word' id='word_1_418' title='bbox 602 2088 618 2107; x_wconf 73' lang='lat'>0</span> 
     </span>
    </p>

    <p class='ocr_par' dir='ltr' id='par_1_10' title="bbox 161 2121 1225 2397">
     <span class='ocr_line' id='line_1_50' title="bbox 203 2121 1221 2169; baseline 0 -17"><span class='ocrx_word' id='word_1_419' title='bbox 203 2121 264 2153; x_wconf 89' lang='lat' dir='ltr'>Pro</span> <span class='ocrx_word' id='word_1_420' title='bbox 284 2132 321 2166; x_wconf 81' lang='lat' dir='ltr'>eo</span> <span class='ocrx_word' id='word_1_421' title='bbox 338 2122 540 2169; x_wconf 68' lang='lat' dir='ltr'>pacificatum,</span> <span class='ocrx_word' id='word_1_422' title='bbox 559 2123 604 2154; x_wconf 89' lang='lat' dir='ltr'>seu</span> <span class='ocrx_word' id='word_1_423' title='bbox 618 2124 702 2154; x_wconf 85' lang='lat' dir='ltr'>etiarn</span> <span class='ocrx_word' id='word_1_424' title='bbox 715 2123 912 2163; x_wconf 73' lang='lat' dir='ltr'>transigerunt,</span> <span class='ocrx_word' id='word_1_425' title='bbox 930 2123 1049 2155; x_wconf 89' lang='lat' dir='ltr'>&amp;inter</span> <span class='ocrx_word' id='word_1_426' title='bbox 1061 2122 1087 2154; x_wconf 90' lang='lat' dir='ltr'>se</span> <span class='ocrx_word' id='word_1_427' title='bbox 1100 2121 1133 2153; x_wconf 88' lang='lat' dir='ltr'>ad</span> <span class='ocrx_word' id='word_1_428' title='bbox 1147 2123 1221 2153; x_wconf 91' lang='lat' dir='ltr'>invi-</span> 
     </span>
     <span class='ocr_line' id='line_1_51' title="bbox 161 2160 1223 2201; baseline 0 -9"><span class='ocrx_word' id='word_1_429' title='bbox 161 2164 231 2192; x_wconf 79' lang='lat' dir='ltr'>&#39;cem</span> <span class='ocrx_word' id='word_1_430' title='bbox 251 2160 416 2192; x_wconf 88' lang='lat' dir='ltr'>ordinarunt</span> <span class='ocrx_word' id='word_1_431' title='bbox 434 2161 514 2200; x_wconf 85' lang='lat' dir='ltr'>quod</span> <span class='ocrx_word' id='word_1_432' title='bbox 535 2162 601 2201; x_wconf 81' lang='lat' dir='ltr'>ipsi,</span> <span class='ocrx_word' id='word_1_433' title='bbox 620 2162 870 2201; x_wconf 83' lang='lat' dir='ltr'>Archiepiscopus,</span> <span class='ocrx_word' id='word_1_434' title='bbox 889 2161 1039 2200; x_wconf 87' lang='lat' dir='ltr'>Decanus,</span> <span class='ocrx_word' id='word_1_435' title='bbox 1059 2163 1091 2193; x_wconf 89' lang='lat'>&amp;</span> <span class='ocrx_word' id='word_1_436' title='bbox 1105 2161 1149 2192; x_wconf 89' lang='lat' dir='ltr'>Ca</span> <span class='ocrx_word' id='word_1_437' title='bbox 1170 2161 1223 2192; x_wconf 88' lang='lat' dir='ltr'>itu-</span> 
     </span>
     <span class='ocr_line' id='line_1_52' title="bbox 164 2199 1223 2238; baseline -0.001 -8"><span class='ocrx_word' id='word_1_438' title='bbox 164 2200 245 2238; x_wconf 82' lang='lat' dir='ltr'>1um,</span> <span class='ocrx_word' id='word_1_439' title='bbox 262 2200 296 2230; x_wconf 73' lang='grc' dir='ltr'>ὅ(</span> <span class='ocrx_word' id='word_1_440' title='bbox 309 2199 426 2238; x_wconf 86' lang='lat' dir='ltr'>quilibet</span> <span class='ocrx_word' id='word_1_441' title='bbox 438 2210 486 2238; x_wconf 92' lang='lat' dir='ltr'>per</span> <span class='ocrx_word' id='word_1_442' title='bbox 501 2200 553 2238; x_wconf 86' lang='lat' dir='ltr'>Se,</span> <span class='ocrx_word' id='word_1_443' title='bbox 570 2200 603 2231; x_wconf 72' lang='grc' dir='ltr'>ὃς</span> <span class='ocrx_word' id='word_1_444' title='bbox 617 2200 657 2231; x_wconf 90' lang='lat' dir='ltr'>sui</span> <span class='ocrx_word' id='word_1_445' title='bbox 672 2200 850 2231; x_wconf 90' lang='lat' dir='ltr'>Successores</span> <span class='ocrx_word' id='word_1_446' title='bbox 870 2200 1019 2231; x_wconf 87' lang='lat' dir='ltr'>rehabeant</span> <span class='ocrx_word' id='word_1_447' title='bbox 1039 2200 1125 2231; x_wconf 67' lang='lat' dir='ltr'>dietas</span> <span class='ocrx_word' id='word_1_448' title='bbox 1179 2210 1223 2230; x_wconf 89' lang='lat' dir='ltr'>er-</span> 
     </span>
     <span class='ocr_line' id='line_1_53' title="bbox 163 2236 1223 2278; baseline -0.001 -9"><span class='ocrx_word' id='word_1_449' title='bbox 163 2239 214 2270; x_wconf 85' lang='lat' dir='ltr'>tias</span> <span class='ocrx_word' id='word_1_450' title='bbox 234 2246 323 2276; x_wconf 88' lang='lat' dir='ltr'>partes</span> <span class='ocrx_word' id='word_1_451' title='bbox 344 2236 494 2276; x_wconf 85' lang='lat' dir='ltr'>Camerae,</span> <span class='ocrx_word' id='word_1_452' title='bbox 510 2238 555 2269; x_wconf 90' lang='lat' dir='ltr'>seu</span> <span class='ocrx_word' id='word_1_453' title='bbox 575 2238 724 2278; x_wconf 83' lang='lat' dir='ltr'>Monetae,</span> <span class='ocrx_word' id='word_1_454' title='bbox 739 2239 882 2277; x_wconf 64' lang='lat' dir='ltr'>praedietae</span> <span class='ocrx_word' id='word_1_455' title='bbox 896 2263 905 2276; x_wconf 94' lang='lat'>,</span> <span class='ocrx_word' id='word_1_456' title='bbox 923 2239 941 2269; x_wconf 90' lang='lat' dir='ltr'>si</span> <span class='ocrx_word' id='word_1_457' title='bbox 963 2239 1068 2276; x_wconf 88' lang='lat' dir='ltr'>placeat</span> <span class='ocrx_word' id='word_1_458' title='bbox 1089 2239 1223 2269; x_wconf 91' lang='lat' dir='ltr'>Domino</span> 
     </span>
     <span class='ocr_line' id='line_1_54' title="bbox 165 2275 1225 2321; baseline -0.001 -14"><span class='ocrx_word' id='word_1_459' title='bbox 165 2275 268 2321; x_wconf 78' lang='lat' dir='ltr'>nostro</span> <span class='ocrx_word' id='word_1_460' title='bbox 288 2275 383 2315; x_wconf 84' lang='lat' dir='ltr'>Regi,</span> <span class='ocrx_word' id='word_1_461' title='bbox 402 2277 435 2308; x_wconf 90' lang='lat'>&amp;</span> <span class='ocrx_word' id='word_1_462' title='bbox 454 2276 535 2307; x_wconf 91' lang='lat' dir='ltr'>Duci</span> <span class='ocrx_word' id='word_1_463' title='bbox 559 2277 714 2316; x_wconf 62' lang='lat' dir='ltr'>praedicto,</span> <span class='ocrx_word' id='word_1_464' title='bbox 731 2277 862 2308; x_wconf 91' lang='lat' dir='ltr'>tenendas</span> <span class='ocrx_word' id='word_1_465' title='bbox 881 2277 941 2307; x_wconf 88' lang='lat' dir='ltr'>Sibi</span> <span class='ocrx_word' id='word_1_466' title='bbox 959 2278 992 2308; x_wconf 79' lang='grc' dir='ltr'>δε</span> <span class='ocrx_word' id='word_1_467' title='bbox 1012 2277 1225 2308; x_wconf 82' lang='lat' dir='ltr'>Successoribus</span> 
     </span>
     <span class='ocr_line' id='line_1_55' title="bbox 167 2315 1224 2355; baseline 0 -9"><span class='ocrx_word' id='word_1_468' title='bbox 167 2315 222 2346; x_wconf 87' lang='lat' dir='ltr'>suis</span> <span class='ocrx_word' id='word_1_469' title='bbox 237 2317 394 2353; x_wconf 82' lang='lat' dir='ltr'>perpetuo,</span> <span class='ocrx_word' id='word_1_470' title='bbox 408 2323 484 2353; x_wconf 81' lang='lat' dir='ltr'>Juxta</span> <span class='ocrx_word' id='word_1_471' title='bbox 499 2316 622 2346; x_wconf 89' lang='lat' dir='ltr'>formam</span> <span class='ocrx_word' id='word_1_472' title='bbox 635 2317 669 2347; x_wconf 88' lang='lat'>&amp;</span> <span class='ocrx_word' id='word_1_473' title='bbox 683 2325 814 2346; x_wconf 90' lang='lat' dir='ltr'>tenorem</span> <span class='ocrx_word' id='word_1_474' title='bbox 831 2315 996 2355; x_wconf 67' lang='lat' dir='ltr'>Cauarum,</span> <span class='ocrx_word' id='word_1_475' title='bbox 1017 2315 1224 2347; x_wconf 86' lang='lat' dir='ltr'>Memorando-</span> 
     </span>
     <span class='ocr_line' id='line_1_56' title="bbox 166 2353 1187 2393; baseline 0.001 -10"><span class='ocrx_word' id='word_1_476' title='bbox 166 2363 250 2391; x_wconf 85' lang='lat' dir='ltr'>rum,</span> <span class='ocrx_word' id='word_1_477' title='bbox 266 2353 299 2384; x_wconf 89' lang='lat'>&amp;</span> <span class='ocrx_word' id='word_1_478' title='bbox 314 2353 530 2393; x_wconf 86' lang='lat' dir='ltr'>Privilegiorum</span> <span class='ocrx_word' id='word_1_479' title='bbox 538 2354 680 2384; x_wconf 65' lang='lat' dir='ltr'>factorum</span> <span class='ocrx_word' id='word_1_480' title='bbox 691 2355 724 2384; x_wconf 91' lang='lat'>&amp;</span> <span class='ocrx_word' id='word_1_481' title='bbox 740 2354 958 2392; x_wconf 77' lang='lat' dir='ltr'>concessorum,</span> <span class='ocrx_word' id='word_1_482' title='bbox 975 2363 1005 2385; x_wconf 92' lang='lat' dir='ltr'>ut</span> <span class='ocrx_word' id='word_1_483' title='bbox 1018 2355 1187 2392; x_wconf 62' lang='lat' dir='ltr'>praedicitur.</span> 
     </span>
    </p>

    <p class='ocr_par' dir='ltr' id='par_1_11' title="bbox 167 2391 1232 2775">
     <span class='ocr_line' id='line_1_57' title="bbox 209 2391 1225 2431; baseline 0.002 -10"><span class='ocrx_word' id='word_1_484' title='bbox 209 2391 247 2422; x_wconf 91' lang='lat' dir='ltr'>Et</span> <span class='ocrx_word' id='word_1_485' title='bbox 259 2401 345 2422; x_wconf 85' lang='lat' dir='ltr'>etiam</span> <span class='ocrx_word' id='word_1_486' title='bbox 359 2401 536 2423; x_wconf 87' lang='lat' dir='ltr'>conventum</span> <span class='ocrx_word' id='word_1_487' title='bbox 552 2392 594 2423; x_wconf 91' lang='lat' dir='ltr'>est</span> <span class='ocrx_word' id='word_1_488' title='bbox 607 2393 641 2423; x_wconf 88' lang='lat'>&amp;</span> <span class='ocrx_word' id='word_1_489' title='bbox 658 2392 825 2423; x_wconf 90' lang='lat' dir='ltr'>concessum</span> <span class='ocrx_word' id='word_1_490' title='bbox 845 2392 965 2431; x_wconf 85' lang='lat' dir='ltr'>eisdem,</span> <span class='ocrx_word' id='word_1_491' title='bbox 985 2393 1225 2431; x_wconf 86' lang='lat' dir='ltr'>Archiepiscopo,</span> 
     </span>
     <span class='ocr_line' id='line_1_58' title="bbox 167 2427 1225 2470; baseline 0.003 -11"><span class='ocrx_word' id='word_1_492' title='bbox 167 2427 294 2460; x_wconf 81' lang='lat' dir='ltr'>Decano</span> <span class='ocrx_word' id='word_1_493' title='bbox 310 2431 343 2461; x_wconf 91' lang='lat'>&amp;</span> <span class='ocrx_word' id='word_1_494' title='bbox 358 2429 509 2469; x_wconf 87' lang='lat' dir='ltr'>Capitulo,</span> <span class='ocrx_word' id='word_1_495' title='bbox 526 2432 560 2462; x_wconf 75' lang='grc' dir='ltr'>δε</span> <span class='ocrx_word' id='word_1_496' title='bbox 573 2431 687 2461; x_wconf 83' lang='lat' dir='ltr'>cuilibet</span> <span class='ocrx_word' id='word_1_497' title='bbox 702 2441 752 2469; x_wconf 89' lang='lat' dir='ltr'>per</span> <span class='ocrx_word' id='word_1_498' title='bbox 764 2431 872 2469; x_wconf 88' lang='lat' dir='ltr'>Se,per</span> <span class='ocrx_word' id='word_1_499' title='bbox 884 2432 1014 2469; x_wconf 84' lang='lat' dir='ltr'>praefatos</span> <span class='ocrx_word' id='word_1_500' title='bbox 1023 2431 1225 2470; x_wconf 80' lang='lat' dir='ltr'>‚senescallum</span> 
     </span>
     <span class='ocr_line' id='line_1_59' title="bbox 167 2466 1228 2512; baseline 0.003 -15"><span class='ocrx_word' id='word_1_501' title='bbox 167 2468 203 2512; x_wconf 63' lang='grc' dir='ltr'>ὃς,</span> <span class='ocrx_word' id='word_1_502' title='bbox 219 2466 483 2512; x_wconf 80' lang='lat' dir='ltr'>Constabularium,</span> <span class='ocrx_word' id='word_1_503' title='bbox 501 2470 618 2500; x_wconf 89' lang='lat' dir='ltr'>nomine</span> <span class='ocrx_word' id='word_1_504' title='bbox 631 2470 738 2508; x_wconf 80' lang='lat' dir='ltr'>praefati</span> <span class='ocrx_word' id='word_1_505' title='bbox 754 2469 877 2500; x_wconf 90' lang='lat' dir='ltr'>Domini</span> <span class='ocrx_word' id='word_1_506' title='bbox 890 2469 979 2500; x_wconf 88' lang='lat' dir='ltr'>nostri</span> <span class='ocrx_word' id='word_1_507' title='bbox 992 2470 1097 2509; x_wconf 85' lang='lat' dir='ltr'>Regis,</span> <span class='ocrx_word' id='word_1_508' title='bbox 1115 2471 1148 2501; x_wconf 91' lang='lat'>&amp;</span> <span class='ocrx_word' id='word_1_509' title='bbox 1162 2469 1228 2500; x_wconf 91' lang='lat' dir='ltr'>Du-</span> 
     </span>
     <span class='ocr_line' id='line_1_60' title="bbox 168 2506 1227 2551; baseline 0.003 -15"><span class='ocrx_word' id='word_1_510' title='bbox 168 2516 226 2545; x_wconf 85' lang='lat' dir='ltr'>cis,</span> <span class='ocrx_word' id='word_1_511' title='bbox 237 2506 264 2551; x_wconf 34' lang='lat' dir='ltr'>‘si</span> <span class='ocrx_word' id='word_1_512' title='bbox 287 2507 337 2536; x_wconf 84' lang='lat' dir='ltr'>sibi</span> <span class='ocrx_word' id='word_1_513' title='bbox 358 2507 509 2545; x_wconf 83' lang='lat' dir='ltr'>placuerit,</span> <span class='ocrx_word' id='word_1_514' title='bbox 528 2508 608 2546; x_wconf 76' lang='lat' dir='ltr'>quod</span> <span class='ocrx_word' id='word_1_515' title='bbox 631 2508 734 2546; x_wconf 90' lang='lat' dir='ltr'>iidem,</span> <span class='ocrx_word' id='word_1_516' title='bbox 752 2508 986 2546; x_wconf 86' lang='lat' dir='ltr'>Archiepiscopus</span> <span class='ocrx_word' id='word_1_517' title='bbox 999 2532 1010 2547; x_wconf 89' lang='lat'>,</span> <span class='ocrx_word' id='word_1_518' title='bbox 1026 2509 1179 2547; x_wconf 88' lang='lat' dir='ltr'>Decanus,</span> <span class='ocrx_word' id='word_1_519' title='bbox 1194 2509 1227 2539; x_wconf 93' lang='lat'>&amp;</span> 
     </span>
     <span class='ocr_line' id='line_1_61' title="bbox 168 2543 1226 2586; baseline 0.003 -11"><span class='ocrx_word' id='word_1_520' title='bbox 168 2543 353 2583; x_wconf 83' lang='lat' dir='ltr'>Capitulum,</span> <span class='ocrx_word' id='word_1_521' title='bbox 371 2545 405 2577; x_wconf 65' lang='grc' dir='ltr'>ὃς</span> <span class='ocrx_word' id='word_1_522' title='bbox 418 2545 475 2584; x_wconf 89' lang='lat' dir='ltr'>sui,</span> <span class='ocrx_word' id='word_1_523' title='bbox 494 2546 690 2584; x_wconf 85' lang='lat' dir='ltr'>Succeflores,</span> <span class='ocrx_word' id='word_1_524' title='bbox 708 2546 745 2577; x_wconf 88' lang='lat' dir='ltr'>de</span> <span class='ocrx_word' id='word_1_525' title='bbox 756 2555 860 2577; x_wconf 88' lang='lat' dir='ltr'>caetero</span> <span class='ocrx_word' id='word_1_526' title='bbox 874 2547 969 2585; x_wconf 81' lang='lat' dir='ltr'>quod,</span> <span class='ocrx_word' id='word_1_527' title='bbox 988 2557 1171 2586; x_wconf 82' lang='lat' dir='ltr'>quocumque</span> <span class='ocrx_word' id='word_1_528' title='bbox 1193 2547 1226 2577; x_wconf 92' lang='lat'>&amp;</span> 
     </span>
     <span class='ocr_line' id='line_1_62' title="bbox 168 2583 1230 2628; baseline 0.002 -15"><span class='ocrx_word' id='word_1_529' title='bbox 168 2583 354 2628; x_wconf 80' lang='lat' dir='ltr'>quandocum</span> <span class='ocrx_word' id='word_1_530' title='bbox 377 2594 429 2621; x_wconf 88' lang='lat' dir='ltr'>ue,</span> <span class='ocrx_word' id='word_1_531' title='bbox 448 2583 568 2614; x_wconf 88' lang='lat' dir='ltr'>Moneta</span> <span class='ocrx_word' id='word_1_532' title='bbox 579 2585 730 2623; x_wconf 66' lang='lat' dir='ltr'>praedicsta,</span> <span class='ocrx_word' id='word_1_533' title='bbox 747 2586 829 2616; x_wconf 87' lang='lat' dir='ltr'>certis</span> <span class='ocrx_word' id='word_1_534' title='bbox 848 2584 885 2615; x_wconf 89' lang='lat' dir='ltr'>de</span> <span class='ocrx_word' id='word_1_535' title='bbox 903 2586 1005 2624; x_wconf 58' lang='lat' dir='ltr'>caum,</span> <span class='ocrx_word' id='word_1_536' title='bbox 1024 2587 1141 2616; x_wconf 89' lang='lat' dir='ltr'>nomine</span> <span class='ocrx_word' id='word_1_537' title='bbox 1164 2584 1230 2615; x_wconf 92' lang='lat' dir='ltr'>Do-</span> 
     </span>
     <span class='ocr_line' id='line_1_63' title="bbox 170 2621 1229 2666; baseline 0.003 -14"><span class='ocrx_word' id='word_1_538' title='bbox 170 2630 244 2666; x_wconf 79' lang='lat' dir='ltr'>mini</span> <span class='ocrx_word' id='word_1_539' title='bbox 263 2621 353 2666; x_wconf 77' lang='lat' dir='ltr'>nostri</span> <span class='ocrx_word' id='word_1_540' title='bbox 405 2632 421 2652; x_wconf 91' lang='lat' dir='ltr'>e</span> <span class='ocrx_word' id='word_1_541' title='bbox 443 2623 448 2628; x_wconf 88' lang='lat'>&#39;</span> <span class='ocrx_word' id='word_1_542' title='bbox 468 2645 478 2661; x_wconf 93' lang='lat'>,</span> <span class='ocrx_word' id='word_1_543' title='bbox 493 2622 527 2653; x_wconf 91' lang='lat'>&amp;</span> <span class='ocrx_word' id='word_1_544' title='bbox 550 2622 658 2661; x_wconf 87' lang='lat' dir='ltr'>Ducis,</span> <span class='ocrx_word' id='word_1_545' title='bbox 676 2623 709 2653; x_wconf 67' lang='grc' dir='ltr'>ὃς</span> <span class='ocrx_word' id='word_1_546' title='bbox 725 2623 883 2653; x_wconf 85' lang='lat' dir='ltr'>Haeredum</span> <span class='ocrx_word' id='word_1_547' title='bbox 896 2624 1027 2662; x_wconf 91' lang='lat' dir='ltr'>suorum,</span> <span class='ocrx_word' id='word_1_548' title='bbox 1049 2625 1170 2655; x_wconf 88' lang='lat' dir='ltr'>Ducum</span> <span class='ocrx_word' id='word_1_549' title='bbox 1188 2623 1229 2654; x_wconf 89' lang='lat' dir='ltr'>A-</span> 
     </span>
     <span class='ocr_line' id='line_1_64' title="bbox 171 2660 1231 2700; baseline 0.002 -10"><span class='ocrx_word' id='word_1_550' title='bbox 171 2668 321 2699; x_wconf 86' lang='lat' dir='ltr'>quitaniae,</span> <span class='ocrx_word' id='word_1_551' title='bbox 339 2661 409 2690; x_wconf 84' lang='lat' dir='ltr'>infra</span> <span class='ocrx_word' id='word_1_552' title='bbox 432 2670 501 2691; x_wconf 90' lang='lat' dir='ltr'>uum</span> <span class='ocrx_word' id='word_1_553' title='bbox 515 2660 662 2691; x_wconf 90' lang='lat' dir='ltr'>Ducatum</span> <span class='ocrx_word' id='word_1_554' title='bbox 676 2661 759 2692; x_wconf 89' lang='lat' dir='ltr'>fuerit</span> <span class='ocrx_word' id='word_1_555' title='bbox 783 2660 871 2691; x_wconf 84' lang='lat' dir='ltr'>Cuffa</span> <span class='ocrx_word' id='word_1_556' title='bbox 905 2662 951 2692; x_wconf 89' lang='lat' dir='ltr'>seu</span> <span class='ocrx_word' id='word_1_557' title='bbox 971 2662 1127 2700; x_wconf 89' lang='lat' dir='ltr'>Cudenda,</span> <span class='ocrx_word' id='word_1_558' title='bbox 1145 2662 1231 2692; x_wconf 87' lang='lat' dir='ltr'>habe-</span> 
     </span>
     <span class='ocr_line' id='line_1_65' title="bbox 171 2685 1232 2775; baseline 0.002 -47"><span class='ocrx_word' id='word_1_559' title='bbox 171 2698 464 2775; x_wconf 49' lang='grc' dir='ltr'>ξυηὲβέξέεῑεὶρίεοῑ</span> <span class='ocrx_word' id='word_1_560' title='bbox 476 2699 586 2731; x_wconf 87' lang='lat' dir='ltr'>Tertias</span> <span class='ocrx_word' id='word_1_561' title='bbox 600 2708 691 2738; x_wconf 88' lang='lat' dir='ltr'>partes</span> <span class='ocrx_word' id='word_1_562' title='bbox 703 2699 848 2738; x_wconf 63' lang='lat' dir='ltr'>praedietas</span> <span class='ocrx_word' id='word_1_563' title='bbox 863 2685 1066 2740; x_wconf 79' lang='lat' dir='ltr'>Camerae,seu</span> <span class='ocrx_word' id='word_1_564' title='bbox 1083 2700 1232 2739; x_wconf 79' lang='lat' dir='ltr'>Monetae,</span> 
     </span>
    </p>

    <p class='ocr_par' dir='ltr' id='par_1_12' title="bbox 194 2747 326 2767">
     <span class='ocr_line' id='line_1_66' title="bbox 194 2747 326 2767; baseline 0.008 -1"><span class='ocrx_word' id='word_1_565' title='bbox 194 2747 233 2766; x_wconf 88' lang='lat' dir='ltr'>rae</span> <span class='ocrx_word' id='word_1_566' title='bbox 254 2747 262 2766; x_wconf 90' lang='lat' dir='ltr'>i</span> <span class='ocrx_word' id='word_1_567' title='bbox 319 2761 326 2767; x_wconf 91' lang='lat'><em>.</em></span> 
     </span>
    </p>

    <p class='ocr_par' dir='ltr' id='par_1_13' title="bbox 176 2775 1235 2996">
     <span class='ocr_line' id='line_1_67' title="bbox 213 2775 1233 2820; baseline 0.003 -15"><span class='ocrx_word' id='word_1_568' title='bbox 213 2775 269 2813; x_wconf 84' lang='lat' dir='ltr'>Et,</span> <span class='ocrx_word' id='word_1_569' title='bbox 287 2784 318 2806; x_wconf 91' lang='lat' dir='ltr'>ut</span> <span class='ocrx_word' id='word_1_570' title='bbox 330 2776 433 2820; x_wconf 75' lang='lat' dir='ltr'>iidem,</span> <span class='ocrx_word' id='word_1_571' title='bbox 452 2776 704 2817; x_wconf 84' lang='lat' dir='ltr'>Archiepiscopus,</span> <span class='ocrx_word' id='word_1_572' title='bbox 722 2778 856 2810; x_wconf 90' lang='lat' dir='ltr'>Decanus</span> <span class='ocrx_word' id='word_1_573' title='bbox 871 2779 904 2810; x_wconf 93' lang='lat'>&amp;</span> <span class='ocrx_word' id='word_1_574' title='bbox 918 2777 1102 2817; x_wconf 82' lang='lat' dir='ltr'>Capitulum,</span> <span class='ocrx_word' id='word_1_575' title='bbox 1121 2788 1154 2809; x_wconf 87' lang='lat' dir='ltr'>ac</span> <span class='ocrx_word' id='word_1_576' title='bbox 1162 2777 1233 2808; x_wconf 92' lang='lat' dir='ltr'>Suc-</span> 
     </span>
     <span class='ocr_line' id='line_1_68' title="bbox 176 2813 1233 2859; baseline 0.004 -17"><span class='ocrx_word' id='word_1_577' title='bbox 176 2813 298 2856; x_wconf 76' lang='lat' dir='ltr'>cessores</span> <span class='ocrx_word' id='word_1_578' title='bbox 313 2813 368 2852; x_wconf 86' lang='lat' dir='ltr'>sui,</span> <span class='ocrx_word' id='word_1_579' title='bbox 388 2825 417 2844; x_wconf 84' lang='lat' dir='ltr'>in</span> <span class='ocrx_word' id='word_1_580' title='bbox 430 2818 612 2859; x_wconf 78' lang='lat' dir='ltr'>perceptione</span> <span class='ocrx_word' id='word_1_581' title='bbox 625 2816 783 2855; x_wconf 87' lang='lat' dir='ltr'>hujusmodi</span> <span class='ocrx_word' id='word_1_582' title='bbox 801 2817 948 2855; x_wconf 85' lang='lat' dir='ltr'>Camerae,</span> <span class='ocrx_word' id='word_1_583' title='bbox 966 2819 1012 2848; x_wconf 92' lang='lat' dir='ltr'>seu</span> <span class='ocrx_word' id='word_1_584' title='bbox 1033 2817 1181 2854; x_wconf 62' lang='lat' dir='ltr'>Monetae,</span> <span class='ocrx_word' id='word_1_585' title='bbox 1199 2816 1233 2846; x_wconf 92' lang='lat' dir='ltr'>ad</span> 
     </span>
     <span class='ocr_line' id='line_1_69' title="bbox 176 2851 1233 2896; baseline 0.003 -15"><span class='ocrx_word' id='word_1_586' title='bbox 176 2860 227 2894; x_wconf 76' lang='lat' dir='ltr'>eos</span> <span class='ocrx_word' id='word_1_587' title='bbox 242 2861 271 2880; x_wconf 88' lang='lat' dir='ltr'>in</span> <span class='ocrx_word' id='word_1_588' title='bbox 283 2851 336 2882; x_wconf 91' lang='lat' dir='ltr'>hac</span> <span class='ocrx_word' id='word_1_589' title='bbox 347 2862 430 2896; x_wconf 75' lang='lat' dir='ltr'>parte</span> <span class='ocrx_word' id='word_1_590' title='bbox 445 2856 623 2892; x_wconf 83' lang='lat' dir='ltr'>pertinentis,</span> <span class='ocrx_word' id='word_1_591' title='bbox 640 2856 759 2885; x_wconf 76' lang='lat' dir='ltr'>minime</span> <span class='ocrx_word' id='word_1_592' title='bbox 770 2855 981 2894; x_wconf 86' lang='lat' dir='ltr'>defraudentur,</span> <span class='ocrx_word' id='word_1_593' title='bbox 996 2855 1184 2886; x_wconf 84' lang='lat' dir='ltr'>Conventum</span> <span class='ocrx_word' id='word_1_594' title='bbox 1192 2854 1233 2884; x_wconf 89' lang='lat' dir='ltr'>est</span> 
     </span>
     <span class='ocr_line' id='line_1_70' title="bbox 177 2888 1233 2933; baseline 0.005 -15"><span class='ocrx_word' id='word_1_595' title='bbox 177 2888 283 2933; x_wconf 79' lang='lat' dir='ltr'>eisdem</span> <span class='ocrx_word' id='word_1_596' title='bbox 295 2890 416 2921; x_wconf 85' lang='lat' dir='ltr'>similiter</span> <span class='ocrx_word' id='word_1_597' title='bbox 431 2892 464 2922; x_wconf 91' lang='lat'>&amp;</span> <span class='ocrx_word' id='word_1_598' title='bbox 480 2890 677 2930; x_wconf 79' lang='lat' dir='ltr'>Concessum,</span> <span class='ocrx_word' id='word_1_599' title='bbox 694 2893 774 2931; x_wconf 79' lang='lat' dir='ltr'>quod</span> <span class='ocrx_word' id='word_1_600' title='bbox 790 2895 964 2931; x_wconf 89' lang='lat' dir='ltr'>quicumque</span> <span class='ocrx_word' id='word_1_601' title='bbox 985 2893 1233 2931; x_wconf 86' lang='lat' dir='ltr'>Constabularius,</span> 
     </span>
     <span class='ocr_line' id='line_1_71' title="bbox 176 2928 1235 2996; baseline 0.004 -39"><span class='ocrx_word' id='word_1_602' title='bbox 176 2937 227 2996; x_wconf 52' lang='grc' dir='ltr'>Ἇυι</span> <span class='ocrx_word' id='word_1_603' title='bbox 248 2937 325 2972; x_wconf 80' lang='lat' dir='ltr'>nunc</span> <span class='ocrx_word' id='word_1_604' title='bbox 343 2928 399 2967; x_wconf 85' lang='lat' dir='ltr'>est,</span> <span class='ocrx_word' id='word_1_605' title='bbox 417 2929 462 2960; x_wconf 92' lang='lat' dir='ltr'>vel</span> <span class='ocrx_word' id='word_1_606' title='bbox 485 2931 532 2967; x_wconf 90' lang='lat' dir='ltr'>qui</span> <span class='ocrx_word' id='word_1_607' title='bbox 553 2940 606 2967; x_wconf 91' lang='lat' dir='ltr'>pro</span> <span class='ocrx_word' id='word_1_608' title='bbox 629 2939 687 2961; x_wconf 89' lang='lat' dir='ltr'>tem</span> <span class='ocrx_word' id='word_1_609' title='bbox 709 2941 760 2961; x_wconf 91' lang='lat' dir='ltr'>ore</span> <span class='ocrx_word' id='word_1_610' title='bbox 780 2931 882 2971; x_wconf 86' lang='lat' dir='ltr'>fuerit,</span> <span class='ocrx_word' id='word_1_611' title='bbox 899 2934 995 2963; x_wconf 87' lang='lat' dir='ltr'>vocari</span> <span class='ocrx_word' id='word_1_612' title='bbox 1011 2933 1092 2962; x_wconf 82' lang='lat' dir='ltr'>faciet</span> <span class='ocrx_word' id='word_1_613' title='bbox 1105 2931 1235 2968; x_wconf 86' lang='lat' dir='ltr'>eosdem,</span> 
     </span>
    </p>

    <p class='ocr_par' dir='ltr' id='par_1_14' title="bbox 177 2965 1238 3123">
     <span class='ocr_line' id='line_1_72' title="bbox 208 2965 1235 3008; baseline 0.007 -14"><span class='ocrx_word' id='word_1_614' title='bbox 208 2965 286 2996; x_wconf 85' lang='lat' dir='ltr'>rchie</span> <span class='ocrx_word' id='word_1_615' title='bbox 307 2966 450 3006; x_wconf 89' lang='lat' dir='ltr'>iscopum,</span> <span class='ocrx_word' id='word_1_616' title='bbox 466 2967 618 2998; x_wconf 86' lang='lat' dir='ltr'>Decanum</span> <span class='ocrx_word' id='word_1_617' title='bbox 634 2970 667 3000; x_wconf 90' lang='lat'>&amp;</span> <span class='ocrx_word' id='word_1_618' title='bbox 711 2969 865 3007; x_wconf 85' lang='lat' dir='ltr'>apitulum,</span> <span class='ocrx_word' id='word_1_619' title='bbox 882 2971 1037 3008; x_wconf 90' lang='lat' dir='ltr'>quemlibet</span> <span class='ocrx_word' id='word_1_620' title='bbox 1051 2981 1099 3008; x_wconf 89' lang='lat' dir='ltr'>per</span> <span class='ocrx_word' id='word_1_621' title='bbox 1111 2971 1154 3007; x_wconf 89' lang='lat' dir='ltr'>se,</span> <span class='ocrx_word' id='word_1_622' title='bbox 1171 2970 1235 3001; x_wconf 62' lang='grc' dir='ltr'>δέ*</span> 
     </span>
     <span class='ocr_line' id='line_1_73' title="bbox 177 3003 1236 3049; baseline 0.005 -16"><span class='ocrx_word' id='word_1_623' title='bbox 177 3003 271 3034; x_wconf 91' lang='lat' dir='ltr'>Succe</span> <span class='ocrx_word' id='word_1_624' title='bbox 295 3015 357 3049; x_wconf 79' lang='lat' dir='ltr'>ores</span> <span class='ocrx_word' id='word_1_625' title='bbox 380 3006 458 3044; x_wconf 87' lang='lat' dir='ltr'>suOS,</span> <span class='ocrx_word' id='word_1_626' title='bbox 478 3015 524 3037; x_wconf 85' lang='lat' dir='ltr'>aut</span> <span class='ocrx_word' id='word_1_627' title='bbox 546 3016 647 3037; x_wconf 88' lang='lat' dir='ltr'>eorum</span> <span class='ocrx_word' id='word_1_628' title='bbox 666 3006 887 3038; x_wconf 89' lang='lat' dir='ltr'>Procuratorem</span> <span class='ocrx_word' id='word_1_629' title='bbox 908 3008 952 3038; x_wconf 90' lang='lat' dir='ltr'>seu</span> <span class='ocrx_word' id='word_1_630' title='bbox 974 3008 1189 3046; x_wconf 76' lang='lat' dir='ltr'>Procuratores,</span> <span class='ocrx_word' id='word_1_631' title='bbox 1208 3009 1236 3037; x_wconf 91' lang='lat' dir='ltr'>in</span> 
     </span>
     <span class='ocr_line' id='line_1_74' title="bbox 179 3041 1237 3087; baseline 0.003 -14"><span class='ocrx_word' id='word_1_632' title='bbox 179 3041 237 3073; x_wconf 88' lang='lat' dir='ltr'>fine</span> <span class='ocrx_word' id='word_1_633' title='bbox 255 3053 291 3087; x_wconf 81' lang='lat' dir='ltr'>cu</span> <span class='ocrx_word' id='word_1_634' title='bbox 302 3043 401 3074; x_wconf 87' lang='lat' dir='ltr'>ussibet</span> <span class='ocrx_word' id='word_1_635' title='bbox 421 3044 563 3083; x_wconf 83' lang='lat' dir='ltr'>Qarterii</span> <span class='ocrx_word' id='word_1_636' title='bbox 585 3045 785 3083; x_wconf 87' lang='lat' dir='ltr'>cujuscumque</span> <span class='ocrx_word' id='word_1_637' title='bbox 799 3046 892 3083; x_wconf 87' lang='lat' dir='ltr'>Anni,</span> <span class='ocrx_word' id='word_1_638' title='bbox 909 3048 937 3076; x_wconf 89' lang='lat' dir='ltr'>in</span> <span class='ocrx_word' id='word_1_639' title='bbox 950 3046 1099 3077; x_wconf 90' lang='lat' dir='ltr'>Scaccario</span> <span class='ocrx_word' id='word_1_640' title='bbox 1114 3047 1237 3076; x_wconf 88' lang='lat' dir='ltr'>Domini</span> 
     </span>
     <span class='ocr_line' id='line_1_75' title="bbox 181 3053 1238 3123; baseline 0.004 -13"><span class='ocrx_word' id='word_1_641' title='bbox 181 3080 270 3111; x_wconf 82' lang='lat' dir='ltr'>nostrl</span> <span class='ocrx_word' id='word_1_642' title='bbox 288 3053 401 3121; x_wconf 46' lang='lat' dir='ltr'>lRegis,</span> <span class='ocrx_word' id='word_1_643' title='bbox 421 3083 454 3113; x_wconf 92' lang='lat'>&amp;</span> <span class='ocrx_word' id='word_1_644' title='bbox 477 3083 582 3121; x_wconf 87' lang='lat' dir='ltr'>Ducis,</span> <span class='ocrx_word' id='word_1_645' title='bbox 601 3084 628 3113; x_wconf 87' lang='lat' dir='ltr'>in</span> <span class='ocrx_word' id='word_1_646' title='bbox 644 3082 748 3114; x_wconf 90' lang='lat' dir='ltr'>Castro</span> <span class='ocrx_word' id='word_1_647' title='bbox 761 3084 810 3114; x_wconf 91' lang='lat' dir='ltr'>suo</span> <span class='ocrx_word' id='word_1_648' title='bbox 823 3084 1011 3123; x_wconf 77' lang='lat' dir='ltr'>Burdegaliae,</span> <span class='ocrx_word' id='word_1_649' title='bbox 1029 3085 1074 3115; x_wconf 90' lang='lat' dir='ltr'>vel</span> <span class='ocrx_word' id='word_1_650' title='bbox 1088 3085 1171 3123; x_wconf 87' lang='lat' dir='ltr'>alibi,</span> <span class='ocrx_word' id='word_1_651' title='bbox 1188 3085 1238 3114; x_wconf 88' lang='lat' dir='ltr'>ubi</span> 
     </span>
    </p>
   </div>
   <div class='ocr_carea' id='block_1_3' title="bbox 34 3012 122 3077">
    <p class='ocr_par' dir='ltr' id='par_1_15' title="bbox 34 3012 122 3077">
     <span class='ocr_line' id='line_1_76' title="bbox 34 3012 122 3039; baseline -0.023 0"><span class='ocrx_word' id='word_1_652' title='bbox 34 3012 52 3028; x_wconf 75' lang='lat'><strong>·</strong></span> <span class='ocrx_word' id='word_1_653' title='bbox 67 3012 122 3039; x_wconf 86' lang='lat' dir='ltr'>lv.</span> 
     </span>
     <span class='ocr_line' id='line_1_77' title="bbox 34 3051 101 3077; baseline -0.015 0"><span class='ocrx_word' id='word_1_654' title='bbox 34 3051 101 3077; x_wconf 83' lang='lat'>610.</span> 
     </span>
    </p>
   </div>
   <div class='ocr_carea' id='block_1_4' title="bbox 180 3118 1253 3999">
    <p class='ocr_par' dir='ltr' id='par_1_16' title="bbox 180 3118 1241 3355">
     <span class='ocr_line' id='line_1_78' title="bbox 180 3118 1238 3161; baseline 0.004 -13"><span class='ocrx_word' id='word_1_655' title='bbox 180 3118 314 3159; x_wconf 63' lang='lat' dir='ltr'>praedicta</span> <span class='ocrx_word' id='word_1_656' title='bbox 334 3120 455 3151; x_wconf 88' lang='lat' dir='ltr'>Moneta</span> <span class='ocrx_word' id='word_1_657' title='bbox 477 3120 565 3151; x_wconf 83' lang='lat' dir='ltr'>Cussa</span> <span class='ocrx_word' id='word_1_658' title='bbox 588 3122 690 3161; x_wconf 81' lang='lat' dir='ltr'>fuerit,</span> <span class='ocrx_word' id='word_1_659' title='bbox 708 3122 742 3152; x_wconf 90' lang='lat' dir='ltr'>ad</span> <span class='ocrx_word' id='word_1_660' title='bbox 765 3122 922 3153; x_wconf 87' lang='lat' dir='ltr'>videndum</span> <span class='ocrx_word' id='word_1_661' title='bbox 942 3123 976 3153; x_wconf 68' lang='grc' dir='ltr'>ὅ(</span> <span class='ocrx_word' id='word_1_662' title='bbox 997 3123 1184 3160; x_wconf 90' lang='lat' dir='ltr'>audiendum,</span> <span class='ocrx_word' id='word_1_663' title='bbox 1203 3123 1238 3152; x_wconf 79' lang='lat' dir='ltr'>ii-</span> 
     </span>
     <span class='ocr_line' id='line_1_79' title="bbox 181 3157 1239 3201; baseline 0.003 -14"><span class='ocrx_word' id='word_1_664' title='bbox 181 3157 243 3187; x_wconf 88' lang='lat' dir='ltr'>mul</span> <span class='ocrx_word' id='word_1_665' title='bbox 257 3167 333 3201; x_wconf 32' lang='lat' dir='ltr'>‚cum</span> <span class='ocrx_word' id='word_1_666' title='bbox 359 3158 438 3189; x_wconf 66' lang='lat' dir='ltr'>dicto</span> <span class='ocrx_word' id='word_1_667' title='bbox 456 3159 694 3200; x_wconf 86' lang='lat' dir='ltr'>Constabulario,</span> <span class='ocrx_word' id='word_1_668' title='bbox 712 3160 872 3191; x_wconf 85' lang='lat' dir='ltr'>rationabile</span> <span class='ocrx_word' id='word_1_669' title='bbox 893 3160 1078 3199; x_wconf 89' lang='lat' dir='ltr'>Compotum</span> <span class='ocrx_word' id='word_1_670' title='bbox 1098 3160 1134 3190; x_wconf 94' lang='lat' dir='ltr'>de</span> <span class='ocrx_word' id='word_1_671' title='bbox 1148 3160 1239 3198; x_wconf 88' lang='lat' dir='ltr'>hujus-</span> 
     </span>
     <span class='ocr_line' id='line_1_80' title="bbox 182 3194 1240 3242; baseline 0.002 -16"><span class='ocrx_word' id='word_1_672' title='bbox 182 3195 265 3226; x_wconf 83' lang='lat' dir='ltr'>modi</span> <span class='ocrx_word' id='word_1_673' title='bbox 280 3194 385 3241; x_wconf 76' lang='lat' dir='ltr'>Tertiis</span> <span class='ocrx_word' id='word_1_674' title='bbox 398 3199 518 3235; x_wconf 89' lang='lat' dir='ltr'>partibus</span> <span class='ocrx_word' id='word_1_675' title='bbox 533 3198 683 3237; x_wconf 83' lang='lat' dir='ltr'>Camerae,</span> <span class='ocrx_word' id='word_1_676' title='bbox 703 3198 747 3229; x_wconf 90' lang='lat' dir='ltr'>seu</span> <span class='ocrx_word' id='word_1_677' title='bbox 766 3199 916 3238; x_wconf 81' lang='lat' dir='ltr'>Monetae,</span> <span class='ocrx_word' id='word_1_678' title='bbox 935 3199 1094 3237; x_wconf 51' lang='lat' dir='ltr'>praediciae,</span> <span class='ocrx_word' id='word_1_679' title='bbox 1111 3199 1181 3228; x_wconf 84' lang='lat' dir='ltr'>infra</span> <span class='ocrx_word' id='word_1_680' title='bbox 1196 3199 1240 3242; x_wconf 58' lang='grc' dir='ltr'>ἀρ</span> 
     </span>
     <span class='ocr_line' id='line_1_81' title="bbox 182 3233 1240 3278; baseline 0.004 -15"><span class='ocrx_word' id='word_1_681' title='bbox 182 3234 265 3278; x_wconf 69' lang='lat' dir='ltr'>&amp;um</span> <span class='ocrx_word' id='word_1_682' title='bbox 284 3233 457 3266; x_wconf 83' lang='lat' dir='ltr'>Terminum</span> <span class='ocrx_word' id='word_1_683' title='bbox 473 3237 592 3267; x_wconf 85' lang='lat' dir='ltr'>totaliter</span> <span class='ocrx_word' id='word_1_684' title='bbox 606 3239 762 3276; x_wconf 80' lang='lat' dir='ltr'>perceptis,</span> <span class='ocrx_word' id='word_1_685' title='bbox 783 3237 802 3267; x_wconf 94' lang='lat' dir='ltr'>si</span> <span class='ocrx_word' id='word_1_686' title='bbox 816 3237 851 3268; x_wconf 90' lang='lat' dir='ltr'>ad</span> <span class='ocrx_word' id='word_1_687' title='bbox 866 3237 1026 3276; x_wconf 86' lang='lat' dir='ltr'>hujusmodi</span> <span class='ocrx_word' id='word_1_688' title='bbox 1041 3237 1169 3268; x_wconf 86' lang='lat' dir='ltr'>interesse</span> <span class='ocrx_word' id='word_1_689' title='bbox 1186 3247 1240 3267; x_wconf 93' lang='lat' dir='ltr'>vo-</span> 
     </span>
     <span class='ocr_line' id='line_1_82' title="bbox 180 3271 1241 3318; baseline 0.005 -16"><span class='ocrx_word' id='word_1_690' title='bbox 180 3271 300 3310; x_wconf 79' lang='lat' dir='ltr'>luetmt3</span> <span class='ocrx_word' id='word_1_691' title='bbox 317 3273 351 3304; x_wconf 91' lang='lat'>&amp;</span> <span class='ocrx_word' id='word_1_692' title='bbox 369 3282 439 3318; x_wconf 76' lang='lat' dir='ltr'>tunc</span> <span class='ocrx_word' id='word_1_693' title='bbox 458 3274 494 3305; x_wconf 92' lang='lat' dir='ltr'>de</span> <span class='ocrx_word' id='word_1_694' title='bbox 514 3274 642 3306; x_wconf 88' lang='lat' dir='ltr'>Partibus</span> <span class='ocrx_word' id='word_1_695' title='bbox 662 3275 768 3306; x_wconf 87' lang='lat' dir='ltr'>Tertiis</span> <span class='ocrx_word' id='word_1_696' title='bbox 788 3276 926 3314; x_wconf 56' lang='lat' dir='ltr'>praedietis</span> <span class='ocrx_word' id='word_1_697' title='bbox 939 3275 1090 3315; x_wconf 90' lang='lat' dir='ltr'>Camerae,</span> <span class='ocrx_word' id='word_1_698' title='bbox 1106 3275 1151 3306; x_wconf 87' lang='lat' dir='ltr'>seu</span> <span class='ocrx_word' id='word_1_699' title='bbox 1168 3275 1241 3306; x_wconf 88' lang='lat' dir='ltr'>Mo-</span> 
     </span>
     <span class='ocr_line' id='line_1_83' title="bbox 181 3311 832 3355; baseline 0.005 -13"><span class='ocrx_word' id='word_1_700' title='bbox 181 3320 272 3349; x_wconf 86' lang='lat' dir='ltr'>netae,</span> <span class='ocrx_word' id='word_1_701' title='bbox 290 3311 450 3355; x_wconf 61' lang='lat' dir='ltr'>praedrgfitae,</span> <span class='ocrx_word' id='word_1_702' title='bbox 468 3312 572 3342; x_wconf 88' lang='lat' dir='ltr'>eisdem</span> <span class='ocrx_word' id='word_1_703' title='bbox 587 3314 700 3344; x_wconf 82' lang='lat' dir='ltr'>indilate</span> <span class='ocrx_word' id='word_1_704' title='bbox 714 3314 832 3345; x_wconf 85' lang='lat' dir='ltr'>satisfiet.</span> 
     </span>
    </p>

    <p class='ocr_par' dir='ltr' id='par_1_17' title="bbox 180 3349 1245 3612">
     <span class='ocr_line' id='line_1_84' title="bbox 222 3349 1243 3393; baseline 0.004 -14"><span class='ocrx_word' id='word_1_705' title='bbox 222 3349 321 3388; x_wconf 84' lang='lat' dir='ltr'>Qam</span> <span class='ocrx_word' id='word_1_706' title='bbox 339 3349 454 3388; x_wconf 85' lang='lat' dir='ltr'>quidem</span> <span class='ocrx_word' id='word_1_707' title='bbox 474 3350 709 3382; x_wconf 71' lang='lat' dir='ltr'>Transaffionem</span> <span class='ocrx_word' id='word_1_708' title='bbox 745 3352 982 3393; x_wconf 65' lang='lat' dir='ltr'>ominationem,</span> <span class='ocrx_word' id='word_1_709' title='bbox 1001 3353 1046 3384; x_wconf 88' lang='lat' dir='ltr'>seu</span> <span class='ocrx_word' id='word_1_710' title='bbox 1067 3352 1243 3384; x_wconf 85' lang='lat' dir='ltr'>Pacificatio-</span> 
     </span>
     <span class='ocr_line' id='line_1_85' title="bbox 184 3377 1242 3432; baseline 0.004 -13"><span class='ocrx_word' id='word_1_711' title='bbox 184 3397 272 3426; x_wconf 90' lang='lat' dir='ltr'>nem,</span> <span class='ocrx_word' id='word_1_712' title='bbox 290 3387 582 3432; x_wconf 36' lang='lat' dir='ltr'>praefatus-Dominus</span> <span class='ocrx_word' id='word_1_713' title='bbox 602 3389 698 3420; x_wconf 87' lang='lat' dir='ltr'>noster</span> <span class='ocrx_word' id='word_1_714' title='bbox 716 3377 783 3420; x_wconf 61' lang='lat' dir='ltr'>Rex</span> <span class='ocrx_word' id='word_1_715' title='bbox 819 3393 853 3423; x_wconf 70' lang='grc' dir='ltr'>ὃς</span> <span class='ocrx_word' id='word_1_716' title='bbox 875 3392 962 3432; x_wconf 82' lang='lat' dir='ltr'>Dux,</span> <span class='ocrx_word' id='word_1_717' title='bbox 982 3402 1032 3431; x_wconf 86' lang='lat' dir='ltr'>per</span> <span class='ocrx_word' id='word_1_718' title='bbox 1054 3391 1161 3422; x_wconf 88' lang='lat' dir='ltr'>Literas</span> <span class='ocrx_word' id='word_1_719' title='bbox 1184 3392 1242 3423; x_wconf 82' lang='lat' dir='ltr'>suas</span> 
     </span>
     <span class='ocr_line' id='line_1_86' title="bbox 185 3414 1244 3470; baseline 0.004 -13"><span class='ocrx_word' id='word_1_720' title='bbox 185 3425 333 3470; x_wconf 34' lang='lat' dir='ltr'>Patentes&#39;,</span> <span class='ocrx_word' id='word_1_721' title='bbox 351 3425 434 3456; x_wconf 83' lang='lat' dir='ltr'>Vlrldl</span> <span class='ocrx_word' id='word_1_722' title='bbox 449 3427 514 3470; x_wconf 70' lang='lat' dir='ltr'>cera</span> <span class='ocrx_word' id='word_1_723' title='bbox 526 3428 575 3458; x_wconf 87' lang='lat' dir='ltr'>suo</span> <span class='ocrx_word' id='word_1_724' title='bbox 590 3427 705 3466; x_wconf 86' lang='lat' dir='ltr'>Magno</span> <span class='ocrx_word' id='word_1_725' title='bbox 720 3414 817 3468; x_wconf 85' lang='lat' dir='ltr'>Sigill&#39;o</span> <span class='ocrx_word' id='word_1_726' title='bbox 831 3430 965 3468; x_wconf 87' lang='lat' dir='ltr'>signatas,</span> <span class='ocrx_word' id='word_1_727' title='bbox 984 3431 1002 3460; x_wconf 79' lang='lat' dir='ltr'>fi</span> <span class='ocrx_word' id='word_1_728' title='bbox 1025 3430 1116 3461; x_wconf 90' lang='lat' dir='ltr'>eidem</span> <span class='ocrx_word' id='word_1_729' title='bbox 1135 3429 1244 3461; x_wconf 85' lang='lat' dir='ltr'>Domi-</span> 
     </span>
     <span class='ocr_line' id='line_1_87' title="bbox 186 3464 1245 3506; baseline 0.003 -11"><span class='ocrx_word' id='word_1_730' title='bbox 186 3474 230 3495; x_wconf 90' lang='lat' dir='ltr'>no</span> <span class='ocrx_word' id='word_1_731' title='bbox 248 3464 325 3501; x_wconf 86' lang='lat' dir='ltr'>Regi</span> <span class='ocrx_word' id='word_1_732' title='bbox 345 3465 378 3496; x_wconf 89' lang='lat'>&amp;</span> <span class='ocrx_word' id='word_1_733' title='bbox 399 3464 479 3495; x_wconf 89' lang='lat' dir='ltr'>Duci</span> <span class='ocrx_word' id='word_1_734' title='bbox 499 3465 648 3504; x_wconf 88' lang='lat' dir='ltr'>placuerit,</span> <span class='ocrx_word' id='word_1_735' title='bbox 666 3465 829 3497; x_wconf 86' lang='lat' dir='ltr'>ratificando</span> <span class='ocrx_word' id='word_1_736' title='bbox 844 3467 1042 3506; x_wconf 86' lang='lat' dir='ltr'>confirmabit,</span> <span class='ocrx_word' id='word_1_737' title='bbox 1059 3470 1093 3500; x_wconf 92' lang='lat'>&amp;</span> <span class='ocrx_word' id='word_1_738' title='bbox 1108 3469 1177 3500; x_wconf 87' lang='lat' dir='ltr'>citra</span> <span class='ocrx_word' id='word_1_739' title='bbox 1192 3469 1245 3499; x_wconf 89' lang='lat' dir='ltr'>Fe-</span> 
     </span>
     <span class='ocr_line' id='line_1_88' title="bbox 187 3501 1245 3548; baseline 0.004 -15"><span class='ocrx_word' id='word_1_740' title='bbox 187 3502 264 3548; x_wconf 70' lang='lat' dir='ltr'>stum</span> <span class='ocrx_word' id='word_1_741' title='bbox 287 3501 490 3534; x_wconf 81' lang='lat' dir='ltr'>Penthecostes</span> <span class='ocrx_word' id='word_1_742' title='bbox 514 3503 655 3542; x_wconf 89' lang='lat' dir='ltr'>Domini,</span> <span class='ocrx_word' id='word_1_743' title='bbox 673 3505 807 3543; x_wconf 75' lang='lat' dir='ltr'>proximo</span> <span class='ocrx_word' id='word_1_744' title='bbox 828 3505 971 3544; x_wconf 83' lang='lat' dir='ltr'>futurum,</span> <span class='ocrx_word' id='word_1_745' title='bbox 988 3507 1108 3545; x_wconf 86' lang='lat' dir='ltr'>eisdem,</span> <span class='ocrx_word' id='word_1_746' title='bbox 1126 3507 1245 3538; x_wconf 86' lang='lat' dir='ltr'>Archie-</span> 
     </span>
     <span class='ocr_line' id='line_1_89' title="bbox 180 3541 1240 3610; baseline 0.005 -39"><span class='ocrx_word' id='word_1_747' title='bbox 180 3542 320 3610; x_wconf 50' lang='lat' dir='ltr'>piscoptss,</span> <span class='ocrx_word' id='word_1_748' title='bbox 338 3541 478 3580; x_wconf 84' lang='lat' dir='ltr'>Decano,</span> <span class='ocrx_word' id='word_1_749' title='bbox 495 3541 528 3573; x_wconf 89' lang='lat'>&amp;</span> <span class='ocrx_word' id='word_1_750' title='bbox 549 3541 698 3582; x_wconf 84' lang='lat' dir='ltr'>Capitulo,</span> <span class='ocrx_word' id='word_1_751' title='bbox 713 3544 742 3573; x_wconf 90' lang='lat' dir='ltr'>in</span> <span class='ocrx_word' id='word_1_752' title='bbox 761 3543 815 3575; x_wconf 86' lang='lat' dir='ltr'>hac</span> <span class='ocrx_word' id='word_1_753' title='bbox 835 3552 910 3581; x_wconf 87' lang='lat' dir='ltr'>parte</span> <span class='ocrx_word' id='word_1_754' title='bbox 929 3544 1010 3575; x_wconf 90' lang='lat' dir='ltr'>suurn</span> <span class='ocrx_word' id='word_1_755' title='bbox 1031 3545 1240 3584; x_wconf 87' lang='lat' dir='ltr'>Beneplacitum</span> 
     </span>
     <span class='ocr_line' id='line_1_90' title="bbox 188 3588 337 3612; baseline -0.013 0"><span class='ocrx_word' id='word_1_756' title='bbox 188 3588 287 3612; x_wconf 73' lang='lat' dir='ltr'>ultima</span> <span class='ocrx_word' id='word_1_757' title='bbox 309 3588 337 3611; x_wconf 88' lang='lat' dir='ltr'>it.</span> 
     </span>
    </p>

    <p class='ocr_par' dir='ltr' id='par_1_18' title="bbox 190 3618 1249 3776">
     <span class='ocr_line' id='line_1_91' title="bbox 228 3618 1247 3660; baseline 0.005 -11"><span class='ocrx_word' id='word_1_758' title='bbox 228 3618 361 3649; x_wconf 88' lang='lat' dir='ltr'>Necnon</span> <span class='ocrx_word' id='word_1_759' title='bbox 373 3619 405 3650; x_wconf 69' lang='grc' dir='ltr'>ὃ(</span> <span class='ocrx_word' id='word_1_760' title='bbox 418 3628 472 3656; x_wconf 86' lang='lat' dir='ltr'>pto</span> <span class='ocrx_word' id='word_1_761' title='bbox 487 3618 654 3658; x_wconf 84' lang='lat' dir='ltr'>Arreragiis,</span> <span class='ocrx_word' id='word_1_762' title='bbox 669 3630 721 3658; x_wconf 87' lang='lat' dir='ltr'>pto</span> <span class='ocrx_word' id='word_1_763' title='bbox 735 3628 867 3659; x_wconf 86' lang='lat' dir='ltr'>tempore</span> <span class='ocrx_word' id='word_1_764' title='bbox 881 3621 1019 3652; x_wconf 68' lang='lat' dir='ltr'>transa&amp;o</span> <span class='ocrx_word' id='word_1_765' title='bbox 1033 3621 1132 3652; x_wconf 90' lang='lat' dir='ltr'>debitis</span> <span class='ocrx_word' id='word_1_766' title='bbox 1144 3622 1178 3653; x_wconf 79' lang='grc' dir='ltr'>δε</span> <span class='ocrx_word' id='word_1_767' title='bbox 1197 3632 1247 3660; x_wconf 86' lang='lat' dir='ltr'>pe-</span> 
     </span>
     <span class='ocr_line' id='line_1_92' title="bbox 190 3656 1249 3697; baseline 0.004 -10"><span class='ocrx_word' id='word_1_768' title='bbox 190 3657 263 3702; x_wconf 87' lang='lat' dir='ltr'>titis,</span> <span class='ocrx_word' id='word_1_769' title='bbox 277 3657 362 3695; x_wconf 86' lang='lat' dir='ltr'>usque</span> <span class='ocrx_word' id='word_1_770' title='bbox 377 3657 455 3688; x_wconf 89' lang='lat' dir='ltr'>diem</span> <span class='ocrx_word' id='word_1_771' title='bbox 468 3656 552 3688; x_wconf 77' lang='lat' dir='ltr'>Datae</span> <span class='ocrx_word' id='word_1_772' title='bbox 567 3657 704 3696; x_wconf 87' lang='lat' dir='ltr'>praesentis</span> <span class='ocrx_word' id='word_1_773' title='bbox 723 3657 767 3688; x_wconf 94' lang='lat' dir='ltr'>IN</span> <span class='ocrx_word' id='word_1_774' title='bbox 778 3668 824 3689; x_wconf 81' lang='lat' dir='ltr'>DE</span> <span class='ocrx_word' id='word_1_775' title='bbox 834 3669 855 3690; x_wconf 86' lang='lat' dir='ltr'>N</span> <span class='ocrx_word' id='word_1_776' title='bbox 868 3667 922 3690; x_wconf 80' lang='lat' dir='ltr'>&#39;ru</span> <span class='ocrx_word' id='word_1_777' title='bbox 932 3668 955 3690; x_wconf 80' lang='lat' dir='ltr'>R</span> <span class='ocrx_word' id='word_1_778' title='bbox 964 3669 995 3690; x_wconf 59' lang='grc' dir='ltr'>,Ε</span> <span class='ocrx_word' id='word_1_779' title='bbox 1004 3683 1013 3697; x_wconf 89' lang='grc'>,</span> <span class='ocrx_word' id='word_1_780' title='bbox 1031 3661 1104 3690; x_wconf 91' lang='lat' dir='ltr'>inter</span> <span class='ocrx_word' id='word_1_781' title='bbox 1117 3671 1165 3691; x_wconf 90' lang='lat' dir='ltr'>eos</span> <span class='ocrx_word' id='word_1_782' title='bbox 1179 3662 1249 3691; x_wconf 85' lang='lat' dir='ltr'>exti-</span> 
     </span>
     <span class='ocr_line' id='line_1_93' title="bbox 190 3695 1248 3738; baseline 0.001 -11"><span class='ocrx_word' id='word_1_783' title='bbox 190 3704 226 3727; x_wconf 83' lang='lat' dir='ltr'>tit</span> <span class='ocrx_word' id='word_1_784' title='bbox 240 3695 420 3734; x_wconf 88' lang='lat' dir='ltr'>ordinatum,</span> <span class='ocrx_word' id='word_1_785' title='bbox 437 3695 516 3733; x_wconf 88' lang='lat' dir='ltr'>quod</span> <span class='ocrx_word' id='word_1_786' title='bbox 531 3695 674 3734; x_wconf 72' lang='lat' dir='ltr'>praedieci,</span> <span class='ocrx_word' id='word_1_787' title='bbox 693 3696 876 3735; x_wconf 89' lang='lat' dir='ltr'>Archiepisco</span> <span class='ocrx_word' id='word_1_788' title='bbox 897 3708 943 3736; x_wconf 92' lang='lat' dir='ltr'>us,</span> <span class='ocrx_word' id='word_1_789' title='bbox 963 3697 1098 3728; x_wconf 87' lang='lat' dir='ltr'>Decanus</span> <span class='ocrx_word' id='word_1_790' title='bbox 1111 3699 1144 3730; x_wconf 89' lang='lat'>&amp;</span> <span class='ocrx_word' id='word_1_791' title='bbox 1161 3698 1248 3738; x_wconf 90' lang='lat' dir='ltr'>Capi-</span> 
     </span>
     <span class='ocr_line' id='line_1_94' title="bbox 190 3733 1249 3776; baseline 0.004 -12"><span class='ocrx_word' id='word_1_792' title='bbox 190 3733 284 3764; x_wconf 86' lang='lat' dir='ltr'>tulum</span> <span class='ocrx_word' id='word_1_793' title='bbox 293 3735 428 3773; x_wconf 88' lang='lat' dir='ltr'>,habeant</span> <span class='ocrx_word' id='word_1_794' title='bbox 443 3733 574 3771; x_wconf 77' lang='lat' dir='ltr'>Qatuor</span> <span class='ocrx_word' id='word_1_795' title='bbox 586 3733 671 3764; x_wconf 89' lang='lat' dir='ltr'>Mille</span> <span class='ocrx_word' id='word_1_796' title='bbox 686 3734 835 3766; x_wconf 90' lang='lat' dir='ltr'>Librarum</span> <span class='ocrx_word' id='word_1_797' title='bbox 883 3736 1063 3767; x_wconf 81' lang='lat' dir='ltr'>uronenfium</span> <span class='ocrx_word' id='word_1_798' title='bbox 1076 3736 1249 3776; x_wconf 77' lang='lat' dir='ltr'>Parvor&#39;um,</span> 
     </span>
    </p>

    <p class='ocr_par' dir='ltr' id='par_1_19' title="bbox 215 3771 1251 3816">
     <span class='ocr_line' id='line_1_95' title="bbox 215 3771 1251 3816; baseline 0.004 -14"><span class='ocrx_word' id='word_1_799' title='bbox 215 3771 440 3805; x_wconf 65' lang='lat' dir='ltr'>&amp;solvendarum</span> <span class='ocrx_word' id='word_1_800' title='bbox 455 3771 598 3816; x_wconf 78' lang='lat' dir='ltr'>Terminis</span> <span class='ocrx_word' id='word_1_801' title='bbox 611 3772 801 3811; x_wconf 82' lang='lat' dir='ltr'>infrascriptis,</span> <span class='ocrx_word' id='word_1_802' title='bbox 814 3783 830 3803; x_wconf 92' lang='lat' dir='ltr'>a</span> <span class='ocrx_word' id='word_1_803' title='bbox 844 3773 889 3804; x_wconf 89' lang='lat' dir='ltr'>die</span> <span class='ocrx_word' id='word_1_804' title='bbox 904 3774 1095 3805; x_wconf 68' lang='lat' dir='ltr'>confestionis</span> <span class='ocrx_word' id='word_1_805' title='bbox 1111 3775 1251 3813; x_wconf 80' lang='lat' dir='ltr'>praesentis</span> 
     </span>
    </p>

    <p class='ocr_par' dir='ltr' id='par_1_20' title="bbox 221 3811 1010 3851">
     <span class='ocr_line' id='line_1_96' title="bbox 221 3811 1010 3851; baseline 0.005 -12"><span class='ocrx_word' id='word_1_806' title='bbox 221 3817 272 3840; x_wconf 82' lang='lat' dir='ltr'>Nn</span> <span class='ocrx_word' id='word_1_807' title='bbox 280 3820 298 3842; x_wconf 77' lang='lat' dir='ltr'>E</span> <span class='ocrx_word' id='word_1_808' title='bbox 307 3819 330 3841; x_wconf 83' lang='lat' dir='ltr'>N</span> <span class='ocrx_word' id='word_1_809' title='bbox 340 3819 391 3841; x_wconf 80' lang='lat' dir='ltr'>&#39;ru</span> <span class='ocrx_word' id='word_1_810' title='bbox 404 3820 427 3840; x_wconf 83' lang='lat' dir='ltr'>R</span> <span class='ocrx_word' id='word_1_811' title='bbox 437 3819 467 3840; x_wconf 72' lang='grc' dir='ltr'>ΑΞ</span> <span class='ocrx_word' id='word_1_812' title='bbox 503 3821 532 3840; x_wconf 89' lang='lat' dir='ltr'>m</span> <span class='ocrx_word' id='word_1_813' title='bbox 545 3819 622 3842; x_wconf 86' lang='lat' dir='ltr'>antea</span> <span class='ocrx_word' id='word_1_814' title='bbox 635 3811 844 3850; x_wconf 89' lang='lat' dir='ltr'>computandis,</span> <span class='ocrx_word' id='word_1_815' title='bbox 863 3812 1010 3851; x_wconf 83' lang='lat' dir='ltr'>videlicet,</span> 
     </span>
    </p>

    <p class='ocr_par' dir='ltr' id='par_1_21' title="bbox 195 3833 1253 3992">
     <span class='ocr_line' id='line_1_97' title="bbox 235 3833 1251 3893; baseline 0.006 -16"><span class='ocrx_word' id='word_1_816' title='bbox 235 3846 270 3891; x_wconf 61' lang='lat' dir='ltr'>in</span> <span class='ocrx_word' id='word_1_817' title='bbox 282 3848 370 3893; x_wconf 61' lang='lat' dir='ltr'>Festo</span> <span class='ocrx_word' id='word_1_818' title='bbox 385 3848 460 3893; x_wconf 84' lang='lat' dir='ltr'>Beati</span> <span class='ocrx_word' id='word_1_819' title='bbox 475 3833 640 3885; x_wconf 75' lang='lat' dir='ltr'>lVlichaelis,</span> <span class='ocrx_word' id='word_1_820' title='bbox 658 3849 792 3887; x_wconf 76' lang='lat' dir='ltr'>proximo</span> <span class='ocrx_word' id='word_1_821' title='bbox 804 3857 941 3889; x_wconf 87' lang='lat' dir='ltr'>venturo,</span> <span class='ocrx_word' id='word_1_822' title='bbox 959 3851 1039 3882; x_wconf 63' lang='lat' dir='ltr'>dieto</span> <span class='ocrx_word' id='word_1_823' title='bbox 1053 3850 1187 3883; x_wconf 90' lang='lat' dir='ltr'>Domino</span> <span class='ocrx_word' id='word_1_824' title='bbox 1197 3852 1251 3883; x_wconf 91' lang='lat' dir='ltr'>Ar-</span> 
     </span>
     <span class='ocr_line' id='line_1_98' title="bbox 197 3885 1252 3928; baseline 0.005 -12"><span class='ocrx_word' id='word_1_825' title='bbox 197 3885 261 3916; x_wconf 88' lang='lat' dir='ltr'>chie</span> <span class='ocrx_word' id='word_1_826' title='bbox 291 3887 376 3924; x_wconf 74' lang='lat' dir='ltr'>{copo</span> <span class='ocrx_word' id='word_1_827' title='bbox 395 3887 574 3925; x_wconf 82' lang='lat' dir='ltr'>Quingentas</span> <span class='ocrx_word' id='word_1_828' title='bbox 596 3887 693 3917; x_wconf 90' lang='lat' dir='ltr'>Libras</span> <span class='ocrx_word' id='word_1_829' title='bbox 714 3887 894 3918; x_wconf 88' lang='lat' dir='ltr'>Turonenses</span> <span class='ocrx_word' id='word_1_830' title='bbox 908 3911 917 3927; x_wconf 93' lang='lat'>,</span> <span class='ocrx_word' id='word_1_831' title='bbox 935 3889 968 3919; x_wconf 92' lang='lat'>&amp;</span> <span class='ocrx_word' id='word_1_832' title='bbox 989 3888 1111 3928; x_wconf 88' lang='lat' dir='ltr'>eisdem,</span> <span class='ocrx_word' id='word_1_833' title='bbox 1128 3889 1252 3921; x_wconf 88' lang='lat' dir='ltr'>Decano</span> 
     </span>
     <span class='ocr_line' id='line_1_99' title="bbox 195 3923 1253 3992; baseline 0.007 -39"><span class='ocrx_word' id='word_1_834' title='bbox 195 3923 236 3992; x_wconf 51' lang='lat' dir='ltr'>fita</span> <span class='ocrx_word' id='word_1_835' title='bbox 281 3926 382 3962; x_wconf 87' lang='lat' dir='ltr'>apitulo</span> <span class='ocrx_word' id='word_1_836' title='bbox 397 3948 407 3965; x_wconf 90' lang='lat'>,</span> <span class='ocrx_word' id='word_1_837' title='bbox 431 3927 459 3955; x_wconf 88' lang='lat' dir='ltr'>in</span> <span class='ocrx_word' id='word_1_838' title='bbox 479 3925 581 3957; x_wconf 90' lang='lat' dir='ltr'>eodem</span> <span class='ocrx_word' id='word_1_839' title='bbox 607 3925 691 3957; x_wconf 87' lang='lat' dir='ltr'>Festo</span> <span class='ocrx_word' id='word_1_840' title='bbox 704 3951 713 3964; x_wconf 89' lang='lat'>,</span> <span class='ocrx_word' id='word_1_841' title='bbox 732 3925 796 3956; x_wconf 86' lang='lat' dir='ltr'>alias</span> <span class='ocrx_word' id='word_1_842' title='bbox 815 3926 992 3965; x_wconf 77' lang='lat' dir='ltr'>Quingentas</span> <span class='ocrx_word' id='word_1_843' title='bbox 1015 3927 1111 3958; x_wconf 88' lang='lat' dir='ltr'>Libras</span> <span class='ocrx_word' id='word_1_844' title='bbox 1131 3929 1253 3967; x_wconf 86' lang='lat' dir='ltr'>ejusdem</span> 
     </span>
    </p>

    <p class='ocr_par' dir='ltr' id='par_1_22' title="bbox 237 3970 369 3999">
     <span class='ocr_line' id='line_1_100' title="bbox 237 3970 369 3999; baseline 0.008 -9"><span class='ocrx_word' id='word_1_845' title='bbox 237 3970 346 3999; x_wconf 59' lang='lat' dir='ltr'>onem,</span> <span class='ocrx_word' id='word_1_846' title='bbox 367 3971 369 3973; x_wconf 58' lang='lat'><strong><em>¹</em></strong></span> 
     </span>
    </p>
   </div>
   <div class='ocr_carea' id='block_1_5' title="bbox 238 3997 1254 4042">
    <p class='ocr_par' dir='ltr' id='par_1_23' title="bbox 238 3997 1254 4042">
     <span class='ocr_line' id='line_1_101' title="bbox 238 3997 1254 4042; baseline 0.009 -15"><span class='ocrx_word' id='word_1_847' title='bbox 238 3997 277 4027; x_wconf 89' lang='lat' dir='ltr'>Et</span> <span class='ocrx_word' id='word_1_848' title='bbox 302 4000 396 4030; x_wconf 88' lang='lat' dir='ltr'>eidem</span> <span class='ocrx_word' id='word_1_849' title='bbox 418 4001 552 4034; x_wconf 90' lang='lat' dir='ltr'>Domino</span> <span class='ocrx_word' id='word_1_850' title='bbox 576 4002 799 4041; x_wconf 86' lang='lat' dir='ltr'>Archiepiscopo</span> <span class='ocrx_word' id='word_1_851' title='bbox 818 4003 848 4033; x_wconf 89' lang='lat' dir='ltr'>in</span> <span class='ocrx_word' id='word_1_852' title='bbox 859 4002 951 4033; x_wconf 71' lang='lat' dir='ltr'>media</span> <span class='ocrx_word' id='word_1_853' title='bbox 967 4001 1182 4042; x_wconf 64' lang='lat' dir='ltr'>Kadragesima,</span> <span class='ocrx_word' id='word_1_854' title='bbox 1200 4006 1254 4035; x_wconf 91' lang='lat' dir='ltr'>im-</span> 
     </span>
    </p>
   </div>
   <div class='ocr_carea' id='block_1_6' title="bbox 1239 150 2283 206">
    <p class='ocr_par' dir='ltr' id='par_1_24' title="bbox 1239 150 2283 206">
     <span class='ocr_line' id='line_1_102' title="bbox 1239 150 2283 206; baseline 0.001 -14"><span class='ocrx_word' id='word_1_855' title='bbox 1239 150 1705 198; x_wconf 67' lang='lat' dir='ltr'>PUBLICA⁴</span> <span class='ocrx_word' id='word_1_856' title='bbox 2210 162 2283 206; x_wconf 74' lang='lat'>113</span> 
     </span>
    </p>
   </div>
   <div class='ocr_carea' id='block_1_7' title="bbox 1232 234 2439 1806">
    <p class='ocr_par' dir='ltr' id='par_1_25' title="bbox 1232 234 2439 396">
     <span class='ocr_line' id='line_1_103' title="bbox 1232 234 2439 307; baseline -0.001 -39"><span class='ocrx_word' id='word_1_857' title='bbox 1232 237 1356 306; x_wconf 34' lang='lat' dir='ltr'>&amp;ecam</span> <span class='ocrx_word' id='word_1_858' title='bbox 1371 239 1404 307; x_wconf 47' lang='lat' dir='ltr'>{t</span> <span class='ocrx_word' id='word_1_859' title='bbox 1419 239 1570 279; x_wconf 87' lang='lat' dir='ltr'>Capitulo,</span> <span class='ocrx_word' id='word_1_860' title='bbox 1587 242 1616 271; x_wconf 88' lang='lat' dir='ltr'>in</span> <span class='ocrx_word' id='word_1_861' title='bbox 1629 241 1734 272; x_wconf 88' lang='lat' dir='ltr'>eodem</span> <span class='ocrx_word' id='word_1_862' title='bbox 1745 239 1976 278; x_wconf 81' lang='lat' dir='ltr'>Termin0,alias</span> <span class='ocrx_word' id='word_1_863' title='bbox 1994 237 2172 279; x_wconf 80' lang='lat' dir='ltr'>Qiingentas</span> <span class='ocrx_word' id='word_1_864' title='bbox 2187 234 2286 268; x_wconf 75' lang='lat' dir='ltr'>Libras</span> <span class='ocrx_word' id='word_1_865' title='bbox 2311 235 2389 270; x_wconf 73' lang='grc' dir='ltr'>Αηη.</span> <span class='ocrx_word' id='word_1_866' title='bbox 2399 234 2439 268; x_wconf 71' lang='grc' dir='ltr'>Β.</span> 
     </span>
     <span class='ocr_line' id='line_1_104' title="bbox 1267 285 2421 307; baseline 0 -1"><span class='ocrx_word' id='word_1_867' title='bbox 1267 287 1375 307; x_wconf 88' lang='lat' dir='ltr'>uronen</span> <span class='ocrx_word' id='word_1_868' title='bbox 1387 288 1414 307; x_wconf 88' lang='lat' dir='ltr'>es</span> <span class='ocrx_word' id='word_1_869' title='bbox 2336 285 2349 306; x_wconf 92' lang='lat'>1</span> <span class='ocrx_word' id='word_1_870' title='bbox 2414 298 2421 306; x_wconf 55' lang='lat' dir='ltr'>i</span> 
     </span>
     <span class='ocr_line' id='line_1_105' title="bbox 1272 284 2423 358; baseline 0.001 -14"><span class='ocrx_word' id='word_1_871' title='bbox 1272 314 1307 358; x_wconf 71' lang='lat' dir='ltr'>Et</span> <span class='ocrx_word' id='word_1_872' title='bbox 1325 301 1430 358; x_wconf 55' lang='lat' dir='ltr'>eidem,</span> <span class='ocrx_word' id='word_1_873' title='bbox 1441 315 1574 346; x_wconf 91' lang='lat' dir='ltr'>Domino</span> <span class='ocrx_word' id='word_1_874' title='bbox 1593 315 1815 356; x_wconf 85' lang='lat' dir='ltr'>Archiepiscopo</span> <span class='ocrx_word' id='word_1_875' title='bbox 1830 341 1839 355; x_wconf 92' lang='lat'>,</span> <span class='ocrx_word' id='word_1_876' title='bbox 1857 318 1885 347; x_wconf 91' lang='lat' dir='ltr'>in</span> <span class='ocrx_word' id='word_1_877' title='bbox 1907 317 2080 355; x_wconf 90' lang='lat' dir='ltr'>subsequenti</span> <span class='ocrx_word' id='word_1_878' title='bbox 2102 313 2185 346; x_wconf 89' lang='lat' dir='ltr'>Festo</span> <span class='ocrx_word' id='word_1_879' title='bbox 2209 309 2285 345; x_wconf 86' lang='lat' dir='ltr'>Beati</span> <span class='ocrx_word' id='word_1_880' title='bbox 2307 284 2423 352; x_wconf 43' lang='lat' dir='ltr'>HJJ}-</span> 
     </span>
     <span class='ocr_line' id='line_1_106' title="bbox 1235 352 2286 396; baseline 0.001 -15"><span class='ocrx_word' id='word_1_881' title='bbox 1235 352 1400 396; x_wconf 73' lang='lat' dir='ltr'>Michaelis,</span> <span class='ocrx_word' id='word_1_882' title='bbox 1418 354 1594 392; x_wconf 81' lang='lat' dir='ltr'>Qiingentas</span> <span class='ocrx_word' id='word_1_883' title='bbox 1614 355 1713 385; x_wconf 83' lang='lat' dir='ltr'>Libras</span> <span class='ocrx_word' id='word_1_884' title='bbox 1733 356 1931 393; x_wconf 86' lang='lat' dir='ltr'>Turonenses,</span> <span class='ocrx_word' id='word_1_885' title='bbox 1948 357 1980 386; x_wconf 89' lang='lat'>&amp;</span> <span class='ocrx_word' id='word_1_886' title='bbox 2000 355 2098 392; x_wconf 65' lang='lat' dir='ltr'>dietis,</span> <span class='ocrx_word' id='word_1_887' title='bbox 2118 354 2238 384; x_wconf 90' lang='lat' dir='ltr'>Decano</span> <span class='ocrx_word' id='word_1_888' title='bbox 2252 353 2286 383; x_wconf 64' lang='grc' dir='ltr'>ὃς</span> 
     </span>
    </p>

    <p class='ocr_par' dir='ltr' id='par_1_26' title="bbox 1235 390 2261 435">
     <span class='ocr_line' id='line_1_107' title="bbox 1235 390 2261 435; baseline 0 -15"><span class='ocrx_word' id='word_1_889' title='bbox 1235 390 1368 435; x_wconf 80' lang='lat' dir='ltr'>Capitulo</span> <span class='ocrx_word' id='word_1_890' title='bbox 1378 414 1387 428; x_wconf 90' lang='lat'>,</span> <span class='ocrx_word' id='word_1_891' title='bbox 1405 393 1434 420; x_wconf 91' lang='lat' dir='ltr'>in</span> <span class='ocrx_word' id='word_1_892' title='bbox 1447 392 1550 421; x_wconf 88' lang='lat' dir='ltr'>eodem</span> <span class='ocrx_word' id='word_1_893' title='bbox 1565 392 1667 430; x_wconf 86' lang='lat' dir='ltr'>Festo,</span> <span class='ocrx_word' id='word_1_894' title='bbox 1686 394 1746 422; x_wconf 87' lang='lat' dir='ltr'>alias</span> <span class='ocrx_word' id='word_1_895' title='bbox 1767 395 1940 433; x_wconf 84' lang='lat' dir='ltr'>Qingentas</span> <span class='ocrx_word' id='word_1_896' title='bbox 1955 394 2051 423; x_wconf 87' lang='lat' dir='ltr'>Libras</span> <span class='ocrx_word' id='word_1_897' title='bbox 2065 392 2261 423; x_wconf 86' lang='lat' dir='ltr'>Turonenses:</span> 
     </span>
    </p>

    <p class='ocr_par' dir='ltr' id='par_1_27' title="bbox 1236 428 2294 574">
     <span class='ocr_line' id='line_1_108' title="bbox 1273 428 2289 470; baseline 0.001 -12"><span class='ocrx_word' id='word_1_898' title='bbox 1273 429 1309 458; x_wconf 74' lang='lat' dir='ltr'>Et</span> <span class='ocrx_word' id='word_1_899' title='bbox 1322 429 1415 459; x_wconf 86' lang='lat' dir='ltr'>eidem</span> <span class='ocrx_word' id='word_1_900' title='bbox 1432 428 1566 459; x_wconf 89' lang='lat' dir='ltr'>Domino</span> <span class='ocrx_word' id='word_1_901' title='bbox 1582 430 1819 468; x_wconf 83' lang='lat' dir='ltr'>Archiepiscopo,</span> <span class='ocrx_word' id='word_1_902' title='bbox 1838 434 1866 461; x_wconf 90' lang='lat' dir='ltr'>in</span> <span class='ocrx_word' id='word_1_903' title='bbox 1889 432 1980 462; x_wconf 67' lang='lat' dir='ltr'>media</span> <span class='ocrx_word' id='word_1_904' title='bbox 2000 431 2217 470; x_wconf 74' lang='lat' dir='ltr'>Kadragefima,</span> <span class='ocrx_word' id='word_1_905' title='bbox 2236 431 2289 459; x_wconf 48' lang='lat' dir='ltr'>im2</span> 
     </span>
     <span class='ocr_line' id='line_1_109' title="bbox 1236 467 2291 507; baseline 0 -10"><span class='ocrx_word' id='word_1_906' title='bbox 1236 468 1357 497; x_wconf 84' lang='lat' dir='ltr'>mediate</span> <span class='ocrx_word' id='word_1_907' title='bbox 1371 468 1510 505; x_wconf 87' lang='lat' dir='ltr'>sequenti,</span> <span class='ocrx_word' id='word_1_908' title='bbox 1529 468 1705 507; x_wconf 79' lang='lat' dir='ltr'>Qingentas</span> <span class='ocrx_word' id='word_1_909' title='bbox 1721 471 1817 499; x_wconf 83' lang='lat' dir='ltr'>Libras</span> <span class='ocrx_word' id='word_1_910' title='bbox 1830 470 2024 507; x_wconf 87' lang='lat' dir='ltr'>Turonenses,</span> <span class='ocrx_word' id='word_1_911' title='bbox 2042 470 2074 500; x_wconf 88' lang='lat'><strong>&amp;</strong></span> <span class='ocrx_word' id='word_1_912' title='bbox 2088 470 2209 506; x_wconf 85' lang='lat' dir='ltr'>eisdem,</span> <span class='ocrx_word' id='word_1_913' title='bbox 2227 467 2291 498; x_wconf 88' lang='lat' dir='ltr'>De·-</span> 
     </span>
     <span class='ocr_line' id='line_1_110' title="bbox 1238 506 2294 574; baseline 0.002 -40"><span class='ocrx_word' id='word_1_914' title='bbox 1238 516 1311 574; x_wconf 61' lang='lat' dir='ltr'>clano</span> <span class='ocrx_word' id='word_1_915' title='bbox 1332 507 1365 535; x_wconf 83' lang='lat'>&amp;</span> <span class='ocrx_word' id='word_1_916' title='bbox 1386 506 1538 574; x_wconf 40' lang='lat' dir='ltr'>Papitulo,</span> <span class='ocrx_word' id='word_1_917' title='bbox 1553 517 1582 535; x_wconf 91' lang='lat' dir='ltr'>in</span> <span class='ocrx_word' id='word_1_918' title='bbox 1603 507 1705 537; x_wconf 91' lang='lat' dir='ltr'>eodem</span> <span class='ocrx_word' id='word_1_919' title='bbox 1728 507 1870 538; x_wconf 81' lang='lat' dir='ltr'>Termino</span> <span class='ocrx_word' id='word_1_920' title='bbox 1886 531 1896 546; x_wconf 92' lang='lat'>,</span> <span class='ocrx_word' id='word_1_921' title='bbox 1914 510 1975 538; x_wconf 85' lang='lat' dir='ltr'>alias</span> <span class='ocrx_word' id='word_1_922' title='bbox 1998 509 2173 547; x_wconf 81' lang='lat' dir='ltr'>Qiugentas</span> <span class='ocrx_word' id='word_1_923' title='bbox 2194 507 2294 536; x_wconf 78' lang='lat' dir='ltr'>Libras</span> 
     </span>
    </p>

    <p class='ocr_par' dir='ltr' id='par_1_28' title="bbox 1274 554 1440 581">
     <span class='ocr_line' id='line_1_111' title="bbox 1274 554 1440 581; baseline -0.006 -8"><span class='ocrx_word' id='word_1_924' title='bbox 1274 554 1382 573; x_wconf 86' lang='lat' dir='ltr'>uronen</span> <span class='ocrx_word' id='word_1_925' title='bbox 1396 554 1422 573; x_wconf 86' lang='lat' dir='ltr'>es</span> <span class='ocrx_word' id='word_1_926' title='bbox 1431 566 1440 581; x_wconf 82' lang='lat'>,</span> 
     </span>
    </p>

    <p class='ocr_par' dir='ltr' id='par_1_29' title="bbox 1240 581 2299 734">
     <span class='ocr_line' id='line_1_112' title="bbox 1278 581 2295 627; baseline 0 -15"><span class='ocrx_word' id='word_1_927' title='bbox 1278 582 1325 612; x_wconf 83' lang='lat' dir='ltr'>Ad</span> <span class='ocrx_word' id='word_1_928' title='bbox 1339 592 1404 627; x_wconf 55' lang='lat' dir='ltr'>qtias</span> <span class='ocrx_word' id='word_1_929' title='bbox 1421 581 1538 625; x_wconf 77' lang='lat' dir='ltr'>quidem</span> <span class='ocrx_word' id='word_1_930' title='bbox 1551 583 1708 613; x_wconf 86' lang='lat' dir='ltr'>Solutiones</span> <span class='ocrx_word' id='word_1_931' title='bbox 1722 583 1837 613; x_wconf 85' lang='lat' dir='ltr'>fideliter</span> <span class='ocrx_word' id='word_1_932' title='bbox 1859 584 2013 622; x_wconf 85' lang='lat' dir='ltr'>faciendas,</span> <span class='ocrx_word' id='word_1_933' title='bbox 2032 583 2136 622; x_wconf 86' lang='lat' dir='ltr'>iidem,</span> <span class='ocrx_word' id='word_1_934' title='bbox 2155 582 2295 614; x_wconf 63' lang='lat' dir='ltr'>Senescal«</span> 
     </span>
     <span class='ocr_line' id='line_1_113' title="bbox 1240 620 2297 660; baseline 0 -10"><span class='ocrx_word' id='word_1_935' title='bbox 1240 620 1280 650; x_wconf 88' lang='lat' dir='ltr'>lus</span> <span class='ocrx_word' id='word_1_936' title='bbox 1295 622 1328 651; x_wconf 92' lang='lat'>&amp;</span> <span class='ocrx_word' id='word_1_937' title='bbox 1343 620 1592 659; x_wconf 57' lang='lat' dir='ltr'>constabularius,</span> <span class='ocrx_word' id='word_1_938' title='bbox 1609 621 1769 660; x_wconf 77' lang='lat' dir='ltr'>obligarunt</span> <span class='ocrx_word' id='word_1_939' title='bbox 1785 622 1893 651; x_wconf 59' lang='lat' dir='ltr'>dicium</span> <span class='ocrx_word' id='word_1_940' title='bbox 1911 622 2073 652; x_wconf 88' lang='lat' dir='ltr'>Dominum</span> <span class='ocrx_word' id='word_1_941' title='bbox 2089 622 2218 652; x_wconf 81' lang='lat' dir='ltr'>nostrum</span> <span class='ocrx_word' id='word_1_942' title='bbox 2236 620 2297 651; x_wconf 62' lang='lat' dir='ltr'>Re«</span> 
     </span>
     <span class='ocr_line' id='line_1_114' title="bbox 1240 659 2299 698; baseline 0 -10"><span class='ocrx_word' id='word_1_943' title='bbox 1240 667 1323 697; x_wconf 85' lang='lat' dir='ltr'>gem,</span> <span class='ocrx_word' id='word_1_944' title='bbox 1342 659 1375 689; x_wconf 88' lang='lat'>&amp;</span> <span class='ocrx_word' id='word_1_945' title='bbox 1391 659 1506 688; x_wconf 84' lang='lat' dir='ltr'>Ducem</span> <span class='ocrx_word' id='word_1_946' title='bbox 1516 681 1526 696; x_wconf 89' lang='lat'>,</span> <span class='ocrx_word' id='word_1_947' title='bbox 1543 660 1575 688; x_wconf 72' lang='grc' dir='ltr'>δε</span> <span class='ocrx_word' id='word_1_948' title='bbox 1590 661 1688 688; x_wconf 91' lang='lat' dir='ltr'>omnia</span> <span class='ocrx_word' id='word_1_949' title='bbox 1704 660 1781 689; x_wconf 87' lang='lat' dir='ltr'>Bona</span> <span class='ocrx_word' id='word_1_950' title='bbox 1796 660 1840 690; x_wconf 88' lang='lat' dir='ltr'>sua</span> <span class='ocrx_word' id='word_1_951' title='bbox 1854 661 1882 689; x_wconf 90' lang='lat' dir='ltr'>in</span> <span class='ocrx_word' id='word_1_952' title='bbox 1892 660 2007 690; x_wconf 89' lang='lat' dir='ltr'>Ducatu</span> <span class='ocrx_word' id='word_1_953' title='bbox 2022 661 2177 698; x_wconf 67' lang='lat' dir='ltr'>praedicto,</span> <span class='ocrx_word' id='word_1_954' title='bbox 2195 660 2214 689; x_wconf 85' lang='lat' dir='ltr'>si</span> <span class='ocrx_word' id='word_1_955' title='bbox 2227 669 2299 697; x_wconf 79' lang='lat' dir='ltr'>prae-</span> 
     </span>
     <span class='ocr_line' id='line_1_115' title="bbox 1243 697 1625 734; baseline -0.003 -8"><span class='ocrx_word' id='word_1_956' title='bbox 1243 697 1323 726; x_wconf 80' lang='lat' dir='ltr'>milla</span> <span class='ocrx_word' id='word_1_957' title='bbox 1337 705 1481 734; x_wconf 78' lang='lat' dir='ltr'>acceptare</span> <span class='ocrx_word' id='word_1_958' title='bbox 1497 697 1625 727; x_wconf 87' lang='lat' dir='ltr'>voluerit.</span> 
     </span>
    </p>

    <p class='ocr_par' dir='ltr' id='par_1_30' title="bbox 1244 731 2300 887">
     <span class='ocr_line' id='line_1_116' title="bbox 1280 731 2296 773; baseline 0 -9"><span class='ocrx_word' id='word_1_959' title='bbox 1280 734 1318 765; x_wconf 90' lang='lat' dir='ltr'>Et</span> <span class='ocrx_word' id='word_1_960' title='bbox 1340 735 1526 772; x_wconf 71' lang='lat' dir='ltr'>promiserunt</span> <span class='ocrx_word' id='word_1_961' title='bbox 1546 735 1572 764; x_wconf 86' lang='lat' dir='ltr'>se</span> <span class='ocrx_word' id='word_1_962' title='bbox 1593 744 1734 765; x_wconf 77' lang='lat' dir='ltr'>curaturos</span> <span class='ocrx_word' id='word_1_963' title='bbox 1749 736 1780 765; x_wconf 66' lang='lat'>&amp;-</span> <span class='ocrx_word' id='word_1_964' title='bbox 1798 735 1918 765; x_wconf 52' lang='lat' dir='ltr'>fatam-os</span> <span class='ocrx_word' id='word_1_965' title='bbox 1934 735 2012 773; x_wconf 68' lang='lat' dir='ltr'>qubd</span> <span class='ocrx_word' id='word_1_966' title='bbox 2027 736 2173 773; x_wconf 40' lang='lat' dir='ltr'>predicans</span> <span class='ocrx_word' id='word_1_967' title='bbox 2188 731 2296 765; x_wconf 59' lang='lat' dir='ltr'>Domi-2</span> 
     </span>
     <span class='ocr_line' id='line_1_117' title="bbox 1244 768 2298 812; baseline 0 -10"><span class='ocrx_word' id='word_1_968' title='bbox 1244 783 1296 803; x_wconf 89' lang='lat' dir='ltr'>nus</span> <span class='ocrx_word' id='word_1_969' title='bbox 1310 773 1404 802; x_wconf 82' lang='lat' dir='ltr'>noster</span> <span class='ocrx_word' id='word_1_970' title='bbox 1420 772 1502 810; x_wconf 61' lang='lat' dir='ltr'>ReX,</span> <span class='ocrx_word' id='word_1_971' title='bbox 1521 773 1553 802; x_wconf 87' lang='lat'>&amp;</span> <span class='ocrx_word' id='word_1_972' title='bbox 1571 773 1655 811; x_wconf 79' lang='lat' dir='ltr'>Dux,</span> <span class='ocrx_word' id='word_1_973' title='bbox 1668 784 1720 810; x_wconf 87' lang='lat' dir='ltr'>pro</span> <span class='ocrx_word' id='word_1_974' title='bbox 1734 774 1825 811; x_wconf 68' lang='lat' dir='ltr'>Se,&amp;</span> <span class='ocrx_word' id='word_1_975' title='bbox 1839 773 2051 803; x_wconf 79' lang='lat' dir='ltr'>Succeli&#39;orihus</span> <span class='ocrx_word' id='word_1_976' title='bbox 2065 768 2298 812; x_wconf 74' lang='lat' dir='ltr'>luis,hujusmodi</span> 
     </span>
     <span class='ocr_line' id='line_1_118' title="bbox 1246 811 2300 850; baseline 0 -10"><span class='ocrx_word' id='word_1_977' title='bbox 1246 811 1289 841; x_wconf 90' lang='lat' dir='ltr'>IN</span> <span class='ocrx_word' id='word_1_978' title='bbox 1300 820 1319 840; x_wconf 89' lang='lat' dir='ltr'>D</span> <span class='ocrx_word' id='word_1_979' title='bbox 1330 821 1347 841; x_wconf 85' lang='lat' dir='ltr'>E</span> <span class='ocrx_word' id='word_1_980' title='bbox 1360 820 1380 840; x_wconf 88' lang='lat' dir='ltr'>N</span> <span class='ocrx_word' id='word_1_981' title='bbox 1392 820 1445 841; x_wconf 85' lang='grc' dir='ltr'>Τυ</span> <span class='ocrx_word' id='word_1_982' title='bbox 1458 821 1480 841; x_wconf 85' lang='lat' dir='ltr'>R</span> <span class='ocrx_word' id='word_1_983' title='bbox 1492 822 1511 841; x_wconf 88' lang='lat' dir='ltr'>A</span> <span class='ocrx_word' id='word_1_984' title='bbox 1521 819 1564 848; x_wconf 76' lang='lat' dir='ltr'>M,</span> <span class='ocrx_word' id='word_1_985' title='bbox 1582 813 1614 842; x_wconf 58' lang='grc' dir='ltr'>ἃ</span> <span class='ocrx_word' id='word_1_986' title='bbox 1630 813 1658 840; x_wconf 88' lang='lat' dir='ltr'>in</span> <span class='ocrx_word' id='word_1_987' title='bbox 1673 811 1770 841; x_wconf 68' lang='lat' dir='ltr'>eadem</span> <span class='ocrx_word' id='word_1_988' title='bbox 1783 820 1932 849; x_wconf 84' lang='lat' dir='ltr'>contenta,</span> <span class='ocrx_word' id='word_1_989' title='bbox 1949 812 2126 842; x_wconf 77' lang='lat' dir='ltr'>confiitii.ibit</span> <span class='ocrx_word' id='word_1_990' title='bbox 2135 835 2144 850; x_wconf 92' lang='lat'>,</span> <span class='ocrx_word' id='word_1_991' title='bbox 2162 813 2300 849; x_wconf 69' lang='lat' dir='ltr'>approba»-</span> 
     </span>
     <span class='ocr_line' id='line_1_119' title="bbox 1248 849 1904 887; baseline -0.005 -7"><span class='ocrx_word' id='word_1_992' title='bbox 1248 850 1306 886; x_wconf 90' lang='lat' dir='ltr'>bit,</span> <span class='ocrx_word' id='word_1_993' title='bbox 1326 851 1357 880; x_wconf 64' lang='grc' dir='ltr'>ὃ(</span> <span class='ocrx_word' id='word_1_994' title='bbox 1374 850 1535 887; x_wconf 84' lang='lat' dir='ltr'>ratificabit,</span> <span class='ocrx_word' id='word_1_995' title='bbox 1555 850 1655 880; x_wconf 83' lang='lat' dir='ltr'>Literis</span> <span class='ocrx_word' id='word_1_996' title='bbox 1671 849 1832 879; x_wconf 73' lang='lat' dir='ltr'>Parentibus</span> <span class='ocrx_word' id='word_1_997' title='bbox 1846 849 1904 878; x_wconf 88' lang='lat' dir='ltr'>suis.</span> 
     </span>
    </p>

    <p class='ocr_par' dir='ltr' id='par_1_31' title="bbox 1246 886 2303 1040">
     <span class='ocr_line' id='line_1_120' title="bbox 1284 886 2300 925; baseline 0.001 -9"><span class='ocrx_word' id='word_1_998' title='bbox 1284 887 1341 917; x_wconf 91' lang='lat' dir='ltr'>Pro</span> <span class='ocrx_word' id='word_1_999' title='bbox 1359 889 1458 925; x_wconf 87' lang='lat' dir='ltr'>quibus</span> <span class='ocrx_word' id='word_1_1000' title='bbox 1473 889 1603 925; x_wconf 86' lang='lat' dir='ltr'>quidem,</span> <span class='ocrx_word' id='word_1_1001' title='bbox 1623 887 1834 924; x_wconf 82' lang='lat' dir='ltr'>Conceliione,</span> <span class='ocrx_word' id='word_1_1002' title='bbox 1854 886 2300 925; x_wconf 78' lang='lat' dir='ltr'>Obligatione,Confirmatione‚</span> 
     </span>
     <span class='ocr_line' id='line_1_121' title="bbox 1246 925 2301 964; baseline 0 -9"><span class='ocrx_word' id='word_1_1003' title='bbox 1246 925 1452 956; x_wconf 63' lang='lat' dir='ltr'>Transacstione</span> <span class='ocrx_word' id='word_1_1004' title='bbox 1467 949 1476 964; x_wconf 91' lang='lat'>,</span> <span class='ocrx_word' id='word_1_1005' title='bbox 1496 926 1682 956; x_wconf 81' lang='lat' dir='ltr'>Ordinatione</span> <span class='ocrx_word' id='word_1_1006' title='bbox 1697 950 1706 963; x_wconf 84' lang='lat'>,</span> <span class='ocrx_word' id='word_1_1007' title='bbox 1725 928 1758 957; x_wconf 68' lang='grc' dir='ltr'>ἃ(</span> <span class='ocrx_word' id='word_1_1008' title='bbox 1780 925 1980 956; x_wconf 84' lang='lat' dir='ltr'>Pacificatione</span> <span class='ocrx_word' id='word_1_1009' title='bbox 1996 948 2004 963; x_wconf 87' lang='lat'>,</span> <span class='ocrx_word' id='word_1_1010' title='bbox 2024 926 2179 963; x_wconf 64' lang='lat' dir='ltr'>praedkftis,</span> <span class='ocrx_word' id='word_1_1011' title='bbox 2198 926 2301 963; x_wconf 87' lang='lat' dir='ltr'>iidem,</span> 
     </span>
     <span class='ocr_line' id='line_1_122' title="bbox 1248 963 2303 1003; baseline 0 -10"><span class='ocrx_word' id='word_1_1012' title='bbox 1248 963 1394 994; x_wconf 83' lang='lat' dir='ltr'>Dominus</span> <span class='ocrx_word' id='word_1_1013' title='bbox 1409 965 1660 1003; x_wconf 76' lang='lat' dir='ltr'>Archiepiscopus,</span> <span class='ocrx_word' id='word_1_1014' title='bbox 1678 964 1811 994; x_wconf 80' lang='lat' dir='ltr'>Decanus</span> <span class='ocrx_word' id='word_1_1015' title='bbox 1826 965 1859 995; x_wconf 87' lang='lat'>&amp;</span> <span class='ocrx_word' id='word_1_1016' title='bbox 1874 963 2056 1001; x_wconf 81' lang='lat' dir='ltr'>Capitulum,</span> <span class='ocrx_word' id='word_1_1017' title='bbox 2076 965 2124 1001; x_wconf 90' lang='lat' dir='ltr'>qui</span> <span class='ocrx_word' id='word_1_1018' title='bbox 2138 974 2213 995; x_wconf 89' lang='lat' dir='ltr'>nunc</span> <span class='ocrx_word' id='word_1_1019' title='bbox 2229 965 2303 1002; x_wconf 84' lang='lat' dir='ltr'>sunt,</span> 
     </span>
     <span class='ocr_line' id='line_1_123' title="bbox 1248 1002 2186 1040; baseline -0.002 -7"><span class='ocrx_word' id='word_1_1020' title='bbox 1248 1003 1282 1033; x_wconf 92' lang='lat'>&amp;</span> <span class='ocrx_word' id='word_1_1021' title='bbox 1299 1003 1414 1039; x_wconf 77' lang='lat' dir='ltr'>quilibet</span> <span class='ocrx_word' id='word_1_1022' title='bbox 1429 1013 1477 1040; x_wconf 87' lang='lat' dir='ltr'>per</span> <span class='ocrx_word' id='word_1_1023' title='bbox 1493 1002 1544 1040; x_wconf 86' lang='lat' dir='ltr'>Se,</span> <span class='ocrx_word' id='word_1_1024' title='bbox 2183 1005 2186 1008; x_wconf 62' lang='lat'><em>⁴</em></span> 
     </span>
    </p>

    <p class='ocr_par' dir='ltr' id='par_1_32' title="bbox 1248 1040 2314 1576">
     <span class='ocr_line' id='line_1_124' title="bbox 1286 1040 2306 1078; baseline 0 -8"><span class='ocrx_word' id='word_1_1025' title='bbox 1286 1040 1380 1071; x_wconf 86' lang='lat' dir='ltr'>Gratis</span> <span class='ocrx_word' id='word_1_1026' title='bbox 1395 1041 1427 1071; x_wconf 64' lang='grc' dir='ltr'>ὃς</span> <span class='ocrx_word' id='word_1_1027' title='bbox 1446 1041 1561 1078; x_wconf 72' lang='lat' dir='ltr'>sponte,</span> <span class='ocrx_word' id='word_1_1028' title='bbox 1581 1041 1810 1071; x_wconf 75' lang='lat' dir='ltr'>REMISERU</span> <span class='ocrx_word' id='word_1_1029' title='bbox 1824 1049 1878 1070; x_wconf 77' lang='lat' dir='ltr'>NT</span> <span class='ocrx_word' id='word_1_1030' title='bbox 1904 1048 1955 1070; x_wconf 78' lang='grc' dir='ltr'>ΕΤ</span> <span class='ocrx_word' id='word_1_1031' title='bbox 1976 1040 2189 1078; x_wconf 75' lang='lat' dir='ltr'><strong>QUIETUM</strong></span> <span class='ocrx_word' id='word_1_1032' title='bbox 2216 1046 2306 1070; x_wconf 78' lang='lat' dir='ltr'>CLA-</span> 
     </span>
     <span class='ocr_line' id='line_1_125' title="bbox 1248 1077 2308 1116; baseline -0.001 -8"><span class='ocrx_word' id='word_1_1033' title='bbox 1248 1086 1456 1115; x_wconf 76' lang='lat' dir='ltr'>MARUNT,</span> <span class='ocrx_word' id='word_1_1034' title='bbox 1475 1080 1650 1116; x_wconf 86' lang='lat' dir='ltr'>quicumque</span> <span class='ocrx_word' id='word_1_1035' title='bbox 1668 1078 1855 1108; x_wconf 81' lang='lat' dir='ltr'>CLAMAN</span> <span class='ocrx_word' id='word_1_1036' title='bbox 1869 1088 1891 1108; x_wconf 86' lang='lat' dir='ltr'>T</span> <span class='ocrx_word' id='word_1_1037' title='bbox 1910 1079 1942 1109; x_wconf 71' lang='grc' dir='ltr'>ὅ(</span> <span class='ocrx_word' id='word_1_1038' title='bbox 1963 1077 2236 1108; x_wconf 68' lang='grc' dir='ltr'><strong>ΗΕΜῙΤΤυΝΤ</strong></span> <span class='ocrx_word' id='word_1_1039' title='bbox 2255 1088 2308 1114; x_wconf 87' lang='lat' dir='ltr'>pro</span> 
     </span>
     <span class='ocr_line' id='line_1_126' title="bbox 1249 1115 2308 1155; baseline -0.002 -8"><span class='ocrx_word' id='word_1_1040' title='bbox 1249 1116 1331 1154; x_wconf 85' lang='lat' dir='ltr'>se,&amp;</span> <span class='ocrx_word' id='word_1_1041' title='bbox 1344 1117 1557 1147; x_wconf 74' lang='lat' dir='ltr'>Successoribus</span> <span class='ocrx_word' id='word_1_1042' title='bbox 1572 1119 1640 1155; x_wconf 76' lang='lat' dir='ltr'>suis,</span> <span class='ocrx_word' id='word_1_1043' title='bbox 1660 1117 1844 1154; x_wconf 71' lang='lat' dir='ltr'>OMNEJU</span> <span class='ocrx_word' id='word_1_1044' title='bbox 1857 1127 1869 1147; x_wconf 90' lang='lat' dir='ltr'>s</span> <span class='ocrx_word' id='word_1_1045' title='bbox 1889 1117 1921 1147; x_wconf 72' lang='grc' dir='ltr'>δε</span> <span class='ocrx_word' id='word_1_1046' title='bbox 1938 1116 2033 1146; x_wconf 77' lang='lat' dir='ltr'>OMN</span> <span class='ocrx_word' id='word_1_1047' title='bbox 2045 1124 2062 1146; x_wconf 75' lang='grc' dir='ltr'>Ε</span> <span class='ocrx_word' id='word_1_1048' title='bbox 2079 1115 2308 1153; x_wconf 78' lang='lat' dir='ltr'>CLAMEUM,</span> 
     </span>
     <span class='ocr_line' id='line_1_127' title="bbox 1251 1155 2309 1201; baseline -0.002 -16"><span class='ocrx_word' id='word_1_1049' title='bbox 1251 1165 1316 1193; x_wconf 88' lang='lat' dir='ltr'>quae</span> <span class='ocrx_word' id='word_1_1050' title='bbox 1337 1155 1458 1193; x_wconf 88' lang='lat' dir='ltr'>habent,</span> <span class='ocrx_word' id='word_1_1051' title='bbox 1476 1156 1648 1201; x_wconf 82' lang='lat' dir='ltr'>habuerunt,</span> <span class='ocrx_word' id='word_1_1052' title='bbox 1663 1156 1709 1186; x_wconf 90' lang='lat' dir='ltr'>vel</span> <span class='ocrx_word' id='word_1_1053' title='bbox 1727 1155 1830 1185; x_wconf 85' lang='lat' dir='ltr'>habere</span> <span class='ocrx_word' id='word_1_1054' title='bbox 1852 1163 1982 1193; x_wconf 88' lang='lat' dir='ltr'>poterunt</span> <span class='ocrx_word' id='word_1_1055' title='bbox 2003 1155 2105 1184; x_wconf 84' lang='lat' dir='ltr'>abhinc</span> <span class='ocrx_word' id='word_1_1056' title='bbox 2121 1178 2130 1191; x_wconf 91' lang='lat'>,</span> <span class='ocrx_word' id='word_1_1057' title='bbox 2149 1156 2181 1185; x_wconf 66' lang='grc' dir='ltr'>ὃ(</span> <span class='ocrx_word' id='word_1_1058' title='bbox 2205 1155 2309 1191; x_wconf 87' lang='lat' dir='ltr'>imper-</span> 
     </span>
     <span class='ocr_line' id='line_1_128' title="bbox 1251 1192 2309 1232; baseline -0.001 -9"><span class='ocrx_word' id='word_1_1059' title='bbox 1251 1201 1387 1232; x_wconf 84' lang='lat' dir='ltr'>petuum,</span> <span class='ocrx_word' id='word_1_1060' title='bbox 1405 1194 1438 1224; x_wconf 86' lang='lat'>&amp;</span> <span class='ocrx_word' id='word_1_1061' title='bbox 1450 1194 1485 1223; x_wconf 89' lang='lat' dir='ltr'>ab</span> <span class='ocrx_word' id='word_1_1062' title='bbox 1500 1193 1553 1224; x_wconf 66' lang='lat' dir='ltr'>hac</span> <span class='ocrx_word' id='word_1_1063' title='bbox 1567 1193 1651 1224; x_wconf 87' lang='lat' dir='ltr'>I-lora</span> <span class='ocrx_word' id='word_1_1064' title='bbox 1665 1195 1694 1223; x_wconf 93' lang='lat' dir='ltr'>in</span> <span class='ocrx_word' id='word_1_1065' title='bbox 1708 1202 1802 1231; x_wconf 85' lang='lat' dir='ltr'>antea,</span> <span class='ocrx_word' id='word_1_1066' title='bbox 1820 1194 1849 1222; x_wconf 92' lang='lat' dir='ltr'>in</span> <span class='ocrx_word' id='word_1_1067' title='bbox 1865 1202 1928 1224; x_wconf 92' lang='lat' dir='ltr'>toto</span> <span class='ocrx_word' id='word_1_1068' title='bbox 1947 1193 2055 1222; x_wconf 85' lang='lat' dir='ltr'>residuo</span> <span class='ocrx_word' id='word_1_1069' title='bbox 2078 1192 2176 1223; x_wconf 65' lang='lat' dir='ltr'>Exitus</span> <span class='ocrx_word' id='word_1_1070' title='bbox 2195 1192 2309 1222; x_wconf 76' lang='lat' dir='ltr'>Arrera-</span> 
     </span>
     <span class='ocr_line' id='line_1_129' title="bbox 1250 1230 2309 1270; baseline 0 -10"><span class='ocrx_word' id='word_1_1071' title='bbox 1250 1233 1362 1270; x_wconf 84' lang='lat' dir='ltr'>giorum</span> <span class='ocrx_word' id='word_1_1072' title='bbox 1384 1232 1547 1262; x_wconf 86' lang='lat' dir='ltr'>Tertiarum</span> <span class='ocrx_word' id='word_1_1073' title='bbox 1570 1232 1694 1262; x_wconf 89' lang='lat' dir='ltr'>Partium</span> <span class='ocrx_word' id='word_1_1074' title='bbox 1718 1231 1848 1262; x_wconf 80' lang='lat' dir='ltr'>Camerae</span> <span class='ocrx_word' id='word_1_1075' title='bbox 1862 1255 1871 1269; x_wconf 94' lang='lat'>,</span> <span class='ocrx_word' id='word_1_1076' title='bbox 1896 1231 1940 1261; x_wconf 88' lang='lat' dir='ltr'>seu</span> <span class='ocrx_word' id='word_1_1077' title='bbox 1963 1230 2094 1260; x_wconf 65' lang='lat' dir='ltr'>Monciae</span> <span class='ocrx_word' id='word_1_1078' title='bbox 2109 1253 2118 1268; x_wconf 91' lang='lat'>,</span> <span class='ocrx_word' id='word_1_1079' title='bbox 2144 1231 2309 1269; x_wconf 64' lang='lat' dir='ltr'>praedietae,</span> 
     </span>
     <span class='ocr_line' id='line_1_130' title="bbox 1252 1269 2309 1309; baseline -0.002 -9"><span class='ocrx_word' id='word_1_1080' title='bbox 1252 1270 1314 1307; x_wconf 87' lang='lat' dir='ltr'>ipsis</span> <span class='ocrx_word' id='word_1_1081' title='bbox 1326 1294 1336 1307; x_wconf 89' lang='lat'>,</span> <span class='ocrx_word' id='word_1_1082' title='bbox 1356 1270 1577 1308; x_wconf 85' lang='lat' dir='ltr'>Archiepiscopo</span> <span class='ocrx_word' id='word_1_1083' title='bbox 1590 1294 1599 1309; x_wconf 93' lang='lat'>,</span> <span class='ocrx_word' id='word_1_1084' title='bbox 1618 1270 1742 1301; x_wconf 88' lang='lat' dir='ltr'>Decano</span> <span class='ocrx_word' id='word_1_1085' title='bbox 1763 1269 1969 1307; x_wconf 63' lang='lat' dir='ltr'>&amp;iCapitulQ</span> <span class='ocrx_word' id='word_1_1086' title='bbox 1988 1269 2023 1298; x_wconf 89' lang='lat' dir='ltr'>de</span> <span class='ocrx_word' id='word_1_1087' title='bbox 2043 1278 2171 1306; x_wconf 86' lang='lat' dir='ltr'>tempore</span> <span class='ocrx_word' id='word_1_1088' title='bbox 2196 1278 2309 1306; x_wconf 79' lang='lat' dir='ltr'>praeter-</span> 
     </span>
     <span class='ocr_line' id='line_1_131' title="bbox 1254 1306 2310 1347; baseline -0.002 -9"><span class='ocrx_word' id='word_1_1089' title='bbox 1254 1309 1296 1338; x_wconf 92' lang='lat' dir='ltr'>ito</span> <span class='ocrx_word' id='word_1_1090' title='bbox 1311 1308 1484 1346; x_wconf 65' lang='lat' dir='ltr'>supradidio,</span> <span class='ocrx_word' id='word_1_1091' title='bbox 1507 1310 1609 1339; x_wconf 87' lang='lat' dir='ltr'>debitae</span> <span class='ocrx_word' id='word_1_1092' title='bbox 1630 1310 1732 1339; x_wconf 81' lang='lat' dir='ltr'>abhinc</span> <span class='ocrx_word' id='word_1_1093' title='bbox 1743 1332 1752 1347; x_wconf 88' lang='lat'>,</span> <span class='ocrx_word' id='word_1_1094' title='bbox 1770 1310 1803 1339; x_wconf 88' lang='lat'>&amp;</span> <span class='ocrx_word' id='word_1_1095' title='bbox 1816 1309 2025 1346; x_wconf 84' lang='lat' dir='ltr'>imperpetuum</span> <span class='ocrx_word' id='word_1_1096' title='bbox 2035 1330 2044 1344; x_wconf 86' lang='lat'>,</span> <span class='ocrx_word' id='word_1_1097' title='bbox 2063 1308 2095 1337; x_wconf 72' lang='grc' dir='ltr'>δε</span> <span class='ocrx_word' id='word_1_1098' title='bbox 2109 1308 2144 1337; x_wconf 91' lang='lat' dir='ltr'>ab</span> <span class='ocrx_word' id='word_1_1099' title='bbox 2158 1306 2211 1337; x_wconf 73' lang='lat' dir='ltr'>hac</span> <span class='ocrx_word' id='word_1_1100' title='bbox 2226 1307 2310 1337; x_wconf 67' lang='lat' dir='ltr'>Hora</span> 
     </span>
     <span class='ocr_line' id='line_1_132' title="bbox 1254 1347 2310 1385; baseline -0.001 -10"><span class='ocrx_word' id='word_1_1101' title='bbox 1254 1347 1282 1376; x_wconf 93' lang='lat' dir='ltr'>in</span> <span class='ocrx_word' id='word_1_1102' title='bbox 1294 1355 1391 1385; x_wconf 87' lang='lat' dir='ltr'>antea,</span> <span class='ocrx_word' id='word_1_1103' title='bbox 1409 1348 1516 1378; x_wconf 90' lang='lat' dir='ltr'>ratione</span> <span class='ocrx_word' id='word_1_1104' title='bbox 1529 1348 1574 1378; x_wconf 89' lang='lat' dir='ltr'>vel</span> <span class='ocrx_word' id='word_1_1105' title='bbox 1596 1347 1693 1385; x_wconf 73' lang='lat' dir='ltr'>causa,</span> <span class='ocrx_word' id='word_1_1106' title='bbox 1711 1347 1856 1377; x_wconf 58' lang='lat' dir='ltr'>diffitorurn</span> <span class='ocrx_word' id='word_1_1107' title='bbox 1878 1347 2111 1384; x_wconf 76' lang='lat' dir='ltr'>Arreragiorum,</span> <span class='ocrx_word' id='word_1_1108' title='bbox 2131 1347 2310 1382; x_wconf 62' lang='lat' dir='ltr'>pra-sentibus</span> 
     </span>
     <span class='ocr_line' id='line_1_133' title="bbox 1254 1383 2311 1423; baseline -0.004 -7"><span class='ocrx_word' id='word_1_1109' title='bbox 1254 1385 1376 1416; x_wconf 86' lang='lat' dir='ltr'>valituris</span> <span class='ocrx_word' id='word_1_1110' title='bbox 1398 1386 1429 1414; x_wconf 87' lang='lat' dir='ltr'>in</span> <span class='ocrx_word' id='word_1_1111' title='bbox 1452 1385 1512 1416; x_wconf 86' lang='lat' dir='ltr'>casu</span> <span class='ocrx_word' id='word_1_1112' title='bbox 1535 1386 1554 1416; x_wconf 87' lang='lat' dir='ltr'>si</span> <span class='ocrx_word' id='word_1_1113' title='bbox 1575 1386 1712 1423; x_wconf 75' lang='lat' dir='ltr'>praetniffa</span> <span class='ocrx_word' id='word_1_1114' title='bbox 1733 1386 1830 1416; x_wconf 87' lang='lat' dir='ltr'>omnia</span> <span class='ocrx_word' id='word_1_1115' title='bbox 1846 1386 1878 1415; x_wconf 67' lang='grc' dir='ltr'>ὃς</span> <span class='ocrx_word' id='word_1_1116' title='bbox 1894 1385 1996 1423; x_wconf 84' lang='lat' dir='ltr'>lingula</span> <span class='ocrx_word' id='word_1_1117' title='bbox 2009 1383 2135 1421; x_wconf 79' lang='lat' dir='ltr'>placeant</span> <span class='ocrx_word' id='word_1_1118' title='bbox 2150 1383 2230 1412; x_wconf 67' lang='lat' dir='ltr'>dieto</span> <span class='ocrx_word' id='word_1_1119' title='bbox 2246 1383 2311 1413; x_wconf 79' lang='lat' dir='ltr'>Do-</span> 
     </span>
     <span class='ocr_line' id='line_1_134' title="bbox 1255 1421 2312 1463; baseline -0.002 -11"><span class='ocrx_word' id='word_1_1120' title='bbox 1255 1424 1335 1453; x_wconf 89' lang='lat' dir='ltr'>mino</span> <span class='ocrx_word' id='word_1_1121' title='bbox 1350 1423 1444 1462; x_wconf 80' lang='lat' dir='ltr'>Regi,</span> <span class='ocrx_word' id='word_1_1122' title='bbox 1461 1425 1494 1455; x_wconf 92' lang='lat'>&amp;</span> <span class='ocrx_word' id='word_1_1123' title='bbox 1511 1424 1603 1455; x_wconf 90' lang='lat' dir='ltr'>Duci:</span> <span class='ocrx_word' id='word_1_1124' title='bbox 1624 1424 1677 1463; x_wconf 83' lang='lat' dir='ltr'>Et,</span> <span class='ocrx_word' id='word_1_1125' title='bbox 1696 1426 1723 1453; x_wconf 89' lang='lat' dir='ltr'>in</span> <span class='ocrx_word' id='word_1_1126' title='bbox 1738 1424 1799 1454; x_wconf 89' lang='lat' dir='ltr'>casu</span> <span class='ocrx_word' id='word_1_1127' title='bbox 1814 1422 1894 1461; x_wconf 79' lang='lat' dir='ltr'>quod</span> <span class='ocrx_word' id='word_1_1128' title='bbox 1909 1432 1968 1452; x_wconf 92' lang='lat' dir='ltr'>non</span> <span class='ocrx_word' id='word_1_1129' title='bbox 1985 1423 2111 1459; x_wconf 81' lang='lat' dir='ltr'>placeant</span> <span class='ocrx_word' id='word_1_1130' title='bbox 2123 1421 2214 1451; x_wconf 86' lang='lat' dir='ltr'>eidem</span> <span class='ocrx_word' id='word_1_1131' title='bbox 2229 1421 2312 1450; x_wconf 89' lang='lat' dir='ltr'>Con-</span> 
     </span>
     <span class='ocr_line' id='line_1_135' title="bbox 1255 1459 2314 1500; baseline -0.004 -8"><span class='ocrx_word' id='word_1_1132' title='bbox 1255 1469 1331 1492; x_wconf 87' lang='lat' dir='ltr'>tenta</span> <span class='ocrx_word' id='word_1_1133' title='bbox 1351 1463 1379 1491; x_wconf 91' lang='lat' dir='ltr'>in</span> <span class='ocrx_word' id='word_1_1134' title='bbox 1398 1462 1443 1491; x_wconf 85' lang='lat' dir='ltr'>IN</span> <span class='ocrx_word' id='word_1_1135' title='bbox 1453 1471 1473 1491; x_wconf 86' lang='lat' dir='ltr'>D</span> <span class='ocrx_word' id='word_1_1136' title='bbox 1483 1472 1500 1492; x_wconf 81' lang='lat' dir='ltr'>E</span> <span class='ocrx_word' id='word_1_1137' title='bbox 1512 1471 1535 1492; x_wconf 88' lang='lat' dir='ltr'>N</span> <span class='ocrx_word' id='word_1_1138' title='bbox 1543 1471 1566 1492; x_wconf 85' lang='grc' dir='ltr'>τ</span> <span class='ocrx_word' id='word_1_1139' title='bbox 1575 1471 1597 1492; x_wconf 87' lang='lat' dir='ltr'><strong>U</strong></span> <span class='ocrx_word' id='word_1_1140' title='bbox 1608 1472 1630 1492; x_wconf 77' lang='lat' dir='ltr'>R</span> <span class='ocrx_word' id='word_1_1141' title='bbox 1641 1473 1660 1492; x_wconf 98' lang='lat' dir='ltr'>A</span> <span class='ocrx_word' id='word_1_1142' title='bbox 1679 1463 1803 1500; x_wconf 76' lang='lat' dir='ltr'>praelenti</span> <span class='ocrx_word' id='word_1_1143' title='bbox 1819 1485 1828 1500; x_wconf 94' lang='lat'>,</span> <span class='ocrx_word' id='word_1_1144' title='bbox 1848 1472 1896 1500; x_wconf 85' lang='lat' dir='ltr'>per</span> <span class='ocrx_word' id='word_1_1145' title='bbox 1917 1460 2136 1490; x_wconf 85' lang='lat' dir='ltr'>Ordinationein</span> <span class='ocrx_word' id='word_1_1146' title='bbox 2156 1459 2314 1497; x_wconf 83' lang='lat' dir='ltr'>hujusmodi</span> 
     </span>
     <span class='ocr_line' id='line_1_136' title="bbox 1255 1497 2314 1539; baseline -0.001 -10"><span class='ocrx_word' id='word_1_1147' title='bbox 1255 1500 1346 1530; x_wconf 88' lang='lat' dir='ltr'>neutri</span> <span class='ocrx_word' id='word_1_1148' title='bbox 1369 1501 1487 1537; x_wconf 86' lang='lat' dir='ltr'>partium</span> <span class='ocrx_word' id='word_1_1149' title='bbox 1513 1501 1708 1538; x_wconf 62' lang='lat' dir='ltr'>praedidiarum</span> <span class='ocrx_word' id='word_1_1150' title='bbox 1729 1510 1837 1539; x_wconf 85' lang='lat' dir='ltr'>paretur</span> <span class='ocrx_word' id='word_1_1151' title='bbox 1859 1499 2055 1538; x_wconf 67' lang='lat' dir='ltr'>praejudicium</span> <span class='ocrx_word' id='word_1_1152' title='bbox 2071 1500 2099 1528; x_wconf 90' lang='lat' dir='ltr'>in</span> <span class='ocrx_word' id='word_1_1153' title='bbox 2114 1499 2257 1535; x_wconf 77' lang='lat' dir='ltr'>futurum,</span> <span class='ocrx_word' id='word_1_1154' title='bbox 2275 1497 2314 1528; x_wconf 85' lang='lat' dir='ltr'>set</span> 
     </span>
     <span class='ocr_line' id='line_1_137' title="bbox 1255 1536 2207 1576; baseline -0.003 -8"><span class='ocrx_word' id='word_1_1155' title='bbox 1255 1539 1380 1575; x_wconf 89' lang='lat' dir='ltr'>utrique,</span> <span class='ocrx_word' id='word_1_1156' title='bbox 1398 1538 1476 1576; x_wconf 85' lang='lat' dir='ltr'>super</span> <span class='ocrx_word' id='word_1_1157' title='bbox 1491 1539 1652 1576; x_wconf 80' lang='lat' dir='ltr'>praemissis,</span> <span class='ocrx_word' id='word_1_1158' title='bbox 1670 1540 1739 1569; x_wconf 82' lang='lat' dir='ltr'>{icut</span> <span class='ocrx_word' id='word_1_1159' title='bbox 1759 1540 1848 1576; x_wconf 87' lang='lat' dir='ltr'>prius,</span> <span class='ocrx_word' id='word_1_1160' title='bbox 1868 1546 2007 1568; x_wconf 83' lang='lat' dir='ltr'>remaneat</span> <span class='ocrx_word' id='word_1_1161' title='bbox 2019 1536 2069 1574; x_wconf 86' lang='lat' dir='ltr'>Jus</span> <span class='ocrx_word' id='word_1_1162' title='bbox 2083 1536 2207 1566; x_wconf 75' lang='lat' dir='ltr'>illaesum.</span> 
     </span>
    </p>

    <p class='ocr_par' dir='ltr' id='par_1_33' title="bbox 1257 1575 2316 1721">
     <span class='ocr_line' id='line_1_138' title="bbox 1294 1575 2315 1614; baseline -0.002 -9"><span class='ocrx_word' id='word_1_1163' title='bbox 1294 1576 1326 1606; x_wconf 88' lang='lat' dir='ltr'>In</span> <span class='ocrx_word' id='word_1_1164' title='bbox 1341 1578 1418 1614; x_wconf 87' lang='lat' dir='ltr'>cujus</span> <span class='ocrx_word' id='word_1_1165' title='bbox 1434 1578 1472 1606; x_wconf 85' lang='lat' dir='ltr'>rei</span> <span class='ocrx_word' id='word_1_1166' title='bbox 1481 1577 1694 1607; x_wconf 83' lang='lat' dir='ltr'>Testimonium</span> <span class='ocrx_word' id='word_1_1167' title='bbox 1709 1578 1761 1607; x_wconf 86' lang='lat' dir='ltr'>hiis</span> <span class='ocrx_word' id='word_1_1168' title='bbox 1776 1577 1795 1606; x_wconf 90' lang='lat' dir='ltr'>S</span> <span class='ocrx_word' id='word_1_1169' title='bbox 1805 1587 1821 1606; x_wconf 91' lang='lat' dir='ltr'>c</span> <span class='ocrx_word' id='word_1_1170' title='bbox 1831 1586 1853 1606; x_wconf 81' lang='lat' dir='ltr'>R</span> <span class='ocrx_word' id='word_1_1171' title='bbox 1864 1586 1873 1606; x_wconf 94' lang='lat'>1</span> <span class='ocrx_word' id='word_1_1172' title='bbox 1884 1585 1930 1606; x_wconf 81' lang='lat' dir='ltr'>PT</span> <span class='ocrx_word' id='word_1_1173' title='bbox 1941 1585 1951 1605; x_wconf 90' lang='lat'>1</span> <span class='ocrx_word' id='word_1_1174' title='bbox 1961 1585 1972 1605; x_wconf 91' lang='lat' dir='ltr'>s</span> <span class='ocrx_word' id='word_1_1175' title='bbox 1982 1599 1990 1612; x_wconf 87' lang='lat'>,</span> <span class='ocrx_word' id='word_1_1176' title='bbox 1999 1575 2029 1604; x_wconf 91' lang='lat' dir='ltr'>T</span> <span class='ocrx_word' id='word_1_1177' title='bbox 2040 1584 2061 1604; x_wconf 81' lang='lat' dir='ltr'><strong>R</strong></span> <span class='ocrx_word' id='word_1_1178' title='bbox 2072 1584 2082 1604; x_wconf 92' lang='lat'>1</span> <span class='ocrx_word' id='word_1_1179' title='bbox 2094 1583 2111 1604; x_wconf 78' lang='lat' dir='ltr'>P</span> <span class='ocrx_word' id='word_1_1180' title='bbox 2125 1585 2142 1604; x_wconf 87' lang='lat' dir='ltr'>A</span> <span class='ocrx_word' id='word_1_1181' title='bbox 2154 1584 2175 1604; x_wconf 83' lang='lat' dir='ltr'>R</span> <span class='ocrx_word' id='word_1_1182' title='bbox 2186 1583 2208 1603; x_wconf 83' lang='lat' dir='ltr'>T</span> <span class='ocrx_word' id='word_1_1183' title='bbox 2217 1583 2227 1603; x_wconf 88' lang='lat' dir='ltr'>r</span> <span class='ocrx_word' id='word_1_1184' title='bbox 2236 1581 2259 1603; x_wconf 83' lang='grc' dir='ltr'><strong>Τ</strong></span> <span class='ocrx_word' id='word_1_1185' title='bbox 2270 1583 2281 1603; x_wconf 83' lang='lat' dir='ltr'>r</span> <span class='ocrx_word' id='word_1_1186' title='bbox 2291 1582 2315 1612; x_wconf 81' lang='lat' dir='ltr'>s,</span> 
     </span>
     <span class='ocr_line' id='line_1_139' title="bbox 1258 1611 2314 1654; baseline -0.002 -11"><span class='ocrx_word' id='word_1_1187' title='bbox 1258 1615 1291 1644; x_wconf 70' lang='grc' dir='ltr'>ὃ(</span> <span class='ocrx_word' id='word_1_1188' title='bbox 1311 1614 1354 1644; x_wconf 85' lang='lat' dir='ltr'>IN</span> <span class='ocrx_word' id='word_1_1189' title='bbox 1368 1623 1387 1643; x_wconf 90' lang='lat' dir='ltr'>D</span> <span class='ocrx_word' id='word_1_1190' title='bbox 1398 1623 1415 1643; x_wconf 77' lang='lat' dir='ltr'>E</span> <span class='ocrx_word' id='word_1_1191' title='bbox 1427 1622 1448 1643; x_wconf 84' lang='lat' dir='ltr'>N</span> <span class='ocrx_word' id='word_1_1192' title='bbox 1460 1622 1482 1643; x_wconf 83' lang='lat' dir='ltr'>T</span> <span class='ocrx_word' id='word_1_1193' title='bbox 1491 1625 1510 1644; x_wconf 91' lang='lat' dir='ltr'>A</span> <span class='ocrx_word' id='word_1_1194' title='bbox 1519 1624 1541 1644; x_wconf 92' lang='grc' dir='ltr'><strong>Τ</strong></span> <span class='ocrx_word' id='word_1_1195' title='bbox 1551 1624 1561 1644; x_wconf 86' lang='grc' dir='ltr'>Ι</span> <span class='ocrx_word' id='word_1_1196' title='bbox 1575 1625 1586 1645; x_wconf 84' lang='lat' dir='ltr'>s</span> <span class='ocrx_word' id='word_1_1197' title='bbox 1595 1637 1605 1652; x_wconf 91' lang='lat'>,</span> <span class='ocrx_word' id='word_1_1198' title='bbox 1625 1616 1717 1654; x_wconf 78' lang='lat' dir='ltr'>Sigilla</span> <span class='ocrx_word' id='word_1_1199' title='bbox 1735 1615 1830 1644; x_wconf 81' lang='lat' dir='ltr'>Curiae</span> <span class='ocrx_word' id='word_1_1200' title='bbox 1847 1615 1994 1644; x_wconf 81' lang='lat' dir='ltr'>Vasconiae</span> <span class='ocrx_word' id='word_1_1201' title='bbox 2015 1612 2132 1651; x_wconf 76' lang='lat' dir='ltr'>Officii,</span> <span class='ocrx_word' id='word_1_1202' title='bbox 2150 1611 2314 1642; x_wconf 70' lang='lat' dir='ltr'>Constaba-</span> 
     </span>
     <span class='ocr_line' id='line_1_140' title="bbox 1257 1652 2316 1721; baseline -0.001 -40"><span class='ocrx_word' id='word_1_1203' title='bbox 1257 1653 1314 1721; x_wconf 75' lang='lat' dir='ltr'>lsarii</span> <span class='ocrx_word' id='word_1_1204' title='bbox 1324 1676 1333 1691; x_wconf 86' lang='lat'>,</span> <span class='ocrx_word' id='word_1_1205' title='bbox 1353 1652 1700 1720; x_wconf 73' lang='lat' dir='ltr'>Archsiepiscopi,Decani</span> <span class='ocrx_word' id='word_1_1206' title='bbox 1715 1655 1748 1683; x_wconf 69' lang='grc' dir='ltr'>ἃ,</span> <span class='ocrx_word' id='word_1_1207' title='bbox 1762 1652 1906 1691; x_wconf 80' lang='lat' dir='ltr'>Capituli,</span> <span class='ocrx_word' id='word_1_1208' title='bbox 1925 1652 2145 1689; x_wconf 63' lang='lat' dir='ltr'>praedictorum,</span> <span class='ocrx_word' id='word_1_1209' title='bbox 2158 1652 2316 1682; x_wconf 84' lang='lat' dir='ltr'>alternatim</span> 
     </span>
    </p>

    <p class='ocr_par' dir='ltr' id='par_1_34' title="bbox 1272 1700 1458 1728">
     <span class='ocr_line' id='line_1_141' title="bbox 1272 1700 1458 1728; baseline 0 -8"><span class='ocrx_word' id='word_1_1210' title='bbox 1272 1700 1321 1721; x_wconf 86' lang='lat' dir='ltr'>unt</span> <span class='ocrx_word' id='word_1_1211' title='bbox 1333 1700 1423 1728; x_wconf 89' lang='lat' dir='ltr'>appen</span> <span class='ocrx_word' id='word_1_1212' title='bbox 1436 1701 1458 1720; x_wconf 89' lang='lat' dir='ltr'>a.</span> 
     </span>
    </p>

    <p class='ocr_par' dir='ltr' id='par_1_35' title="bbox 1298 1726 2316 1768">
     <span class='ocr_line' id='line_1_142' title="bbox 1298 1726 2316 1768; baseline -0.002 -10"><span class='ocrx_word' id='word_1_1213' title='bbox 1298 1728 1365 1759; x_wconf 86' lang='lat' dir='ltr'>Dat.</span> <span class='ocrx_word' id='word_1_1214' title='bbox 1388 1728 1559 1766; x_wconf 77' lang='lat' dir='ltr'>Burdegaliae</span> <span class='ocrx_word' id='word_1_1215' title='bbox 1574 1753 1582 1768; x_wconf 83' lang='lat'>,</span> <span class='ocrx_word' id='word_1_1216' title='bbox 1611 1728 1721 1768; x_wconf 71' lang='lat' dir='ltr'>Qintci</span> <span class='ocrx_word' id='word_1_1217' title='bbox 1744 1728 1869 1759; x_wconf 67' lang='lat' dir='ltr'>Decima</span> <span class='ocrx_word' id='word_1_1218' title='bbox 1891 1728 1936 1758; x_wconf 90' lang='lat' dir='ltr'>die</span> <span class='ocrx_word' id='word_1_1219' title='bbox 1959 1727 2066 1757; x_wconf 82' lang='lat' dir='ltr'>Mensis</span> <span class='ocrx_word' id='word_1_1220' title='bbox 2088 1726 2210 1765; x_wconf 82' lang='lat' dir='ltr'>Martii,</span> <span class='ocrx_word' id='word_1_1221' title='bbox 2228 1727 2316 1757; x_wconf 89' lang='lat' dir='ltr'>Anno</span> 
     </span>
    </p>

    <p class='ocr_par' dir='ltr' id='par_1_36' title="bbox 1260 1765 2106 1806">
     <span class='ocr_line' id='line_1_143' title="bbox 1260 1765 2106 1806; baseline -0.004 -9"><span class='ocrx_word' id='word_1_1222' title='bbox 1260 1767 1383 1798; x_wconf 87' lang='lat' dir='ltr'>Domini</span> <span class='ocrx_word' id='word_1_1223' title='bbox 1397 1765 1560 1806; x_wconf 84' lang='lat' dir='ltr'>Milelimo‚</span> <span class='ocrx_word' id='word_1_1224' title='bbox 1578 1767 1823 1805; x_wconf 87' lang='lat' dir='ltr'>Trescentesimo,</span> <span class='ocrx_word' id='word_1_1225' title='bbox 1841 1767 2002 1797; x_wconf 82' lang='lat' dir='ltr'>Tricelimo</span> <span class='ocrx_word' id='word_1_1226' title='bbox 2015 1767 2106 1795; x_wconf 88' lang='lat' dir='ltr'>tertio.</span> 
     </span>
    </p>
   </div>
   <div class='ocr_carea' id='block_1_8' title="bbox 1261 1842 2320 2028">
    <p class='ocr_par' dir='ltr' id='par_1_37' title="bbox 1261 1842 2320 2028">
     <span class='ocr_line' id='line_1_144' title="bbox 1297 1842 2320 1881; baseline -0.003 -7"><span class='ocrx_word' id='word_1_1227' title='bbox 1297 1844 1366 1874; x_wconf 91' lang='lat' dir='ltr'>Nos</span> <span class='ocrx_word' id='word_1_1228' title='bbox 1379 1852 1488 1881; x_wconf 81' lang='lat' dir='ltr'>autem,</span> <span class='ocrx_word' id='word_1_1229' title='bbox 1508 1842 1740 1874; x_wconf 84' lang='lat' dir='ltr'>Pacificationem</span> <span class='ocrx_word' id='word_1_1230' title='bbox 1755 1845 1789 1874; x_wconf 71' lang='grc' dir='ltr'>ὃς</span> <span class='ocrx_word' id='word_1_1231' title='bbox 1805 1843 2025 1874; x_wconf 86' lang='lat' dir='ltr'>Ordinationem</span> <span class='ocrx_word' id='word_1_1232' title='bbox 2044 1842 2245 1880; x_wconf 45' lang='lat' dir='ltr'>praediffiiasssc</span> <span class='ocrx_word' id='word_1_1233' title='bbox 2253 1846 2320 1871; x_wconf 54' lang='lat' dir='ltr'>om}</span> 
     </span>
     <span class='ocr_line' id='line_1_145' title="bbox 1261 1881 2316 1920; baseline -0.004 -8"><span class='ocrx_word' id='word_1_1234' title='bbox 1261 1883 1307 1912; x_wconf 87' lang='lat' dir='ltr'>nia</span> <span class='ocrx_word' id='word_1_1235' title='bbox 1324 1882 1374 1912; x_wconf 88' lang='lat' dir='ltr'>alia</span> <span class='ocrx_word' id='word_1_1236' title='bbox 1388 1906 1397 1920; x_wconf 93' lang='lat'>,</span> <span class='ocrx_word' id='word_1_1237' title='bbox 1422 1884 1450 1912; x_wconf 90' lang='lat' dir='ltr'>in</span> <span class='ocrx_word' id='word_1_1238' title='bbox 1470 1882 1514 1912; x_wconf 88' lang='lat' dir='ltr'>IN</span> <span class='ocrx_word' id='word_1_1239' title='bbox 1525 1892 1544 1912; x_wconf 92' lang='lat' dir='ltr'>D</span> <span class='ocrx_word' id='word_1_1240' title='bbox 1555 1891 1572 1911; x_wconf 82' lang='lat' dir='ltr'>E</span> <span class='ocrx_word' id='word_1_1241' title='bbox 1582 1890 1604 1911; x_wconf 87' lang='lat' dir='ltr'>N</span> <span class='ocrx_word' id='word_1_1242' title='bbox 1616 1890 1638 1911; x_wconf 88' lang='grc' dir='ltr'><strong>Τ</strong></span> <span class='ocrx_word' id='word_1_1243' title='bbox 1648 1891 1670 1911; x_wconf 81' lang='lat' dir='ltr'>u</span> <span class='ocrx_word' id='word_1_1244' title='bbox 1680 1891 1701 1911; x_wconf 86' lang='lat' dir='ltr'>R</span> <span class='ocrx_word' id='word_1_1245' title='bbox 1712 1893 1729 1912; x_wconf 82' lang='lat' dir='ltr'>A</span> <span class='ocrx_word' id='word_1_1246' title='bbox 1756 1882 1891 1919; x_wconf 62' lang='lat' dir='ltr'>praeditta</span> <span class='ocrx_word' id='word_1_1247' title='bbox 1916 1890 2051 1911; x_wconf 88' lang='lat' dir='ltr'>contenta</span> <span class='ocrx_word' id='word_1_1248' title='bbox 2064 1904 2073 1919; x_wconf 83' lang='lat'>,</span> <span class='ocrx_word' id='word_1_1249' title='bbox 2090 1881 2161 1910; x_wconf 80' lang='lat' dir='ltr'>Rata</span> <span class='ocrx_word' id='word_1_1250' title='bbox 2182 1881 2316 1910; x_wconf 81' lang='lat' dir='ltr'>habentes</span> 
     </span>
     <span class='ocr_line' id='line_1_146' title="bbox 1263 1918 2318 1958; baseline -0.004 -7"><span class='ocrx_word' id='word_1_1251' title='bbox 1263 1922 1296 1952; x_wconf 91' lang='lat'>&amp;</span> <span class='ocrx_word' id='word_1_1252' title='bbox 1318 1920 1424 1958; x_wconf 87' lang='lat' dir='ltr'>Grata,</span> <span class='ocrx_word' id='word_1_1253' title='bbox 1443 1932 1475 1951; x_wconf 88' lang='lat' dir='ltr'>ea</span> <span class='ocrx_word' id='word_1_1254' title='bbox 1494 1931 1546 1958; x_wconf 88' lang='lat' dir='ltr'>pro</span> <span class='ocrx_word' id='word_1_1255' title='bbox 1566 1920 1681 1958; x_wconf 87' lang='lat' dir='ltr'>Nobis,</span> <span class='ocrx_word' id='word_1_1256' title='bbox 1699 1920 1869 1950; x_wconf 76' lang='lat' dir='ltr'>Haeredibus</span> <span class='ocrx_word' id='word_1_1257' title='bbox 1885 1944 1894 1957; x_wconf 94' lang='lat'>,</span> <span class='ocrx_word' id='word_1_1258' title='bbox 1913 1921 1945 1951; x_wconf 84' lang='lat'>&amp;</span> <span class='ocrx_word' id='word_1_1259' title='bbox 1966 1919 2180 1950; x_wconf 79' lang='lat' dir='ltr'>Succeiloribus</span> <span class='ocrx_word' id='word_1_1260' title='bbox 2198 1918 2318 1954; x_wconf 57' lang='lat' dir='ltr'>nostris,</span> 
     </span>
     <span class='ocr_line' id='line_1_147' title="bbox 1261 1956 2320 1998; baseline -0.004 -9"><span class='ocrx_word' id='word_1_1261' title='bbox 1261 1960 1399 1998; x_wconf 80' lang='lat' dir='ltr'>quantum</span> <span class='ocrx_word' id='word_1_1262' title='bbox 1413 1959 1446 1989; x_wconf 86' lang='lat' dir='ltr'>ad</span> <span class='ocrx_word' id='word_1_1263' title='bbox 1459 1959 1526 1989; x_wconf 86' lang='lat' dir='ltr'>Nos</span> <span class='ocrx_word' id='word_1_1264' title='bbox 1542 1960 1656 1997; x_wconf 85' lang='lat' dir='ltr'>attinet,</span> <span class='ocrx_word' id='word_1_1265' title='bbox 1676 1959 1812 1989; x_wconf 75' lang='lat' dir='ltr'>RATIF</span> <span class='ocrx_word' id='word_1_1266' title='bbox 1824 1967 1954 1989; x_wconf 77' lang='lat' dir='ltr'>1cAMU</span> <span class='ocrx_word' id='word_1_1267' title='bbox 1967 1968 1979 1988; x_wconf 89' lang='lat' dir='ltr'>s</span> <span class='ocrx_word' id='word_1_1268' title='bbox 1997 1966 2047 1988; x_wconf 75' lang='lat' dir='ltr'>ET</span> <span class='ocrx_word' id='word_1_1269' title='bbox 2060 1956 2119 1987; x_wconf 88' lang='lat' dir='ltr'>Co</span> <span class='ocrx_word' id='word_1_1270' title='bbox 2132 1964 2320 1986; x_wconf 78' lang='lat' dir='ltr'>NFIRMA‹</span> 
     </span>
     <span class='ocr_line' id='line_1_148' title="bbox 1264 2006 1354 2028; baseline -0.022 0"><span class='ocrx_word' id='word_1_1271' title='bbox 1264 2006 1322 2028; x_wconf 77' lang='grc' dir='ltr'>Μυ</span> <span class='ocrx_word' id='word_1_1272' title='bbox 1333 2007 1354 2027; x_wconf 89' lang='lat' dir='ltr'>s.</span> 
     </span>
    </p>
   </div>
   <div class='ocr_carea' id='block_1_9' title="bbox 1302 2036 2037 2114">
    <p class='ocr_par' dir='ltr' id='par_1_38' title="bbox 1302 2036 2037 2114">
     <span class='ocr_line' id='line_1_149' title="bbox 1302 2036 1525 2074; baseline -0.004 -8"><span class='ocrx_word' id='word_1_1273' title='bbox 1302 2036 1336 2066; x_wconf 90' lang='lat' dir='ltr'>In</span> <span class='ocrx_word' id='word_1_1274' title='bbox 1351 2036 1445 2074; x_wconf 83' lang='lat' dir='ltr'>cujus,</span> <span class='ocrx_word' id='word_1_1275' title='bbox 1464 2037 1525 2067; x_wconf 91' lang='lat' dir='ltr'>&amp;c.</span> 
     </span>
     <span class='ocr_line' id='line_1_150' title="bbox 1335 2072 2037 2114; baseline -0.003 -9"><span class='ocrx_word' id='word_1_1276' title='bbox 1335 2073 1404 2105; x_wconf 33' lang='lat' dir='ltr'>Dat*</span> <span class='ocrx_word' id='word_1_1277' title='bbox 1420 2075 1492 2113; x_wconf 86' lang='lat' dir='ltr'>apud</span> <span class='ocrx_word' id='word_1_1278' title='bbox 1506 2073 1721 2114; x_wconf 72' lang='lat' dir='ltr'>Huncyngdon,</span> <span class='ocrx_word' id='word_1_1279' title='bbox 1738 2073 1855 2105; x_wconf 88' lang='lat' dir='ltr'>decimo</span> <span class='ocrx_word' id='word_1_1280' title='bbox 1867 2072 1912 2103; x_wconf 89' lang='lat' dir='ltr'>die</span> <span class='ocrx_word' id='word_1_1281' title='bbox 1928 2073 2037 2112; x_wconf 87' lang='lat' dir='ltr'>Aprilis.</span> 
     </span>
    </p>
   </div>
   <div class='ocr_carea' id='block_1_10' title="bbox 1770 2145 2220 2188">
    <p class='ocr_par' dir='ltr' id='par_1_39' title="bbox 1770 2145 2220 2188">
     <span class='ocr_line' id='line_1_151' title="bbox 1770 2145 2220 2188; baseline -0.002 -8"><span class='ocrx_word' id='word_1_1282' title='bbox 1770 2152 1822 2180; x_wconf 85' lang='lat' dir='ltr'>Per</span> <span class='ocrx_word' id='word_1_1283' title='bbox 1837 2152 1929 2181; x_wconf 82' lang='lat' dir='ltr'>Breve</span> <span class='ocrx_word' id='word_1_1284' title='bbox 1944 2149 1975 2180; x_wconf 86' lang='lat' dir='ltr'>de</span> <span class='ocrx_word' id='word_1_1285' title='bbox 1989 2153 2109 2180; x_wconf 73' lang='lat' dir='ltr'>Privato</span> <span class='ocrx_word' id='word_1_1286' title='bbox 2123 2145 2220 2188; x_wconf 76' lang='lat' dir='ltr'>sigillo.</span> 
     </span>
    </p>
   </div>
   <div class='ocr_carea' id='block_1_11' title="bbox 1527 2223 2200 2241">
    <p class='ocr_par' dir='ltr' id='par_1_40' title="bbox 1527 2223 2200 2241">
     <span class='ocr_line' id='line_1_152' title="bbox 1527 2223 2200 2241; baseline 0 0"><span class='ocrx_word' id='word_1_1287' title='bbox 1527 2223 2200 2241; x_wconf 95' lang='lat' dir='ltr'> </span> 
     </span>
    </p>
   </div>
   <div class='ocr_carea' id='block_1_12' title="bbox 1415 2274 2439 2327">
    <p class='ocr_par' dir='ltr' id='par_1_41' title="bbox 1415 2274 2439 2327">
     <span class='ocr_line' id='line_1_153' title="bbox 1415 2274 2439 2327; baseline -0.011 -15"><span class='ocrx_word' id='word_1_1288' title='bbox 1415 2277 1442 2304; x_wconf 50' lang='grc' dir='ltr'>*ἵ</span> <span class='ocrx_word' id='word_1_1289' title='bbox 1467 2282 1525 2312; x_wconf 89' lang='lat' dir='ltr'>Pro</span> <span class='ocrx_word' id='word_1_1290' title='bbox 1540 2277 1677 2325; x_wconf 78' lang='lat' dir='ltr'>Epiftopo</span> <span class='ocrx_word' id='word_1_1291' title='bbox 1694 2277 1874 2327; x_wconf 85' lang='lat' dir='ltr'>Lysmorenfi</span> <span class='ocrx_word' id='word_1_1292' title='bbox 1895 2275 1930 2309; x_wconf 82' lang='lat' dir='ltr'>dc</span> <span class='ocrx_word' id='word_1_1293' title='bbox 1949 2274 2176 2309; x_wconf 77' lang='lat' dir='ltr'>Pardonasionc.</span> <span class='ocrx_word' id='word_1_1294' title='bbox 2348 2285 2365 2302; x_wconf 63' lang='lat' dir='ltr'>it</span> <span class='ocrx_word' id='word_1_1295' title='bbox 2386 2286 2439 2314; x_wconf 44' lang='lat' dir='ltr'><strong>IV·-</strong></span> 
     </span>
    </p>
   </div>
   <div class='ocr_carea' id='block_1_13' title="bbox 1268 2325 2514 2979">
    <p class='ocr_par' dir='ltr' id='par_1_42' title="bbox 1268 2325 2514 2979">
     <span class='ocr_line' id='line_1_154' title="bbox 2348 2325 2412 2351; baseline -0.016 0"><span class='ocrx_word' id='word_1_1296' title='bbox 2348 2325 2412 2351; x_wconf 73' lang='lat'>611.</span> 
     </span>
     <span class='ocr_line' id='line_1_155' title="bbox 1328 2356 2482 2402; baseline -0.006 -7"><span class='ocrx_word' id='word_1_1297' title='bbox 1328 2363 1486 2402; x_wconf 86' lang='lat' dir='ltr'>Dwardus,</span> <span class='ocrx_word' id='word_1_1298' title='bbox 1502 2364 1563 2395; x_wconf 71' lang='grc' dir='ltr'>ὅτε.</span> <span class='ocrx_word' id='word_1_1299' title='bbox 1601 2362 1789 2393; x_wconf 88' lang='lat' dir='ltr'>Thesaurario</span> <span class='ocrx_word' id='word_1_1300' title='bbox 1808 2361 1856 2392; x_wconf 90' lang='lat' dir='ltr'>suo</span> <span class='ocrx_word' id='word_1_1301' title='bbox 1878 2360 2028 2391; x_wconf 81' lang='lat' dir='ltr'>Hiberniae</span> <span class='ocrx_word' id='word_1_1302' title='bbox 2041 2384 2051 2399; x_wconf 93' lang='lat'>,</span> <span class='ocrx_word' id='word_1_1303' title='bbox 2068 2360 2115 2391; x_wconf 89' lang='lat' dir='ltr'>vel</span> <span class='ocrx_word' id='word_1_1304' title='bbox 2136 2361 2193 2400; x_wconf 88' lang='lat' dir='ltr'>ejus</span> <span class='ocrx_word' id='word_1_1305' title='bbox 2212 2356 2328 2390; x_wconf 83' lang='lat' dir='ltr'>Locum</span> <span class='ocrx_word' id='word_1_1306' title='bbox 2349 2361 2426 2392; x_wconf 85' lang='lat' dir='ltr'>Ann.</span> <span class='ocrx_word' id='word_1_1307' title='bbox 2439 2359 2482 2390; x_wconf 75' lang='lat' dir='ltr'>D.</span> 
     </span>
     <span class='ocr_line' id='line_1_156' title="bbox 1346 2398 2455 2441; baseline -0.006 -8"><span class='ocrx_word' id='word_1_1308' title='bbox 1346 2404 1471 2441; x_wconf 84' lang='lat' dir='ltr'>tenenti,</span> <span class='ocrx_word' id='word_1_1309' title='bbox 1490 2402 1523 2432; x_wconf 87' lang='lat'>&amp;</span> <span class='ocrx_word' id='word_1_1310' title='bbox 1538 2402 1692 2432; x_wconf 80' lang='lat' dir='ltr'>Batonibus</span> <span class='ocrx_word' id='word_1_1311' title='bbox 1708 2400 1758 2431; x_wconf 89' lang='lat' dir='ltr'>suis</span> <span class='ocrx_word' id='word_1_1312' title='bbox 1772 2399 1808 2430; x_wconf 92' lang='lat' dir='ltr'>de</span> <span class='ocrx_word' id='word_1_1313' title='bbox 1820 2400 1967 2430; x_wconf 85' lang='lat' dir='ltr'>Scaccario</span> <span class='ocrx_word' id='word_1_1314' title='bbox 1981 2399 2146 2437; x_wconf 83' lang='lat' dir='ltr'>Dubliniae,</span> <span class='ocrx_word' id='word_1_1315' title='bbox 2164 2398 2294 2429; x_wconf 84' lang='lat' dir='ltr'>Salutem.</span> <span class='ocrx_word' id='word_1_1316' title='bbox 2370 2409 2455 2440; x_wconf 75' lang='lat'>1334.</span> 
     </span>
     <span class='ocr_line' id='line_1_157' title="bbox 1306 2435 2446 2480; baseline -0.006 -8"><span class='ocrx_word' id='word_1_1317' title='bbox 1306 2441 1387 2472; x_wconf 77' lang='lat' dir='ltr'>Cum</span> <span class='ocrx_word' id='word_1_1318' title='bbox 1397 2441 1557 2480; x_wconf 84' lang='lat' dir='ltr'>Johannes,</span> <span class='ocrx_word' id='word_1_1319' title='bbox 1574 2440 1730 2478; x_wconf 88' lang='lat' dir='ltr'>Episcopus</span> <span class='ocrx_word' id='word_1_1320' title='bbox 1747 2439 1955 2479; x_wconf 84' lang='lat' dir='ltr'>Lystnorenfis,</span> <span class='ocrx_word' id='word_1_1321' title='bbox 1973 2439 2093 2468; x_wconf 86' lang='lat' dir='ltr'>duarum</span> <span class='ocrx_word' id='word_1_1322' title='bbox 2117 2439 2236 2475; x_wconf 85' lang='lat' dir='ltr'>partium</span> <span class='ocrx_word' id='word_1_1323' title='bbox 2259 2435 2327 2466; x_wconf 77' lang='lat' dir='ltr'>Ma·</span> <span class='ocrx_word' id='word_1_1324' title='bbox 2351 2443 2404 2466; x_wconf 82' lang='lat' dir='ltr'>An.</span> <span class='ocrx_word' id='word_1_1325' title='bbox 2418 2439 2446 2466; x_wconf 84' lang='grc' dir='ltr'>ὃ.</span> 
     </span>
     <span class='ocr_line' id='line_1_158' title="bbox 1268 2475 2430 2518; baseline -0.006 -8"><span class='ocrx_word' id='word_1_1326' title='bbox 1268 2482 1339 2510; x_wconf 89' lang='lat' dir='ltr'>nerii</span> <span class='ocrx_word' id='word_1_1327' title='bbox 1358 2479 1394 2510; x_wconf 92' lang='lat' dir='ltr'>de</span> <span class='ocrx_word' id='word_1_1328' title='bbox 1417 2478 1580 2518; x_wconf 85' lang='lat' dir='ltr'>Bergrarold</span> <span class='ocrx_word' id='word_1_1329' title='bbox 1601 2481 1632 2508; x_wconf 91' lang='lat' dir='ltr'>in</span> <span class='ocrx_word' id='word_1_1330' title='bbox 1653 2477 1810 2517; x_wconf 88' lang='lat' dir='ltr'>Frachyns,</span> <span class='ocrx_word' id='word_1_1331' title='bbox 1829 2487 1928 2507; x_wconf 88' lang='lat' dir='ltr'>coram</span> <span class='ocrx_word' id='word_1_1332' title='bbox 1948 2477 2032 2507; x_wconf 88' lang='lat' dir='ltr'>vobis</span> <span class='ocrx_word' id='word_1_1333' title='bbox 2047 2477 2077 2505; x_wconf 89' lang='lat' dir='ltr'>in</span> <span class='ocrx_word' id='word_1_1334' title='bbox 2093 2475 2241 2506; x_wconf 89' lang='lat' dir='ltr'>Scaccario</span> <span class='ocrx_word' id='word_1_1335' title='bbox 2256 2484 2328 2512; x_wconf 77' lang='lat' dir='ltr'>prae-</span> <span class='ocrx_word' id='word_1_1336' title='bbox 2353 2482 2382 2504; x_wconf 82' lang='grc' dir='ltr'>Ε.</span> <span class='ocrx_word' id='word_1_1337' title='bbox 2407 2487 2430 2513; x_wconf 80' lang='lat'>3.</span> 
     </span>
     <span class='ocr_line' id='line_1_159' title="bbox 1268 2513 2470 2557; baseline -0.007 -8"><span class='ocrx_word' id='word_1_1338' title='bbox 1268 2519 1365 2557; x_wconf 73' lang='lat' dir='ltr'>diCto,</span> <span class='ocrx_word' id='word_1_1339' title='bbox 1384 2518 1529 2555; x_wconf 90' lang='lat' dir='ltr'>videlicet,</span> <span class='ocrx_word' id='word_1_1340' title='bbox 1548 2518 1576 2546; x_wconf 91' lang='lat' dir='ltr'>in</span> <span class='ocrx_word' id='word_1_1341' title='bbox 1592 2517 1736 2547; x_wconf 90' lang='lat' dir='ltr'>Termino</span> <span class='ocrx_word' id='word_1_1342' title='bbox 1752 2515 1847 2546; x_wconf 66' lang='lat' dir='ltr'>Saneti</span> <span class='ocrx_word' id='word_1_1343' title='bbox 1865 2514 2031 2552; x_wconf 80' lang='lat' dir='ltr'>Michaelis,</span> <span class='ocrx_word' id='word_1_1344' title='bbox 2056 2514 2144 2544; x_wconf 90' lang='lat' dir='ltr'>Anno</span> <span class='ocrx_word' id='word_1_1345' title='bbox 2158 2513 2254 2552; x_wconf 82' lang='lat' dir='ltr'>Regni</span> <span class='ocrx_word' id='word_1_1346' title='bbox 2276 2522 2330 2542; x_wconf 85' lang='lat' dir='ltr'>no-</span> <span class='ocrx_word' id='word_1_1347' title='bbox 2352 2514 2470 2543; x_wconf 76' lang='lat' dir='ltr'>Extrac‘l.</span> 
     </span>
     <span class='ocr_line' id='line_1_160' title="bbox 1270 2552 2449 2591; baseline -0.006 -4"><span class='ocrx_word' id='word_1_1348' title='bbox 1270 2556 1318 2586; x_wconf 90' lang='lat' dir='ltr'>stri</span> <span class='ocrx_word' id='word_1_1349' title='bbox 1331 2558 1447 2587; x_wconf 63' lang='lat' dir='ltr'>Octavo</span> <span class='ocrx_word' id='word_1_1350' title='bbox 1482 2556 1658 2586; x_wconf 89' lang='lat' dir='ltr'>Amerciatus</span> <span class='ocrx_word' id='word_1_1351' title='bbox 1674 2554 1768 2585; x_wconf 83' lang='lat' dir='ltr'>fuisset</span> <span class='ocrx_word' id='word_1_1352' title='bbox 1782 2554 1817 2584; x_wconf 90' lang='lat' dir='ltr'>ad</span> <span class='ocrx_word' id='word_1_1353' title='bbox 1830 2552 1958 2584; x_wconf 89' lang='lat' dir='ltr'>Centum</span> <span class='ocrx_word' id='word_1_1354' title='bbox 1973 2552 2103 2591; x_wconf 85' lang='lat' dir='ltr'>Solidos,</span> <span class='ocrx_word' id='word_1_1355' title='bbox 2122 2553 2186 2590; x_wconf 85' lang='lat' dir='ltr'>quia</span> <span class='ocrx_word' id='word_1_1356' title='bbox 2200 2561 2260 2582; x_wconf 92' lang='lat' dir='ltr'>non</span> <span class='ocrx_word' id='word_1_1357' title='bbox 2282 2560 2332 2581; x_wconf 89' lang='lat' dir='ltr'>ve·</span> <span class='ocrx_word' id='word_1_1358' title='bbox 2354 2559 2449 2582; x_wconf 82' lang='lat' dir='ltr'>Donat.</span> 
     </span>
     <span class='ocr_line' id='line_1_161' title="bbox 1269 2579 2456 2635; baseline -0.005 -10"><span class='ocrx_word' id='word_1_1359' title='bbox 1269 2596 1311 2625; x_wconf 89' lang='lat' dir='ltr'>nit</span> <span class='ocrx_word' id='word_1_1360' title='bbox 1324 2595 1358 2625; x_wconf 89' lang='lat' dir='ltr'>ad</span> <span class='ocrx_word' id='word_1_1361' title='bbox 1375 2579 1523 2625; x_wconf 64' lang='lat' dir='ltr'>Profsrum</span> <span class='ocrx_word' id='word_1_1362' title='bbox 1538 2594 1618 2625; x_wconf 90' lang='lat' dir='ltr'>suum</span> <span class='ocrx_word' id='word_1_1363' title='bbox 1634 2593 1813 2635; x_wconf 81' lang='lat' dir='ltr'>faciendum,</span> <span class='ocrx_word' id='word_1_1364' title='bbox 2353 2600 2456 2628; x_wconf 51' lang='lat' dir='ltr'>tanges.</span> 
     </span>
     <span class='ocr_line' id='line_1_162' title="bbox 1308 2628 2456 2672; baseline -0.006 -9"><span class='ocrx_word' id='word_1_1365' title='bbox 1308 2633 1395 2672; x_wconf 90' lang='lat' dir='ltr'>Nos,</span> <span class='ocrx_word' id='word_1_1366' title='bbox 1413 2633 1539 2663; x_wconf 89' lang='lat' dir='ltr'>volentes</span> <span class='ocrx_word' id='word_1_1367' title='bbox 1559 2632 1652 2662; x_wconf 88' lang='lat' dir='ltr'>eidem</span> <span class='ocrx_word' id='word_1_1368' title='bbox 1675 2631 1817 2669; x_wconf 72' lang='lat' dir='ltr'>Episcopo</span> <span class='ocrx_word' id='word_1_1369' title='bbox 1835 2631 1952 2669; x_wconf 83' lang='lat' dir='ltr'>gratiam</span> <span class='ocrx_word' id='word_1_1370' title='bbox 1972 2631 2000 2660; x_wconf 90' lang='lat' dir='ltr'>in</span> <span class='ocrx_word' id='word_1_1371' title='bbox 2023 2630 2076 2660; x_wconf 84' lang='lat' dir='ltr'>hac</span> <span class='ocrx_word' id='word_1_1372' title='bbox 2093 2638 2169 2667; x_wconf 83' lang='lat' dir='ltr'>parte</span> <span class='ocrx_word' id='word_1_1373' title='bbox 2180 2637 2258 2667; x_wconf 78' lang='lat' dir='ltr'>agere</span> <span class='ocrx_word' id='word_1_1374' title='bbox 2271 2628 2330 2664; x_wconf 82' lang='lat' dir='ltr'>spe·</span> <span class='ocrx_word' id='word_1_1375' title='bbox 2354 2631 2456 2657; x_wconf 73' lang='lat' dir='ltr'>Hibern,</span> 
     </span>
     <span class='ocr_line' id='line_1_163' title="bbox 1272 2667 2424 2710; baseline -0.007 -8"><span class='ocrx_word' id='word_1_1376' title='bbox 1272 2672 1389 2710; x_wconf 83' lang='lat' dir='ltr'>cialem,</span> <span class='ocrx_word' id='word_1_1377' title='bbox 1405 2670 1621 2709; x_wconf 85' lang='lat' dir='ltr'>pardonavimus</span> <span class='ocrx_word' id='word_1_1378' title='bbox 1635 2670 1727 2700; x_wconf 91' lang='lat' dir='ltr'>eidem</span> <span class='ocrx_word' id='word_1_1379' title='bbox 1740 2669 1901 2707; x_wconf 83' lang='lat' dir='ltr'>Episcopo,</span> <span class='ocrx_word' id='word_1_1380' title='bbox 1920 2679 1972 2706; x_wconf 91' lang='lat' dir='ltr'>pro</span> <span class='ocrx_word' id='word_1_1381' title='bbox 1987 2669 2067 2699; x_wconf 88' lang='lat' dir='ltr'>bono</span> <span class='ocrx_word' id='word_1_1382' title='bbox 2083 2671 2115 2699; x_wconf 63' lang='grc' dir='ltr'>ἅ</span> <span class='ocrx_word' id='word_1_1383' title='bbox 2132 2667 2257 2698; x_wconf 82' lang='lat' dir='ltr'>laudabili</span> <span class='ocrx_word' id='word_1_1384' title='bbox 2267 2667 2331 2695; x_wconf 83' lang='lat' dir='ltr'>Ser-</span> <span class='ocrx_word' id='word_1_1385' title='bbox 2351 2672 2424 2695; x_wconf 71' lang='lat' dir='ltr'>Anno</span> 
     </span>
     <span class='ocr_line' id='line_1_164' title="bbox 1273 2705 2514 2749; baseline -0.006 -9"><span class='ocrx_word' id='word_1_1386' title='bbox 1273 2712 1359 2748; x_wconf 91' lang='lat' dir='ltr'>vitio,</span> <span class='ocrx_word' id='word_1_1387' title='bbox 1378 2711 1462 2740; x_wconf 88' lang='lat' dir='ltr'>nobis</span> <span class='ocrx_word' id='word_1_1388' title='bbox 1476 2710 1610 2739; x_wconf 65' lang='lat' dir='ltr'>haetenus</span> <span class='ocrx_word' id='word_1_1389' title='bbox 1623 2708 1767 2749; x_wconf 86' lang='lat' dir='ltr'>impenso,</span> <span class='ocrx_word' id='word_1_1390' title='bbox 1785 2708 1818 2739; x_wconf 72' lang='grc' dir='ltr'>δε</span> <span class='ocrx_word' id='word_1_1391' title='bbox 1833 2708 2019 2746; x_wconf 75' lang='lat' dir='ltr'>imposteriim</span> <span class='ocrx_word' id='word_1_1392' title='bbox 2035 2706 2244 2744; x_wconf 87' lang='lat' dir='ltr'>impendendo,</span> <span class='ocrx_word' id='word_1_1393' title='bbox 2259 2714 2330 2742; x_wconf 78' lang='lat' dir='ltr'>prae-</span> <span class='ocrx_word' id='word_1_1394' title='bbox 2352 2711 2409 2743; x_wconf 86' lang='lat' dir='ltr'><strong><em>Reg.</em></strong></span> <span class='ocrx_word' id='word_1_1395' title='bbox 2428 2705 2455 2733; x_wconf 83' lang='lat'>8.</span> <span class='ocrx_word' id='word_1_1396' title='bbox 2483 2744 2487 2748; x_wconf 20' lang='grc' dir='ltr'><strong><em>ι</em></strong></span> <span class='ocrx_word' id='word_1_1397' title='bbox 2510 2724 2514 2727; x_wconf 78' lang='lat'>,</span> 
     </span>
     <span class='ocr_line' id='line_1_165' title="bbox 1273 2747 2482 2782; baseline -0.007 -3"><span class='ocrx_word' id='word_1_1398' title='bbox 1273 2749 1365 2779; x_wconf 61' lang='lat' dir='ltr'>dicios</span> <span class='ocrx_word' id='word_1_1399' title='bbox 1379 2757 1496 2779; x_wconf 90' lang='lat' dir='ltr'>centum</span> <span class='ocrx_word' id='word_1_1400' title='bbox 1514 2747 1640 2778; x_wconf 84' lang='lat' dir='ltr'>Solidos:</span> <span class='ocrx_word' id='word_1_1401' title='bbox 2355 2749 2482 2782; x_wconf 73' lang='lat' dir='ltr'>E.3.m.7.</span> 
     </span>
     <span class='ocr_line' id='line_1_166' title="bbox 1312 2781 2334 2824; baseline -0.007 -7"><span class='ocrx_word' id='word_1_1402' title='bbox 1312 2787 1403 2817; x_wconf 81' lang='lat' dir='ltr'>Vobis</span> <span class='ocrx_word' id='word_1_1403' title='bbox 1418 2786 1584 2816; x_wconf 83' lang='lat' dir='ltr'>mandamus</span> <span class='ocrx_word' id='word_1_1404' title='bbox 1597 2785 1675 2824; x_wconf 69' lang='lat' dir='ltr'>quiid</span> <span class='ocrx_word' id='word_1_1405' title='bbox 1694 2785 1782 2822; x_wconf 89' lang='lat' dir='ltr'>ipsum</span> <span class='ocrx_word' id='word_1_1406' title='bbox 1798 2784 1990 2822; x_wconf 82' lang='lat' dir='ltr'>Episcopum,</span> <span class='ocrx_word' id='word_1_1407' title='bbox 2005 2783 2041 2813; x_wconf 86' lang='lat' dir='ltr'>de</span> <span class='ocrx_word' id='word_1_1408' title='bbox 2056 2782 2195 2820; x_wconf 62' lang='lat' dir='ltr'>praedffiiis</span> <span class='ocrx_word' id='word_1_1409' title='bbox 2204 2781 2334 2812; x_wconf 89' lang='lat' dir='ltr'>Centum</span> 
     </span>
     <span class='ocr_line' id='line_1_167' title="bbox 1275 2819 2335 2863; baseline -0.008 -7"><span class='ocrx_word' id='word_1_1410' title='bbox 1275 2826 1393 2863; x_wconf 90' lang='lat' dir='ltr'>Solidis,</span> <span class='ocrx_word' id='word_1_1411' title='bbox 1413 2834 1513 2855; x_wconf 89' lang='lat' dir='ltr'>coram</span> <span class='ocrx_word' id='word_1_1412' title='bbox 1535 2825 1616 2854; x_wconf 86' lang='lat' dir='ltr'>vobis</span> <span class='ocrx_word' id='word_1_1413' title='bbox 1637 2826 1665 2853; x_wconf 91' lang='lat' dir='ltr'>in</span> <span class='ocrx_word' id='word_1_1414' title='bbox 1691 2824 1842 2853; x_wconf 84' lang='lat' dir='ltr'>Scaccario</span> <span class='ocrx_word' id='word_1_1415' title='bbox 1863 2822 2002 2860; x_wconf 70' lang='lat' dir='ltr'>praedieto</span> <span class='ocrx_word' id='word_1_1416' title='bbox 2014 2822 2176 2859; x_wconf 79' lang='lat' dir='ltr'>exonerari,</span> <span class='ocrx_word' id='word_1_1417' title='bbox 2195 2821 2227 2852; x_wconf 65' lang='grc' dir='ltr'>δε</span> <span class='ocrx_word' id='word_1_1418' title='bbox 2244 2819 2335 2860; x_wconf 88' lang='lat' dir='ltr'>ipsum</span> 
     </span>
     <span class='ocr_line' id='line_1_168' title="bbox 1275 2862 1822 2901; baseline -0.007 -7"><span class='ocrx_word' id='word_1_1419' title='bbox 1275 2864 1339 2894; x_wconf 88' lang='lat' dir='ltr'>inde</span> <span class='ocrx_word' id='word_1_1420' title='bbox 1355 2865 1482 2901; x_wconf 90' lang='lat' dir='ltr'>quietum</span> <span class='ocrx_word' id='word_1_1421' title='bbox 1498 2862 1554 2892; x_wconf 75' lang='lat' dir='ltr'>esse</span> <span class='ocrx_word' id='word_1_1422' title='bbox 1569 2862 1673 2892; x_wconf 84' lang='lat' dir='ltr'>faciatis</span> <span class='ocrx_word' id='word_1_1423' title='bbox 1689 2863 1822 2899; x_wconf 89' lang='lat' dir='ltr'>omnino,</span> 
     </span>
     <span class='ocr_line' id='line_1_169' title="bbox 1314 2895 2334 2939; baseline -0.006 -7"><span class='ocrx_word' id='word_1_1424' title='bbox 1314 2902 1403 2932; x_wconf 87' lang='lat' dir='ltr'>Teste</span> <span class='ocrx_word' id='word_1_1425' title='bbox 1413 2901 1544 2939; x_wconf 83' lang='lat' dir='ltr'>Johanne</span> <span class='ocrx_word' id='word_1_1426' title='bbox 1558 2900 1654 2937; x_wconf 79' lang='lat' dir='ltr'>Darcy</span> <span class='ocrx_word' id='word_1_1427' title='bbox 1664 2923 1674 2938; x_wconf 94' lang='lat'>,</span> <span class='ocrx_word' id='word_1_1428' title='bbox 1689 2899 1849 2938; x_wconf 83' lang='lat' dir='ltr'>Justiciario</span> <span class='ocrx_word' id='word_1_1429' title='bbox 1866 2898 1964 2929; x_wconf 85' lang='lat' dir='ltr'>nostro</span> <span class='ocrx_word' id='word_1_1430' title='bbox 1979 2898 2126 2928; x_wconf 81' lang='lat' dir='ltr'>Hiberniae</span> <span class='ocrx_word' id='word_1_1431' title='bbox 2140 2897 2211 2935; x_wconf 79' lang='lat' dir='ltr'>apud</span> <span class='ocrx_word' id='word_1_1432' title='bbox 2228 2895 2334 2926; x_wconf 65' lang='lat' dir='ltr'>Dubii-</span> 
     </span>
     <span class='ocr_line' id='line_1_170' title="bbox 1275 2936 2243 2979; baseline -0.006 -8"><span class='ocrx_word' id='word_1_1433' title='bbox 1275 2941 1369 2979; x_wconf 82' lang='lat' dir='ltr'>niam,</span> <span class='ocrx_word' id='word_1_1434' title='bbox 1387 2939 1503 2970; x_wconf 87' lang='lat' dir='ltr'>decimo</span> <span class='ocrx_word' id='word_1_1435' title='bbox 1514 2938 1591 2969; x_wconf 74' lang='lat' dir='ltr'>scxro</span> <span class='ocrx_word' id='word_1_1436' title='bbox 1603 2939 1648 2968; x_wconf 86' lang='lat' dir='ltr'>die</span> <span class='ocrx_word' id='word_1_1437' title='bbox 1664 2937 1783 2976; x_wconf 86' lang='lat' dir='ltr'>Aprilis,</span> <span class='ocrx_word' id='word_1_1438' title='bbox 1799 2938 1886 2968; x_wconf 91' lang='lat' dir='ltr'>Anno</span> <span class='ocrx_word' id='word_1_1439' title='bbox 1904 2937 2000 2976; x_wconf 79' lang='lat' dir='ltr'>Regni</span> <span class='ocrx_word' id='word_1_1440' title='bbox 2016 2936 2104 2966; x_wconf 87' lang='lat' dir='ltr'>nostri</span> <span class='ocrx_word' id='word_1_1441' title='bbox 2118 2936 2243 2967; x_wconf 57' lang='lat' dir='ltr'>Octavo.</span> 
     </span>
    </p>
   </div>
   <div class='ocr_carea' id='block_1_14' title="bbox 1278 3059 2337 3145">
    <p class='ocr_par' dir='ltr' id='par_1_43' title="bbox 1278 3059 2337 3145">
     <span class='ocr_line' id='line_1_171' title="bbox 1278 3059 2337 3112; baseline -0.007 -14"><span class='ocrx_word' id='word_1_1442' title='bbox 1278 3068 1372 3112; x_wconf 75' lang='lat' dir='ltr'>Super</span> <span class='ocrx_word' id='word_1_1443' title='bbox 1388 3063 1548 3099; x_wconf 68' lang='lat' dir='ltr'>fidelitate</span> <span class='ocrx_word' id='word_1_1444' title='bbox 1566 3064 1661 3097; x_wconf 82' lang='lat' dir='ltr'>Ducis</span> <span class='ocrx_word' id='word_1_1445' title='bbox 1679 3065 1845 3096; x_wconf 64' lang='lat' dir='ltr'>Britanniae</span> <span class='ocrx_word' id='word_1_1446' title='bbox 1860 3072 1946 3109; x_wconf 75' lang='lat' dir='ltr'>capta</span> <span class='ocrx_word' id='word_1_1447' title='bbox 1960 3090 1969 3104; x_wconf 90' lang='lat'>,</span> <span class='ocrx_word' id='word_1_1448' title='bbox 1995 3065 2031 3101; x_wconf 50' lang='lat' dir='ltr'>eje</span> <span class='ocrx_word' id='word_1_1449' title='bbox 2051 3059 2086 3095; x_wconf 82' lang='lat' dir='ltr'>de</span> <span class='ocrx_word' id='word_1_1450' title='bbox 2105 3061 2213 3103; x_wconf 72' lang='lat' dir='ltr'>scistna</span> <span class='ocrx_word' id='word_1_1451' title='bbox 2236 3060 2337 3092; x_wconf 81' lang='lat' dir='ltr'>Comi-</span> 
     </span>
     <span class='ocr_line' id='line_1_172' title="bbox 1585 3111 2015 3145; baseline 0 0"><span class='ocrx_word' id='word_1_1452' title='bbox 1585 3122 1667 3145; x_wconf 81' lang='lat' dir='ltr'>tatus</span> <span class='ocrx_word' id='word_1_1453' title='bbox 1688 3111 1889 3145; x_wconf 79' lang='lat' dir='ltr'>Richmundiae</span> <span class='ocrx_word' id='word_1_1454' title='bbox 1904 3111 2015 3145; x_wconf 75' lang='lat' dir='ltr'>danda.</span> 
     </span>
    </p>
   </div>
   <div class='ocr_carea' id='block_1_15' title="bbox 1283 3193 2494 4002">
    <p class='ocr_par' dir='ltr' id='par_1_44' title="bbox 1283 3193 2494 3313">
     <span class='ocr_line' id='line_1_173' title="bbox 1285 3193 2491 3256; baseline -0.006 -27"><span class='ocrx_word' id='word_1_1455' title='bbox 1285 3196 1420 3256; x_wconf 81' lang='lat' dir='ltr'>REX,</span> <span class='ocrx_word' id='word_1_1456' title='bbox 1439 3197 1559 3229; x_wconf 70' lang='lat' dir='ltr'>Dilec&#39;to</span> <span class='ocrx_word' id='word_1_1457' title='bbox 1580 3197 1646 3235; x_wconf 85' lang='lat' dir='ltr'>sibi,</span> <span class='ocrx_word' id='word_1_1458' title='bbox 1664 3196 1709 3228; x_wconf 87' lang='lat' dir='ltr'>W</span> <span class='ocrx_word' id='word_1_1459' title='bbox 1711 3197 1826 3228; x_wconf 90' lang='lat' dir='ltr'>illielmo</span> <span class='ocrx_word' id='word_1_1460' title='bbox 1848 3196 1883 3227; x_wconf 90' lang='lat' dir='ltr'>de</span> <span class='ocrx_word' id='word_1_1461' title='bbox 1904 3196 2058 3234; x_wconf 82' lang='lat' dir='ltr'>Clapham,</span> <span class='ocrx_word' id='word_1_1462' title='bbox 2076 3194 2217 3226; x_wconf 88' lang='lat' dir='ltr'>Escaetori</span> <span class='ocrx_word' id='word_1_1463' title='bbox 2237 3193 2286 3224; x_wconf 88' lang='lat' dir='ltr'>suo</span> <span class='ocrx_word' id='word_1_1464' title='bbox 2306 3194 2335 3223; x_wconf 86' lang='lat' dir='ltr'>in</span> <span class='ocrx_word' id='word_1_1465' title='bbox 2357 3212 2424 3243; x_wconf 63' lang='lat' dir='ltr'>Anu</span> <span class='ocrx_word' id='word_1_1466' title='bbox 2449 3211 2491 3241; x_wconf 77' lang='lat' dir='ltr'>D,</span> 
     </span>
     <span class='ocr_line' id='line_1_174' title="bbox 1364 3232 2494 3274; baseline -0.006 -6"><span class='ocrx_word' id='word_1_1467' title='bbox 1364 3238 1555 3268; x_wconf 88' lang='lat' dir='ltr'>Comitatibus</span> <span class='ocrx_word' id='word_1_1468' title='bbox 1575 3236 1723 3274; x_wconf 86' lang='lat' dir='ltr'>Eborum,</span> <span class='ocrx_word' id='word_1_1469' title='bbox 1742 3235 1976 3273; x_wconf 80' lang='lat' dir='ltr'>Northumbriae,</span> <span class='ocrx_word' id='word_1_1470' title='bbox 1993 3233 2142 3264; x_wconf 76' lang='lat' dir='ltr'>Cumbriae</span> <span class='ocrx_word' id='word_1_1471' title='bbox 2154 3258 2163 3272; x_wconf 97' lang='lat'>,</span> <span class='ocrx_word' id='word_1_1472' title='bbox 2181 3235 2214 3265; x_wconf 91' lang='lat'>&amp;</span> <span class='ocrx_word' id='word_1_1473' title='bbox 2235 3232 2334 3263; x_wconf 76' lang='lat' dir='ltr'>West-</span> <span class='ocrx_word' id='word_1_1474' title='bbox 2428 3235 2434 3242; x_wconf 85' lang='lat'><strong>‘</strong></span> <span class='ocrx_word' id='word_1_1475' title='bbox 2485 3233 2494 3242; x_wconf 88' lang='grc'><em>“</em></span> 
     </span>
     <span class='ocr_line' id='line_1_175' title="bbox 1283 3275 1617 3313; baseline -0.006 -7"><span class='ocrx_word' id='word_1_1476' title='bbox 1283 3275 1464 3313; x_wconf 81' lang='lat' dir='ltr'>merlandiae,</span> <span class='ocrx_word' id='word_1_1477' title='bbox 1483 3275 1617 3306; x_wconf 88' lang='lat' dir='ltr'>Salutem.</span> 
     </span>
    </p>

    <p class='ocr_par' dir='ltr' id='par_1_45' title="bbox 1284 3309 2493 3537">
     <span class='ocr_line' id='line_1_176' title="bbox 1320 3309 2340 3353; baseline -0.006 -8"><span class='ocrx_word' id='word_1_1478' title='bbox 1320 3315 1398 3353; x_wconf 85' lang='lat' dir='ltr'>Qia</span> <span class='ocrx_word' id='word_1_1479' title='bbox 1419 3313 1619 3344; x_wconf 84' lang='lat' dir='ltr'>Testificatum</span> <span class='ocrx_word' id='word_1_1480' title='bbox 1641 3313 1698 3351; x_wconf 89' lang='lat' dir='ltr'>est,</span> <span class='ocrx_word' id='word_1_1481' title='bbox 1714 3322 1812 3343; x_wconf 85' lang='lat' dir='ltr'>coram</span> <span class='ocrx_word' id='word_1_1482' title='bbox 1834 3312 1932 3349; x_wconf 88' lang='lat' dir='ltr'>nobis,</span> <span class='ocrx_word' id='word_1_1483' title='bbox 1951 3311 2030 3349; x_wconf 80' lang='lat' dir='ltr'>quod</span> <span class='ocrx_word' id='word_1_1484' title='bbox 2045 3333 2054 3349; x_wconf 84' lang='lat'>‚</span> <span class='ocrx_word' id='word_1_1485' title='bbox 2072 3310 2189 3341; x_wconf 69' lang='lat' dir='ltr'>dileC‘ius</span> <span class='ocrx_word' id='word_1_1486' title='bbox 2212 3309 2340 3340; x_wconf 83' lang='lat' dir='ltr'>Consan-</span> 
     </span>
     <span class='ocr_line' id='line_1_177' title="bbox 1284 3338 2450 3395; baseline -0.007 -12"><span class='ocrx_word' id='word_1_1487' title='bbox 1284 3354 1400 3390; x_wconf 85' lang='lat' dir='ltr'>guineus</span> <span class='ocrx_word' id='word_1_1488' title='bbox 1423 3353 1456 3383; x_wconf 73' lang='grc' dir='ltr'>ὃς</span> <span class='ocrx_word' id='word_1_1489' title='bbox 1478 3352 1576 3382; x_wconf 88' lang='lat' dir='ltr'>Fidelis</span> <span class='ocrx_word' id='word_1_1490' title='bbox 1596 3351 1709 3391; x_wconf 87' lang='lat' dir='ltr'>noster,</span> <span class='ocrx_word' id='word_1_1491' title='bbox 1724 3350 1865 3389; x_wconf 84' lang='lat' dir='ltr'>Johannes</span> <span class='ocrx_word' id='word_1_1492' title='bbox 1881 3350 1949 3380; x_wconf 80' lang='lat' dir='ltr'>Dux</span> <span class='ocrx_word' id='word_1_1493' title='bbox 1965 3349 2112 3379; x_wconf 71' lang='lat' dir='ltr'>Britanniae</span> <span class='ocrx_word' id='word_1_1494' title='bbox 2124 3372 2133 3387; x_wconf 94' lang='lat'>,</span> <span class='ocrx_word' id='word_1_1495' title='bbox 2150 3349 2200 3387; x_wconf 89' lang='lat' dir='ltr'>qui</span> <span class='ocrx_word' id='word_1_1496' title='bbox 2214 3350 2241 3377; x_wconf 91' lang='lat' dir='ltr'>in</span> <span class='ocrx_word' id='word_1_1497' title='bbox 2256 3348 2339 3385; x_wconf 84' lang='lat' dir='ltr'>paiti-</span> <span class='ocrx_word' id='word_1_1498' title='bbox 2357 3351 2390 3395; x_wconf 68' lang='lat' dir='ltr'>F?</span> <span class='ocrx_word' id='word_1_1499' title='bbox 2414 3338 2450 3392; x_wconf 65' lang='lat'>313</span> 
     </span>
     <span class='ocr_line' id='line_1_178' title="bbox 1284 3377 2489 3432; baseline -0.008 -10"><span class='ocrx_word' id='word_1_1500' title='bbox 1284 3392 1336 3422; x_wconf 93' lang='lat' dir='ltr'>bus</span> <span class='ocrx_word' id='word_1_1501' title='bbox 1358 3391 1561 3422; x_wconf 79' lang='lat' dir='ltr'>Transmarinis</span> <span class='ocrx_word' id='word_1_1502' title='bbox 1580 3391 1693 3428; x_wconf 91' lang='lat' dir='ltr'>Natus,</span> <span class='ocrx_word' id='word_1_1503' title='bbox 1710 3390 1743 3420; x_wconf 70' lang='grc' dir='ltr'>ὃς</span> <span class='ocrx_word' id='word_1_1504' title='bbox 1763 3388 1869 3419; x_wconf 88' lang='lat' dir='ltr'>ibidem</span> <span class='ocrx_word' id='word_1_1505' title='bbox 1892 3388 2046 3425; x_wconf 86' lang='lat' dir='ltr'>Baptizatus</span> <span class='ocrx_word' id='word_1_1506' title='bbox 2069 3388 2138 3425; x_wconf 89' lang='lat' dir='ltr'>fuit,</span> <span class='ocrx_word' id='word_1_1507' title='bbox 2155 3386 2196 3417; x_wconf 89' lang='lat' dir='ltr'>est</span> <span class='ocrx_word' id='word_1_1508' title='bbox 2209 3385 2338 3416; x_wconf 90' lang='lat' dir='ltr'>Consan-</span> <span class='ocrx_word' id='word_1_1509' title='bbox 2362 3377 2413 3432; x_wconf 65' lang='lat' dir='ltr'>Em·</span> <span class='ocrx_word' id='word_1_1510' title='bbox 2454 3386 2489 3432; x_wconf 72' lang='lat' dir='ltr'>‘m</span> 
     </span>
     <span class='ocr_line' id='line_1_179' title="bbox 1285 3413 2493 3469; baseline -0.006 -9"><span class='ocrx_word' id='word_1_1511' title='bbox 1285 3432 1401 3467; x_wconf 87' lang='lat' dir='ltr'>guineus</span> <span class='ocrx_word' id='word_1_1512' title='bbox 1425 3429 1458 3460; x_wconf 76' lang='grc' dir='ltr'>δε</span> <span class='ocrx_word' id='word_1_1513' title='bbox 1481 3429 1672 3467; x_wconf 88' lang='lat' dir='ltr'>Propinquior</span> <span class='ocrx_word' id='word_1_1514' title='bbox 1693 3427 1793 3457; x_wconf 77' lang='lat' dir='ltr'>Haeres</span> <span class='ocrx_word' id='word_1_1515' title='bbox 1805 3427 1941 3464; x_wconf 81' lang='lat' dir='ltr'>johannis</span> <span class='ocrx_word' id='word_1_1516' title='bbox 1955 3427 1990 3457; x_wconf 88' lang='lat' dir='ltr'>de</span> <span class='ocrx_word' id='word_1_1517' title='bbox 2004 3426 2155 3463; x_wconf 84' lang='lat' dir='ltr'>Britannia,</span> <span class='ocrx_word' id='word_1_1518' title='bbox 2174 3433 2261 3467; x_wconf 85' lang='lat' dir='ltr'>nuper</span> <span class='ocrx_word' id='word_1_1519' title='bbox 2276 3423 2339 3454; x_wconf 83' lang='lat' dir='ltr'>Co·</span> <span class='ocrx_word' id='word_1_1520' title='bbox 2364 3452 2373 3469; x_wconf 54' lang='grc' dir='ltr'><strong>ι</strong></span> <span class='ocrx_word' id='word_1_1521' title='bbox 2386 3427 2392 3433; x_wconf 82' lang='grc'><strong>”</strong></span> <span class='ocrx_word' id='word_1_1522' title='bbox 2413 3413 2438 3441; x_wconf 83' lang='lat'>3&#39;</span> <span class='ocrx_word' id='word_1_1523' title='bbox 2485 3418 2493 3439; x_wconf 67' lang='lat' dir='ltr'>i</span> 
     </span>
     <span class='ocr_line' id='line_1_180' title="bbox 1286 3453 2407 3537; baseline -0.005 -39"><span class='ocrx_word' id='word_1_1524' title='bbox 1286 3469 1362 3536; x_wconf 51' lang='lat' dir='ltr'>niitis</span> <span class='ocrx_word' id='word_1_1525' title='bbox 1384 3467 1603 3537; x_wconf 36' lang='lat' dir='ltr'>lkichemundiae</span> <span class='ocrx_word' id='word_1_1526' title='bbox 1622 3466 1763 3503; x_wconf 69' lang='lat' dir='ltr'>defuncii,</span> <span class='ocrx_word' id='word_1_1527' title='bbox 1783 3467 1829 3504; x_wconf 90' lang='lat' dir='ltr'>qui</span> <span class='ocrx_word' id='word_1_1528' title='bbox 1849 3465 1884 3496; x_wconf 90' lang='lat' dir='ltr'>de</span> <span class='ocrx_word' id='word_1_1529' title='bbox 1906 3466 1988 3495; x_wconf 89' lang='lat' dir='ltr'>nobis</span> <span class='ocrx_word' id='word_1_1530' title='bbox 2009 3465 2095 3494; x_wconf 86' lang='lat' dir='ltr'>tenuit</span> <span class='ocrx_word' id='word_1_1531' title='bbox 2117 3465 2145 3493; x_wconf 92' lang='lat' dir='ltr'>in</span> <span class='ocrx_word' id='word_1_1532' title='bbox 2169 3462 2287 3503; x_wconf 83' lang='lat' dir='ltr'>Capite,</span> <span class='ocrx_word' id='word_1_1533' title='bbox 2305 3462 2340 3493; x_wconf 88' lang='lat'>&amp;</span> <span class='ocrx_word' id='word_1_1534' title='bbox 2379 3453 2407 3479; x_wconf 74' lang='lat'>4¹</span> 
     </span>
    </p>

    <p class='ocr_par' dir='ltr' id='par_1_46' title="bbox 1288 3515 2342 3615">
     <span class='ocr_line' id='line_1_181' title="bbox 1319 3515 1499 3537; baseline -0.006 0"><span class='ocrx_word' id='word_1_1535' title='bbox 1319 3517 1380 3537; x_wconf 83' lang='lat' dir='ltr'>enae</span> <span class='ocrx_word' id='word_1_1536' title='bbox 1440 3515 1499 3537; x_wconf 88' lang='lat' dir='ltr'>tatis</span> 
     </span>
     <span class='ocr_line' id='line_1_182' title="bbox 1288 3517 2342 3614; baseline -0.008 -38"><span class='ocrx_word' id='word_1_1537' title='bbox 1288 3517 1308 3614; x_wconf 62' lang='grc' dir='ltr'><em>ξ</em></span> <span class='ocrx_word' id='word_1_1538' title='bbox 1324 3545 1411 3613; x_wconf 56' lang='grc' dir='ltr'>Νεό,</span> <span class='ocrx_word' id='word_1_1539' title='bbox 1429 3529 1586 3583; x_wconf 73' lang='lat' dir='ltr'>hujusinodi</span> <span class='ocrx_word' id='word_1_1540' title='bbox 1602 3542 1786 3573; x_wconf 89' lang='lat' dir='ltr'>Testimonio</span> <span class='ocrx_word' id='word_1_1541' title='bbox 1803 3541 1887 3572; x_wconf 87' lang='lat' dir='ltr'>fidem</span> <span class='ocrx_word' id='word_1_1542' title='bbox 1903 3538 2261 3579; x_wconf 81' lang='lat' dir='ltr'>praebentes,volentesque</span> <span class='ocrx_word' id='word_1_1543' title='bbox 2270 3547 2342 3576; x_wconf 85' lang='lat' dir='ltr'>prae-</span> 
     </span>
     <span class='ocr_line' id='line_1_183' title="bbox 1301 3593 1445 3615; baseline -0.007 -1"><span class='ocrx_word' id='word_1_1544' title='bbox 1301 3593 1347 3615; x_wconf 87' lang='lat' dir='ltr'>ato</span> <span class='ocrx_word' id='word_1_1545' title='bbox 1400 3594 1445 3614; x_wconf 86' lang='lat' dir='ltr'>uci</span> 
     </span>
    </p>

    <p class='ocr_par' dir='ltr' id='par_1_47' title="bbox 1288 3607 2346 3734">
     <span class='ocr_line' id='line_1_184' title="bbox 1326 3607 2346 3659; baseline -0.006 -7"><span class='ocrx_word' id='word_1_1546' title='bbox 1326 3622 1408 3653; x_wconf 91' lang='lat' dir='ltr'>Licet</span> <span class='ocrx_word' id='word_1_1547' title='bbox 1423 3607 1632 3659; x_wconf 76' lang='lat' dir='ltr'>ln’quifitiones,</span> <span class='ocrx_word' id='word_1_1548' title='bbox 1652 3629 1718 3657; x_wconf 90' lang='lat' dir='ltr'>quas</span> <span class='ocrx_word' id='word_1_1549' title='bbox 1730 3618 1765 3648; x_wconf 93' lang='lat' dir='ltr'>de</span> <span class='ocrx_word' id='word_1_1550' title='bbox 1777 3618 1873 3648; x_wconf 89' lang='lat' dir='ltr'>Terris</span> <span class='ocrx_word' id='word_1_1551' title='bbox 1887 3618 1919 3648; x_wconf 77' lang='grc' dir='ltr'>δε</span> <span class='ocrx_word' id='word_1_1552' title='bbox 1936 3616 2142 3654; x_wconf 87' lang='lat' dir='ltr'>Tenementis,</span> <span class='ocrx_word' id='word_1_1553' title='bbox 2153 3625 2218 3653; x_wconf 69' lang='lat' dir='ltr'>quaa</span> <span class='ocrx_word' id='word_1_1554' title='bbox 2234 3615 2346 3646; x_wconf 88' lang='lat' dir='ltr'>fuerunt</span> 
     </span>
     <span class='ocr_line' id='line_1_185' title="bbox 1288 3653 2345 3698; baseline -0.007 -7"><span class='ocrx_word' id='word_1_1555' title='bbox 1288 3660 1415 3698; x_wconf 70' lang='lat' dir='ltr'>praedicti</span> <span class='ocrx_word' id='word_1_1556' title='bbox 1437 3659 1581 3697; x_wconf 85' lang='lat' dir='ltr'>Comitis,</span> <span class='ocrx_word' id='word_1_1557' title='bbox 1599 3658 1658 3688; x_wconf 83' lang='lat' dir='ltr'>fieri</span> <span class='ocrx_word' id='word_1_1558' title='bbox 1681 3657 1888 3694; x_wconf 81' lang='lat' dir='ltr'>mandavimus,</span> <span class='ocrx_word' id='word_1_1559' title='bbox 1903 3656 1933 3685; x_wconf 91' lang='lat' dir='ltr'>in</span> <span class='ocrx_word' id='word_1_1560' title='bbox 1957 3653 2132 3685; x_wconf 70' lang='lat' dir='ltr'>Cancellaria</span> <span class='ocrx_word' id='word_1_1561' title='bbox 2157 3653 2252 3684; x_wconf 57' lang='lat' dir='ltr'>nostrii</span> <span class='ocrx_word' id='word_1_1562' title='bbox 2273 3664 2345 3684; x_wconf 86' lang='lat' dir='ltr'>non-</span> 
     </span>
     <span class='ocr_line' id='line_1_186' title="bbox 1288 3697 2117 3734; baseline -0.013 -4"><span class='ocrx_word' id='word_1_1563' title='bbox 1288 3699 1358 3730; x_wconf 91' lang='lat' dir='ltr'>dum</span> <span class='ocrx_word' id='word_1_1564' title='bbox 1375 3698 1540 3730; x_wconf 85' lang='lat' dir='ltr'>Retornatae</span> <span class='ocrx_word' id='word_1_1565' title='bbox 1554 3697 1671 3728; x_wconf 76' lang='lat' dir='ltr'>existant</span> <span class='ocrx_word' id='word_1_1566' title='bbox 1681 3719 1690 3732; x_wconf 92' lang='lat'>,</span> <span class='ocrx_word' id='word_1_1567' title='bbox 2112 3729 2117 3734; x_wconf 34' lang='grc' dir='ltr'>ι</span> 
     </span>
    </p>

    <p class='ocr_par' dir='ltr' id='par_1_48' title="bbox 1290 3729 2349 3922">
     <span class='ocr_line' id='line_1_187' title="bbox 1327 3729 2346 3772; baseline -0.007 -5"><span class='ocrx_word' id='word_1_1568' title='bbox 1327 3737 1457 3767; x_wconf 88' lang='lat' dir='ltr'>Gratiam</span> <span class='ocrx_word' id='word_1_1569' title='bbox 1483 3737 1574 3766; x_wconf 87' lang='lat' dir='ltr'>facere</span> <span class='ocrx_word' id='word_1_1570' title='bbox 1594 3735 1759 3772; x_wconf 89' lang='lat' dir='ltr'>specialem,</span> <span class='ocrx_word' id='word_1_1571' title='bbox 1777 3733 1903 3772; x_wconf 88' lang='lat' dir='ltr'>cepimus</span> <span class='ocrx_word' id='word_1_1572' title='bbox 1924 3731 2096 3761; x_wconf 87' lang='lat' dir='ltr'>Fidelitatem</span> <span class='ocrx_word' id='word_1_1573' title='bbox 2111 3729 2191 3767; x_wconf 82' lang='lat' dir='ltr'>ipsius</span> <span class='ocrx_word' id='word_1_1574' title='bbox 2205 3730 2297 3761; x_wconf 89' lang='lat' dir='ltr'>Ducis</span> <span class='ocrx_word' id='word_1_1575' title='bbox 2310 3729 2346 3761; x_wconf 86' lang='lat' dir='ltr'>de</span> 
     </span>
     <span class='ocr_line' id='line_1_188' title="bbox 1290 3769 2345 3807; baseline -0.007 -1"><span class='ocrx_word' id='word_1_1576' title='bbox 1290 3775 1438 3806; x_wconf 89' lang='lat' dir='ltr'>Comitatu</span> <span class='ocrx_word' id='word_1_1577' title='bbox 1454 3772 1692 3807; x_wconf 80' lang='lat' dir='ltr'>Richemundiae,</span> <span class='ocrx_word' id='word_1_1578' title='bbox 1710 3773 1742 3802; x_wconf 90' lang='lat'>&amp;</span> <span class='ocrx_word' id='word_1_1579' title='bbox 1756 3771 1792 3801; x_wconf 89' lang='lat' dir='ltr'>de</span> <span class='ocrx_word' id='word_1_1580' title='bbox 1804 3771 1936 3800; x_wconf 89' lang='lat' dir='ltr'>omnibus</span> <span class='ocrx_word' id='word_1_1581' title='bbox 1949 3770 2047 3799; x_wconf 87' lang='lat' dir='ltr'>Terris</span> <span class='ocrx_word' id='word_1_1582' title='bbox 2063 3769 2095 3799; x_wconf 86' lang='lat'>&amp;</span> <span class='ocrx_word' id='word_1_1583' title='bbox 2110 3769 2296 3799; x_wconf 87' lang='lat' dir='ltr'>Tenementis</span> <span class='ocrx_word' id='word_1_1584' title='bbox 2309 3769 2345 3799; x_wconf 85' lang='lat' dir='ltr'>de</span> 
     </span>
     <span class='ocr_line' id='line_1_189' title="bbox 1290 3807 2346 3848; baseline -0.007 -4"><span class='ocrx_word' id='word_1_1585' title='bbox 1290 3813 1393 3844; x_wconf 89' lang='lat' dir='ltr'>eodem</span> <span class='ocrx_word' id='word_1_1586' title='bbox 1409 3812 1574 3848; x_wconf 88' lang='lat' dir='ltr'>Comitatu,</span> <span class='ocrx_word' id='word_1_1587' title='bbox 1613 3820 1657 3840; x_wconf 84' lang='lat' dir='ltr'>uae</span> <span class='ocrx_word' id='word_1_1588' title='bbox 1673 3809 1800 3848; x_wconf 80' lang='lat' dir='ltr'>praefatus</span> <span class='ocrx_word' id='word_1_1589' title='bbox 1816 3807 1924 3838; x_wconf 85' lang='lat' dir='ltr'>Comes</span> <span class='ocrx_word' id='word_1_1590' title='bbox 1937 3808 2025 3838; x_wconf 89' lang='lat' dir='ltr'>tenuit</span> <span class='ocrx_word' id='word_1_1591' title='bbox 2037 3807 2073 3837; x_wconf 90' lang='lat' dir='ltr'>de</span> <span class='ocrx_word' id='word_1_1592' title='bbox 2085 3807 2166 3837; x_wconf 86' lang='lat' dir='ltr'>nobis</span> <span class='ocrx_word' id='word_1_1593' title='bbox 2180 3808 2207 3837; x_wconf 90' lang='lat' dir='ltr'>in</span> <span class='ocrx_word' id='word_1_1594' title='bbox 2223 3807 2346 3845; x_wconf 83' lang='lat' dir='ltr'>Capite,</span> 
     </span>
     <span class='ocr_line' id='line_1_190' title="bbox 1290 3845 2346 3889; baseline -0.007 -7"><span class='ocrx_word' id='word_1_1595' title='bbox 1290 3852 1337 3882; x_wconf 90' lang='lat' dir='ltr'>die</span> <span class='ocrx_word' id='word_1_1596' title='bbox 1352 3861 1409 3889; x_wconf 86' lang='lat' dir='ltr'>quo</span> <span class='ocrx_word' id='word_1_1597' title='bbox 1424 3851 1512 3887; x_wconf 87' lang='lat' dir='ltr'>obiit,</span> <span class='ocrx_word' id='word_1_1598' title='bbox 1528 3850 1562 3880; x_wconf 88' lang='lat'>&amp;</span> <span class='ocrx_word' id='word_1_1599' title='bbox 1611 3849 1757 3885; x_wconf 88' lang='lat' dir='ltr'>omagium</span> <span class='ocrx_word' id='word_1_1600' title='bbox 1775 3847 1855 3884; x_wconf 87' lang='lat' dir='ltr'>ipsius</span> <span class='ocrx_word' id='word_1_1601' title='bbox 1871 3846 1977 3883; x_wconf 88' lang='lat' dir='ltr'>Ducis,</span> <span class='ocrx_word' id='word_1_1602' title='bbox 1996 3846 2079 3875; x_wconf 87' lang='lat' dir='ltr'>nobis</span> <span class='ocrx_word' id='word_1_1603' title='bbox 2095 3847 2123 3875; x_wconf 89' lang='lat' dir='ltr'>in</span> <span class='ocrx_word' id='word_1_1604' title='bbox 2137 3845 2190 3876; x_wconf 87' lang='lat' dir='ltr'>hac</span> <span class='ocrx_word' id='word_1_1605' title='bbox 2206 3855 2283 3884; x_wconf 88' lang='lat' dir='ltr'>parte</span> <span class='ocrx_word' id='word_1_1606' title='bbox 2297 3846 2346 3876; x_wconf 90' lang='lat' dir='ltr'>de-</span> 
     </span>
     <span class='ocr_line' id='line_1_191' title="bbox 1292 3883 2349 3922; baseline -0.007 -2"><span class='ocrx_word' id='word_1_1607' title='bbox 1292 3891 1384 3920; x_wconf 92' lang='lat' dir='ltr'>bitum</span> <span class='ocrx_word' id='word_1_1608' title='bbox 1419 3888 1452 3918; x_wconf 90' lang='lat' dir='ltr'>ad</span> <span class='ocrx_word' id='word_1_1609' title='bbox 1469 3888 1643 3917; x_wconf 90' lang='lat' dir='ltr'>voluntatem</span> <span class='ocrx_word' id='word_1_1610' title='bbox 1658 3886 1781 3915; x_wconf 87' lang='lat' dir='ltr'>nostram</span> <span class='ocrx_word' id='word_1_1611' title='bbox 1798 3885 1925 3915; x_wconf 78' lang='lat' dir='ltr'>duximus</span> <span class='ocrx_word' id='word_1_1612' title='bbox 1939 3883 2207 3922; x_wconf 65' lang='lat' dir='ltr'>Respecjtuandum,</span> <span class='ocrx_word' id='word_1_1613' title='bbox 2224 3884 2349 3914; x_wconf 57' lang='lat' dir='ltr'>disrum-</span> 
     </span>
    </p>

    <p class='ocr_par' dir='ltr' id='par_1_49' title="bbox 1296 3913 2350 4002">
     <span class='ocr_line' id='line_1_192' title="bbox 1317 3913 2350 3962; baseline -0.006 -4"><span class='ocrx_word' id='word_1_1614' title='bbox 1317 3938 1351 3958; x_wconf 92' lang='lat' dir='ltr'>ue</span> <span class='ocrx_word' id='word_1_1615' title='bbox 1373 3913 1568 3962; x_wconf 81' lang='lat' dir='ltr'>Comitatum,</span> <span class='ocrx_word' id='word_1_1616' title='bbox 1588 3934 1656 3954; x_wconf 89' lang='lat' dir='ltr'>cum</span> <span class='ocrx_word' id='word_1_1617' title='bbox 1677 3925 1812 3954; x_wconf 91' lang='lat' dir='ltr'>omnibus</span> <span class='ocrx_word' id='word_1_1618' title='bbox 1830 3922 1930 3952; x_wconf 87' lang='lat' dir='ltr'>Terris</span> <span class='ocrx_word' id='word_1_1619' title='bbox 1948 3923 1982 3954; x_wconf 69' lang='grc' dir='ltr'>ὃς</span> <span class='ocrx_word' id='word_1_1620' title='bbox 1997 3922 2182 3953; x_wconf 89' lang='lat' dir='ltr'>Tenementis</span> <span class='ocrx_word' id='word_1_1621' title='bbox 2197 3923 2233 3953; x_wconf 92' lang='lat' dir='ltr'>de</span> <span class='ocrx_word' id='word_1_1622' title='bbox 2245 3922 2350 3953; x_wconf 87' lang='lat' dir='ltr'>eodem</span> 
     </span>
     <span class='ocr_line' id='line_1_193' title="bbox 1296 3961 1868 4002; baseline -0.01 -6"><span class='ocrx_word' id='word_1_1623' title='bbox 1296 3967 1463 4002; x_wconf 58' lang='lat' dir='ltr'>Comitatu,</span> <span class='ocrx_word' id='word_1_1624' title='bbox 1482 3964 1574 3993; x_wconf 87' lang='lat' dir='ltr'>eidem</span> <span class='ocrx_word' id='word_1_1625' title='bbox 1588 3961 1667 3992; x_wconf 90' lang='lat' dir='ltr'>Duci</span> <span class='ocrx_word' id='word_1_1626' title='bbox 1681 3961 1868 3992; x_wconf 81' lang='lat' dir='ltr'>reddidimus:</span> 
     </span>
    </p>
   </div>
   <div class='ocr_carea' id='block_1_16' title="bbox 1334 3998 2351 4041">
    <p class='ocr_par' dir='ltr' id='par_1_50' title="bbox 1334 3998 2351 4041">
     <span class='ocr_line' id='line_1_194' title="bbox 1334 3998 2351 4041; baseline -0.008 -7"><span class='ocrx_word' id='word_1_1627' title='bbox 1334 4003 1372 4035; x_wconf 87' lang='lat' dir='ltr'>Et</span> <span class='ocrx_word' id='word_1_1628' title='bbox 1386 4004 1450 4041; x_wconf 87' lang='lat' dir='ltr'>quia</span> <span class='ocrx_word' id='word_1_1629' title='bbox 1464 4001 1594 4032; x_wconf 85' lang='lat' dir='ltr'>Thomas</span> <span class='ocrx_word' id='word_1_1630' title='bbox 1606 4000 1642 4030; x_wconf 90' lang='lat' dir='ltr'>de</span> <span class='ocrx_word' id='word_1_1631' title='bbox 1658 4000 1811 4038; x_wconf 77' lang='lat' dir='ltr'>Fencotes,</span> <span class='ocrx_word' id='word_1_1632' title='bbox 1828 3998 1925 4030; x_wconf 89' lang='lat' dir='ltr'>Petrus</span> <span class='ocrx_word' id='word_1_1633' title='bbox 1938 3998 1973 4029; x_wconf 90' lang='lat' dir='ltr'>de</span> <span class='ocrx_word' id='word_1_1634' title='bbox 1986 3998 2256 4037; x_wconf 64' lang='lat' dir='ltr'>Richemondia,&amp;</span> <span class='ocrx_word' id='word_1_1635' title='bbox 2265 3998 2351 4027; x_wconf 91' lang='lat' dir='ltr'>Tho-</span> 
     </span>
    </p>
   </div>
   <div class='ocr_carea' id='block_1_17' title="bbox 208 4033 2350 4110">
    <p class='ocr_par' dir='ltr' id='par_1_51' title="bbox 208 4033 2350 4110">
     <span class='ocr_line' id='line_1_195' title="bbox 208 4033 2350 4110; baseline -0.005 -36"><span class='ocrx_word' id='word_1_1636' title='bbox 208 4033 493 4110; x_wconf 47' lang='grc' dir='ltr'>*Πῗῖἷὲιιῖἓῗεῐὶιιὶί</span> <span class='ocrx_word' id='word_1_1637' title='bbox 509 4042 572 4074; x_wconf 87' lang='lat' dir='ltr'>alias</span> <span class='ocrx_word' id='word_1_1638' title='bbox 591 4041 772 4084; x_wconf 78' lang='lat' dir='ltr'>Qingentas</span> <span class='ocrx_word' id='word_1_1639' title='bbox 790 4040 890 4075; x_wconf 86' lang='lat' dir='ltr'>Libras</span> <span class='ocrx_word' id='word_1_1640' title='bbox 902 4040 1102 4081; x_wconf 78' lang='lat' dir='ltr'>Turonenses,</span> <span class='ocrx_word' id='word_1_1641' title='bbox 1117 4043 1260 4082; x_wconf 46' lang='lat' dir='ltr'>&amp;dicun</span> <span class='ocrx_word' id='word_1_1642' title='bbox 1298 4052 1358 4074; x_wconf 84' lang='lat' dir='ltr'>mas</span> <span class='ocrx_word' id='word_1_1643' title='bbox 1377 4041 1413 4073; x_wconf 85' lang='lat' dir='ltr'>de</span> <span class='ocrx_word' id='word_1_1644' title='bbox 1433 4039 1587 4077; x_wconf 75' lang='lat' dir='ltr'>Scodand,</span> <span class='ocrx_word' id='word_1_1645' title='bbox 1603 4039 1638 4070; x_wconf 87' lang='lat' dir='ltr'>de</span> <span class='ocrx_word' id='word_1_1646' title='bbox 1661 4037 1810 4070; x_wconf 78' lang='lat' dir='ltr'>Comitatu</span> <span class='ocrx_word' id='word_1_1647' title='bbox 1830 4037 1962 4069; x_wconf 89' lang='lat' dir='ltr'>Eborum</span> <span class='ocrx_word' id='word_1_1648' title='bbox 1977 4060 1987 4077; x_wconf 88' lang='lat'>,</span> <span class='ocrx_word' id='word_1_1649' title='bbox 2012 4046 2234 4076; x_wconf 84' lang='lat' dir='ltr'>manucepcrunt</span> <span class='ocrx_word' id='word_1_1650' title='bbox 2252 4044 2350 4066; x_wconf 78' lang='lat' dir='ltr'>coram</span> 
     </span>
    </p>
   </div>
   <div class='ocr_carea' id='block_1_18' title="bbox 1847 4072 2351 4106">
    <p class='ocr_par' dir='ltr' id='par_1_52' title="bbox 1847 4072 2351 4106">
     <span class='ocr_line' id='line_1_196' title="bbox 1847 4072 2351 4106; baseline -0.01 0"><span class='ocrx_word' id='word_1_1651' title='bbox 1847 4074 1872 4106; x_wconf 85' lang='lat' dir='ltr'>P</span> <span class='ocrx_word' id='word_1_1652' title='bbox 2270 4072 2351 4103; x_wconf 67' lang='lat' dir='ltr'>nobis</span> 
     </span>
    </p>
   </div>
  </div>
 </body>
</html>
