2562 4279
36 203 116 235 Ann.
125 202 166 236 D.

56 251 141 282 1334·

36 283 104 310 Edv.
121 291 146 318 3.

25 1605 105 1637 'Ana
115 1604 156 1636 D.

51 1653 139 1693 1333..

23 1687 82 1711 An.
100 1688 126 1711 b.

24 1732 122 1789 Pit.38.

24 1803 56 1826 E.
75 1805 134 1836 3.p.

26 1846 52 1864 2.
69 1846 160 1875 m.23.

20 2278 37 2297 θ
59 2281 112 2308 IV.

18 2320 86 2357 623.

188 118 266 160 118

184 201 402 239 concessionis,
421 210 504 240 quas,
523 200 695 231 Maonificus
710 200 865 237 Princeps,
881 198 1034 230 Edwardus
1049 199 1117 230 Rex
1132 199 1249 238 Scotiae,

185 241 413 279 Consangiiineus
436 239 547 283 noster,
571 225 607 268 d'e
626 238 774 269 Comitatu
796 240 830 269 &
853 238 967 269 Foresta
991 239 1133 277 praedie‘cis
1146 261 1157 277 ,
1181 239 1250 269 fecit

185 279 297 317 Nobis,
312 279 370 316 jam
383 279 456 314 capti
470 277 521 308 fint
535 288 564 306 iri
583 275 704 307 Marium
720 276 846 306 nostram
855 300 864 315 ,

222 317 250 347 V
252 317 349 346 elimus
365 317 389 346 ei
402 315 543 346 Officium
559 315 731 346 Vicecomit.
750 315 882 354 praedieti
893 339 903 355 ,
918 326 951 347 ac
973 315 1143 347 Custodiam
1164 315 1249 347 dietae

186 354 309 423 1:011?stae
315 377 325 393 ,
344 354 435 384 facere
449 355 572 392 liberari,

257 403 290 423 os

223 431 266 461 Ex
279 415 362 461 causa
375 429 511 467 praedie'ta
523 429 652 461 volentes
664 431 826 470 certiorari,
844 438 938 462 utrum
953 431 1096 462 Officium
1121 431 1249 462 Viceco-

185 470 245 499 mit.
264 468 407 506 praediffl,
425 470 458 500 δε
479 467 617 499 Custodia
642 469 767 500 Forestae
790 470 950 508 praedietae,
972 471 1006 501 ad
1027 471 1116 509 ipsos,
1142 469 1248 500 Galfri-

184 507 253 537 dum
269 508 301 538 &
317 507 476 545 isabellam,
496 515 526 537 ut
539 507 574 538 de
587 507 658 546 Jure
673 508 754 548 ipfius
769 507 909 547 Isabellae,
928 518 958 539 ut
973 510 1166 547 praemittitur,
1184 519 1246 546 per-

183 547 302 583 tineant,
322 547 356 577 &
371 546 568 576 Antecessores
590 546 712 584 ejusdem
726 547 847 577 Isabellae
863 547 1009 578 Officium
1025 548 1059 578 δε
1073 547 1243 578 Custodiam

182 584 226 614 illa
237 584 396 615 habuerunt
410 594 519 623 necne,
538 586 587 622 &,
606 585 625 615 fi
639 585 695 624 lic,
713 595 781 616 tunc
797 597 812 616 a
826 597 884 624 quo
897 586 1062 625 Tempore,
1081 597 1140 624 quo
1162 586 1246 617 Titu-

181 622 227 662 lo,
249 623 382 662 qualiter,
401 623 434 654 ὅ(
452 623 524 662 Qo
538 623 648 662 modo,
665 625 698 655 ὃ(
716 624 735 654 fi
749 623 892 655 Officium
907 625 940 655 &
953 624 1091 655 Custodia
1112 624 1246 662 praedista

181 662 331 691 occasione
353 662 490 699 praemissa
506 670 585 699 capta
604 662 656 693 sint
675 664 705 692 in
725 662 848 693 Manum
872 663 1014 702 nostram,
1031 674 1066 694 an
1081 663 1151 701 alia,
1171 664 1204 694 &
1224 663 1246 693 si

179 699 250 738 alia,
268 708 336 730 tunc
353 701 448 739 Qae,
467 701 614 739 Qaliter,
631 702 664 732 &
680 701 861 740 Qomodo,

223 738 431 777 Affignavimus
446 749 498 769 vos
512 739 546 769 ad
562 740 778 778 inquirendum,
792 750 841 779 per
857 740 1069 771 Sacramentum
1078 740 1244 770 Proborum

179 776 214 807 δε
232 777 379 816 Legalium
393 776 559 809 Hominum
574 778 610 808 de
624 777 752 809 Partibus
765 779 919 817 praedietis,
938 789 986 816 per
1001 789 1073 816 quos
1086 780 1123 808 rei
1144 780 1244 810 veritas

180 815 281 846 melius
300 816 361 846 sciri
382 817 484 854 poterit
499 839 508 854 ,
542 818 570 846 in
592 816 736 854 praesentia
758 817 943 848 Vicecomitis
966 817 1054 847 nostri
1078 816 1243 860 Comitatus

181 854 328 893 praediffl,
346 865 395 895 per
409 865 460 887 vos
473 854 540 885 inde
554 855 776 894 praemuniendi,
794 855 830 886 de
846 855 992 894 praetniffis
1013 855 1122 893 plenius
1141 857 1244 886 verita-

180 900 256 923 tem:
1130 912 1133 913 ν

217 929 256 962 Et
270 931 336 963 ideo
353 932 434 963 vobis
448 931 611 962 mandamus
625 931 705 970 quod
718 932 752 962 ad
768 940 860 963 certos
875 932 948 971 dies,
967 933 1027 963 &c.
1048 942 1119 970 quos
1131 931 1166 962 ad
1186 932 1243 963 hoc

180 970 376 1008 provideritis,
394 970 560 1007 diligentem
574 971 651 1008 super
673 971 817 1009 praemiffis
837 972 940 1002 faciatis
960 971 1190 1010 Inquisitionem3
1209 973 1243 1002 &

180 1017 262 1048 eam,
279 1008 410 1039 distinffe
425 1010 458 1040 &
471 1009 565 1047 aperte
579 1009 700 1047 fastam,
721 1010 822 1048 nobis,
839 1010 889 1040 sub
903 1010 1004 1047 Sigillis
1019 1009 1131 1048 vestris,
1150 1011 1183 1041 &
1199 1010 1243 1040 Si-

178 1047 250 1117 fiillis
264 1057 382 1086 eorum,
399 1057 448 1086 per
463 1058 535 1086 quos
547 1047 619 1078 faeta
635 1048 738 1087 fuerit,
753 1048 810 1079 fine
823 1048 957 1080 dilatione
979 1049 1109 1087 mittaris,
1128 1050 1161 1080 ὃς
1184 1048 1241 1080 hoc

204 1096 279 1116 reve.

217 1124 420 1154 Mandavimus
434 1125 510 1155 enim
522 1124 700 1156 Vicecomiti
715 1125 813 1156 nostro
828 1124 990 1156 Comitatus
1004 1125 1148 1164 praedieti,
1161 1125 1241 1164 quod

179 1162 215 1193 ad
228 1171 321 1193 certos
334 1162 408 1200 dies,
427 1164 488 1194 &c.
507 1173 580 1201 quos
593 1164 619 1193 ei
639 1164 708 1194 scire
720 1164 840 1202 faciatis,
859 1165 955 1195 venire
971 1164 1051 1194 faciat
1063 1173 1161 1194 coram
1188 1175 1243 1195 vo-

178 1202 238 1240 bis,
257 1203 317 1232 &c.
335 1201 399 1232 Tot
421 1202 453 1231 ὃς
473 1201 577 1240 Tales,
594 1203 655 1232 &c.
674 1202 709 1233 de
732 1202 835 1233 Balliva
857 1202 921 1241 sua,
939 1212 989 1241 per
1009 1212 1098 1242 quOS,
1123 1202 1184 1234 &c.
1210 1204 1242 1234 in

181 1239 328 1308 przerrliissis
341 1240 447 1309 melisg
454 1240 516 1270 sciri
532 1242 637 1278 poterit
650 1242 683 1273 &
699 1242 809 1279 inquiri.

271 1289 289 1308 n
302 1288 380 1316 cujus
438 1288 475 1308 ⁷c.

216 1316 306 1347 Teste
328 1302 411 1356 Reg³e
427 1317 500 1356 apud
520 1316 825 1357 Westmonasterium,
849 1317 966 1349 decimo
986 1318 1087 1357 quinto
1107 1317 1152 1349 die
1171 1317 1241 1357 Sep-

179 1356 305 1388 tembris.

910 1397 964 1425 Per
982 1394 1134 1425 Concilium.

248 1523 340 1567 Super
360 1518 527 1565 Discordiis
548 1523 579 1553 in
597 1521 798 1561 Univerfitate
816 1522 937 1554 Oxoniae
961 1521 1171 1567 reformandis.

175 1604 308 1662 REX,
326 1604 447 1636 Dileetis
462 1605 495 1636 &
508 1604 646 1635 Fidelibus
658 1605 726 1644 suis,
743 1605 956 1637 Venerabilibus
971 1607 1000 1636 in
1014 1606 1133 1637 Christo
1150 1607 1241 1638 Patri-

246 1644 315 1682 bus,
335 1642 483 1674 Richardo
503 1643 528 1673 E
549 1643 646 1681 iscopo
666 1643 874 1682 Dunolmenfi‚
893 1645 1069 1676 Cancellario
1090 1646 1158 1684 suo,
1176 1646 1241 1677 Ro-

176 1689 245 1749 gesro
259 1681 458 1751 Oovegntriensi
471 1682 504 1713 &
548 1681 738 1721 ichfeldienfi,
756 1685 789 1715 ὃ(
802 1683 965 1714 Willielmo
978 1683 1012 1714 N
1015 1685 1182 1724 orwicensi,
1201 1684 1241 1716 E-

176 1729 204 1757 pi
218 1731 254 1751 co
277 1731 296 1751 is
353 1729 465 1751 autem.

213 1731 318 1790 Petpitio
339 1758 508 1790 Cancellarii
528 1758 725 1790 Universitatis
746 1758 850 1790 nostrae
871 1760 1016 1800 Oxoniae,
1035 1771 1134 1792 coram
1155 1762 1240 1793 nobis

176 1796 211 1827 &
230 1797 368 1829 Concilio
388 1797 486 1828 nostro
505 1798 534 1827 in
556 1796 746 1828 Parliamento
766 1798 865 1828 nostro
886 1799 1009 1830 exhibita
1026 1822 1035 1838 ,
1073 1800 1239 1832 continebat

178 1837 258 1873 quod
275 1839 301 1866 in
318 1836 392 1866 Villi
407 1836 546 1873 Oxoniae,
565 1836 613 1866 ubi
632 1836 804 1866 Univerfitas
818 1837 970 1874 praedidta,
991 1849 1006 1868 a
1027 1837 1075 1869 diu
1095 1838 1152 1875 est,
1170 1840 1239 1869 exu-

176 1875 227 1913 tit,
246 1877 279 1906 &
291 1875 383 1906 adhuc
402 1874 506 1911 existit,
526 1875 597 1904 inter
616 1874 741 1905 Scolares
760 1876 882 1913 ejusdem
905 1876 1116 1914 Univerfitatis,
1135 1877 1168 1907 δε
1189 1888 1239 1908 eo-

176 1923 241 1943 rum
264 1913 434 1952 Familiares,
452 1913 485 1943 &
507 1912 679 1950 servientes,
697 1922 793 1952 graves
816 1913 1008 1945 Dissensiones
1030 1915 1063 1945 ὃ(
1079 1915 1237 1946 Discordiae

173 1950 295 1982 subortae
316 1952 444 1991 fuerunt,
462 1951 495 1981 &
516 1950 601 1981 indies
622 1953 768 1990 oriuntur,
787 1962 820 1982 ex
840 1954 941 1991 quibus
963 1953 1020 1983 Pax
1043 1954 1136 1984 nostra
1158 1954 1236 1985 laedi-

174 1998 236 2027 tur,
255 1991 288 2021 &
304 1990 427 2028 Populus
451 1989 544 2019 noster
563 1991 685 2027 partium
708 1990 815 2020 illarum
830 2000 963 2028 terretur,
985 1991 1116 2030 Malaque
1128 1992 1180 2023 alia
1195 1994 1237 2022 in-

173 2037 289 2060 numera
305 2029 439 2060 hierenus
453 2037 644 2066 provenerunt
661 2028 713 2059 hiis
722 2029 836 2067 diebus,
857 2031 889 2060 &
906 2030 1125 2069 nichilominus,
1146 2031 1237 2061 verifi-

173 2067 274 2098 militer
297 2069 423 2104 timetur,
441 2066 520 2105 quod
542 2067 685 2105 Dispersio
710 2067 906 2098 Univerlitatis
929 2068 1072 2106 prrcdietae
1086 2069 1154 2099 inde
1171 2079 1238 2107 pro-

169 2108 283 2145 veniet,
301 2106 351 2137 nifi
373 2106 454 2137 citius
475 2105 555 2144 super
573 2105 632 2136 hoc
655 2115 705 2145 per
720 2116 774 2156 nos
787 2115 943 2145 apponatur
956 2107 1133 2139 Remedium
1148 2118 1237 2147 opor-

171 2152 287 2176 tunum:
888 2161 893 2165 ·

207 2183 294 2222 Nos,

207 2221 424 2254 Confiderantes
445 2222 525 2261 quod
546 2231 594 2260 per
614 2222 839 2255 Universitatem
856 2223 1021 2262 praedid'lam
1043 2224 1124 2255 Fides
1149 2224 1236 2256 Chri-

168 2259 254 2292 stiana
273 2262 292 2280 *³
315 2262 474 2293 defenditur
495 2262 528 2292 ὃς
551 2261 694 2298 dilatatur,
713 2264 745 2294 &
772 2262 908 2302 Regnum
932 2263 1060 2294 nostrum
1081 2262 1235 2295 &Incolae

168 2299 290 2338 ejusdem
304 2300 399 2340 Regni
413 2300 603 2338 multipliciter
616 2309 802 2339 exornantur,

207 2337 399 2377 Volentesque
420 2338 527 2368 dietam
548 2338 789 2377 Uiiiversitatem,
805 2340 839 2370 &
857 2339 891 2370 ad
914 2340 1032 2370 eandem
1047 2340 1235 2380 declinantes,

168 2376 203 2407 &
219 2376 324 2407 ibidem
338 2377 550 2414 conversanteS,
566 2377 595 2406 iti
610 2387 679 2414 pace
691 2378 725 2408 ὃς
740 2378 925 2415 tranquilitate
939 2378 1080 2409 defensare

185 2453 190 2458 .
206 2413 259 2453 Et,
278 2415 374 2458 siquae
390 2416 418 2445 in
433 2415 605 2445 contrarium
618 2423 780 2453 attemptata
795 2416 924 2455 fuissent,
942 2426 1026 2455 prout
1044 2403 1152 2456 julium
1173 2418 1235 2449 fue-

167 2460 204 2483 nt
259 2463 337 2483 unire

166 2462 257 2560 fidis&
267 2490 302 2521 de
318 2477 415 2523 vestris
428 2490 451 2521 F
452 2490 571 2522 idelitate
583 2491 617 2522 δε
631 2489 896 2533 (Σίῑςυηιΐρεᾶἰοηε
909 2494 1031 2532 providis
1042 2494 1151 2533 plenius
1163 2504 1235 2526 con-

207 2538 303 2568 entes,

205 2567 414 2607 Affignavimus
433 2578 485 2599 vos
500 2593 509 2606 ,
528 2569 706 2607 conjunffilim
719 2593 728 2606 ‚
752 2569 786 2599 &
808 2569 934 2608 divisim,
962 2571 996 2601 ad
1018 2571 1230 2603 informandum

166 2617 236 2644 VOS,
258 2607 301 2637 vel
315 2607 437 2644 aliquem
452 2606 596 2645 vestrum,
616 2617 664 2645 per
684 2606 906 2646 Cancellarium,
926 2609 1145 2648 Procuratores,
1165 2611 1231 2641 Ma-

186 2645 287 2683 istros,
303 2646 336 2676 &
358 2645 502 2683 Scohres,
521 2645 718 2676 Universitatis
739 2645 898 2684 praedifhe,
917 2657 950 2678 ac
973 2649 1028 2678 aliis
1049 2650 1100 2679 viis
1115 2650 1148 2680 &
1164 2659 1230 2679 mo-

165 2654 220 2722 Ξὶε,
240 2684 342 2722 quibus
363 2684 494 2722 expedire
518 2683 658 2722 videritis,
677 2683 755 2721 super
781 2684 1008 2716 Dissenfionibus
1023 2687 1055 2717 &
1073 2686 1231 2717 Discordiis

165 2722 340 2760 supradltstis,
359 2723 392 2753 ὃ(
417 2732 512 2752 earum
534 2722 636 2760 causis,
654 2723 687 2753 &
707 2732 756 2759 per
776 2721 866 2761 Cujus
889 2723 934 2755 vel
952 2724 1089 2763 Qiorum
1105 2724 1230 2763 Culpam

166 2758 359 2791 Diffenfiones
373 2761 427 2791 illae
441 2761 473 2791 &
488 2760 647 2791 Discordiae
661 2761 823 2791 oriebantur

204 2798 336 2829 Necnon
350 2799 384 2830 ad
398 2798 574 2829 trailandum
589 2809 657 2829 cum
679 2798 800 2836 eisdem,
819 2785 1017 2839 Cancellario,
1036 2801 1231 2832 Procuratori-

165 2837 234 2874 bus,
255 2836 415 2875 Magistris,
434 2838 466 2868 ὃς
480 2838 655 2875 ScolaribuS,
674 2838 752 2875 super
770 2837 998 2869 Disseniioiiibus
1019 2840 1052 2870 &
1073 2839 1229 2871 Discordii's

166 2874 323 2913 praedic‘tis,
342 2875 455 2913 qualiter
492 2876 637 2914 videlicet,
655 2876 689 2906 ad
711 2876 845 2912 majorem
868 2877 900 2907 &
922 2887 970 2914 per
992 2886 1085 2908 etuam
1101 2880 1226 2916 quietem

166 2914 436 2981 &ftranquilitatem
459 2898 654 2945 Universitatis
675 2915 817 2952 praedietae
839 2915 920 2953 sopiri
936 2927 971 2947 va
981 2926 1062 2956 eant,
1080 2919 1127 2947 seu
1140 2919 1224 2948 etiam

163 2961 195 2983 re
207 2962 313 2982 ormari

200 2989 239 3021 Et
259 2989 293 3020 ad
315 2975 529 3022 eertificandum
555 2989 624 3021 Nos
643 2990 680 3021 de
695 3001 748 3029 eo,
765 2991 843 3030 quod
856 3001 905 3030 per
918 3003 970 3025 vos
983 2994 1012 3023 in
1025 2993 1171 3032 praemiffis
1187 2994 1228 3026 fa·

165 3027 246 3059 Ctum
261 3029 345 3060 fuerit
357 3030 391 3061 &
405 3029 569 3066 tractatum

200 3066 241 3098 Ita
264 3068 344 3106 quod
368 3066 452 3106 Nos,
470 3067 536 3098 inde
551 3068 707 3105 certiorati,
725 3067 837 3099 ulterius
851 3070 880 3098 in
893 3069 1055 3108 praemissis,
1072 3080 1142 3102 cum
1156 3071 1227 3102 deli-

164 3105 309 3136 beratione
330 3106 466 3144 provida,
484 3105 544 3135 fieri
566 3106 716 3144 faciamus,
734 3106 812 3144 quod
833 3108 915 3138 nobis
928 3109 961 3139 ὅτ,
975 3107 1113 3140 Concilio
1125 3111 1225 3142 nostro

162 3144 226 3174 fore
239 3144 379 3174 videbitur
392 3144 568 3175 faciendum:

201 3181 239 3212 Et
255 3182 321 3213 ideo
335 3183 416 3213 vobis
431 3182 594 3213 mandamus
609 3182 689 3221 quod
704 3193 772 3220 vos,
788 3183 833 3213 vel
845 3183 942 3221 aliquis
954 3185 1081 3216 vestrfim
1091 3211 1100 3224 ,
1117 3187 1152 3217 ad
1160 3187 1221 3218 Vil-

160 3220 217 3252 lam
230 3222 396 3258 praediitam
410 3222 567 3260 accedatis,
582 3222 627 3252 vel
641 3221 773 3259 accedat,
786 3223 838 3259 &,
854 3222 887 3251 ad
902 3231 1014 3253 certum
1029 3224 1220 3262 diem,quem

159 3269 227 3296 VOS,
248 3258 339 3298 Duo,
355 3259 400 3290 vel
423 3260 509 3290 Unus
528 3258 672 3296 vestrum,
690 3259 724 3289 ad
744 3259 802 3289 hoc
816 3260 1010 3298 provideritis,
1028 3262 1074 3292 vel
1089 3263 1221 3300 provide-

159 3299 210 3335 rit,
226 3298 368 3335 praemissa
380 3299 476 3328 omnia
491 3300 524 3329 &
537 3298 638 3336 singula
653 3298 758 3328 faciatis
771 3299 798 3327 in
811 3298 903 3329 forma
917 3299 1069 3338 praedicta,
1085 3311 1145 3331 non
1165 3303 1221 3331 ob-

161 3335 298 3366 stantibus
312 3336 447 3374 aliquibus
461 3337 661 3373 Libertatibus,
683 3335 856 3374 privilegiis,
874 3345 920 3366 aut
934 3337 1060 3367 Statutis:

197 3373 406 3405 Innotescentes
428 3374 547 3412 eisdem,
571 3373 766 3412 Cancellario,
791 3374 1041 3414 Procuratoribus,
1061 3375 1221 3416 Magistris,

159 3411 194 3442 &
214 3412 391 3451 Scolaribus,
409 3423 442 3444 ac
463 3413 519 3443 aliis
539 3414 674 3451 (quorum
697 3412 821 3449 interest)
845 3422 878 3443 ex
899 3421 976 3450 parte
992 3413 1103 3452 nostra,
1122 3415 1220 3453 quod,

159 3450 209 3480 nifi
223 3461 239 3480 a
251 3452 327 3482 malis
343 3451 504 3490 hujusmodi
518 3451 544 3480 se
559 3451 713 3488 retrahant,
729 3452 762 3482 ὃς
777 3451 987 3481 Reformationi
1005 3451 1220 3483 Diffenfionum

159 3489 194 3520 &
216 3488 429 3520 Discordiarum
453 3489 649 3527 praedictarum
669 3490 750 3519 citius
770 3489 923 3528 inclinent,
948 3490 1036 3528 ipsos,
1062 3492 1096 3521 &
1118 3501 1218 3522 eorum

159 3527 335 3566 quemlibet,
353 3528 442 3559 taliter
455 3529 545 3567 puniri
560 3528 594 3558 &
610 3526 737 3566 castigari
751 3527 900 3565 faciemus,
919 3528 998 3566 quod
1012 3538 1112 3558 eorum
1132 3528 1219 3559 Puni-

157 3565 200 3594 tio
213 3565 269 3595 aliis
284 3567 365 3597 cedet
380 3568 410 3596 in
425 3566 582 3596 Terrorem
596 3566 629 3596 &
647 3565 819 3604 Exemplum
841 3565 919 3596 Mala
939 3566 1100 3604 hujusmodi
1121 3567 1219 3598 futuris

158 3606 334 3639 temporibus
348 3605 531 3642 perpetrandi.

198 3640 397 3672 Mandavimus
417 3644 493 3672 enim
514 3641 706 3681 Cancellario,
729 3642 977 3680 procuratoribus,
1004 3641 1165 3681 Magistris,
1182 3644 1217 3675 &

160 3675 333 3718 Scoiaribus,
352 3680 543 3712 Univerfitatis
558 3681 715 3719 praedietae,
728 3680 808 3718 quod
822 3682 850 3711 in
865 3679 1009 3718 praemiffis
1022 3682 1121 3720 vobis,
1131 3681 1218 3713 Duo-

161 3714 212 3744 bus
221 3718 292 3781 ‚Ivel
308 3718 371 3761 Uni
385 3718 512 3787 veestrum
525 3719 661 3757 asfistant,
680 3727 809 3757 pareant,
823 3720 856 3751 ὃς
870 3718 1022 3750 intendant.

250 3764 268 3782 n
284 3765 359 3789 cuius
415 3767 454 3787 ἐ.

195 3788 286 3823 Teste
300 3781 379 3833 Rege
392 3794 465 3833 apud
477 3794 764 3827 Westmonasterium
773 3819 782 3833 ,
797 3796 934 3827 vicefimo
945 3795 991 3826 die
1002 3795 1182 3834 Septembris.

634 3873 687 3901 Per
699 3870 781 3911 ipficm
793 3875 888 3911 Regem
901 3869 941 3908 ό·
955 3872 1105 3904 Concilium.

621 112 1423 162 CONVENTIONES,

1492 111 1880 165 LITERAE,

2373 204 2450 236 Ann.
2460 205 2501 237 D.

1289 287 1338 318 De
1351 284 1509 318 tratiando
1525 296 1593 318 cum
1610 286 1759 319 Guitardo
1778 285 1814 318 de
1829 286 1861 318 la
1877 288 1946 319 Bret
1956 312 1966 329 ‚
1983 286 2076 332 fitper
2092 299 2180 320 mora
2194 289 2257 333 sica
2281 302 2352 325 cum
2369 253 2445 314 E‘11233
2449 251 2481 323 ζ

1782 337 1872 382 Rege.

1290 418 1588 489 ΚΕὶὲςΞίιέηίξὲἓ,
1595 420 1741 490 Iadogquos,
1757 421 1818 452 &c-
1834 419 1969 451 Salutem.
2363 443 2416 468 An·
2437 440 2466 470 8.

1324 495 1374 540 De
1395 468 1524 540 fidelitaffe
1543 498 1660 537 probata
1671 483 1716 530 ’ὃς
1731 496 1993 542 Δ(ῑίιτζιιῑῑ]ἱ“ρε<ἶῒί()ηεῑ
2011 496 2349 542 ριόνὶἀα,.Ι)ἰ1εᾶοιύι-η
2364 481 2431 553 &fg
2438 500 2479 544 'g-

1287 533 1321 563 &
1335 534 1474 565 Fidehum
1486 535 1668 575 nostrorum,
1687 537 1797 567 Oliveri
1810 535 1846 566 de
1861 535 1998 579 Ingharn,
2016 535 2162 580 Senescalli
2178 538 2269 568 nostri
2291 539 2349 570 Va·
2365 558 2384 581 E

1285 571 1407 611 sconiae,
1425 573 1602 617 &johannis
1615 575 1757 614 Travers,
1775 574 1983 605 Constabularii
1995 574 2084 605 nostri
2094 574 2351 615 Burdegaliae,ple-
2367 576 2392 620 3⁸
2407 565 2420 592 3
2427 576 2433 582 “
2446 565 2482 584 m'

1286 620 1352 641 nam
1368 611 1502 642 fiduciam
1518 621 1707 652 reportantes,
2385 615 2392 622 '

1324 649 1371 680 Ad
1397 650 1592 689 tractandum,
1611 662 1663 689 pro
1686 652 1786 683 Nobis
1807 652 1841 683 &
1859 651 1958 681 nostro
1981 652 2116 690 nomine,
2134 663 2221 691 cum,
2244 653 2352 686 Nobili

1285 686 1373 733 Viro,
1391 688 1533 733 Guitardo
1546 689 1581 719 de
1590 689 1620 733 *la
1636 690 1717 729 Bret,
1735 691 1916 721 Vicecomite
1931 690 2036 734 Tartas.
2055 691 2114 720 tam
2126 691 2207 731 super
2222 691 2351 724 Confoe-

1284 726 1445 766 deratione,
1465 727 1631 766 Alligantia,
1646 738 1679 759 ac
1693 728 1783 759 Mora
1796 729 1859 766 sua,
1877 729 2042 767 nobiscum,
2060 728 2093 758 ad
2108 731 2264 761 terminum
2283 733 2351 764 vitae

1283 765 1355 803 suae,
1371 766 1417 796 vel
1432 767 1586 796 Annorum
1596 789 1606 805 ,
1624 767 1771 806 facienda,
1790 768 1823 798 &
1837 768 1873 797 de
1886 776 1964 798 certo
1985 767 2008 797 F
2010 767 2103 806 eodo,
2119 768 2166 799 seu
2186 769 2352 810 Stipendio,

1283 802 1334 833 fibi
1349 805 1378 848 in
1392 804 1444 834 hac
1459 812 1536 849 parte
1550 804 1751 849 constituendo
1761 829 1770 843 ,
1785 806 1870 843 quam
1882 806 1961 844 super
1976 806 2129 850 Amicabili
2153 806 2351 853 Compositio-

1282 842 2164 923 ’ῧέηξὲἓὲἓῗᾶξέἑῃῇῖἲῗᾏῖἳέῗῑῗῗώζὲἕῗἓέὲῗέἓςὲῐὲῗὲῗ
2175 846 2349 918 Εὲῑῗιὲἓιέῗ

1282 927 1406 988 Ρεῗζῖιᾌ
1421 967 1452 988 ea
1461 980 1471 995 ,
1488 967 1552 997 quae
1566 958 1604 989 fic
1618 959 1732 990 uastata
1745 958 1864 997 fuerint,
1879 960 1965 990 nobis
1979 960 2087 997 plenius
2104 962 2283 994 referendum
2292 987 2303 1002 ,

1320 995 1671 1066 Plffnam'vobiggctenore
1686 997 1883 1037 praesentium,
1900 998 2088 1032 concedimus
2098 1001 2269 1032 facultatem.

1279 1119 1291 1143 t
1319 1044 1506 1143 Ἱξί-ἳεςίῐὲἓὲἒ
1518 1060 1592 1112 apud
1607 1072 1896 1106 Westmonasterium
1905 1097 1915 1113 ,
1930 1075 2068 1108 vicefimo
2081 1077 2204 1110 secundo
2219 1078 2265 1110 die
2276 1078 2347 1118 Sep-

1292 1121 1338 1143 em
1360 1123 1405 1143 ris.

1341 1239 1391 1271 De
1407 1239 1561 1271 Comitatu
1577 1241 1718 1281 Pontivi,
1743 1236 1871 1334 Ifhheff
1890 1240 1999 1271 Matri
2016 1241 2104 1286 Regis
2119 1239 2164 1273 ad
2180 1244 2291 1275 Vitam

1753 1299 1836 1319 conf?
1856 1300 1880 1322 0.

1280 1369 1500 1431 EDwardus,
1520 1371 1579 1403 Dei
1602 1373 1705 1412 gratia,
1721 1372 1787 1403 Rex
1809 1371 1942 1411 Angliae,
1958 1371 2107 1404 Dominus
2120 1373 2288 1412 Hiberniae,
2305 1375 2340 1406 &
2355 1373 2432 1404 Ann.
2449 1373 2491 1405 D.

1359 1409 1430 1440 Dux
1448 1412 1625 1450 Aquitaniae,
1644 1411 1806 1449 Omnibus,
1822 1410 1857 1441 ad
1873 1421 1946 1450 quos
1959 1411 2106 1450 praesentes
2122 1412 2229 1445 Literae
2242 1423 2340 1452 perve-
2375 1422 2460 1453 1334.

1278 1449 1388 1488 nerint,
1407 1449 1540 1480 Salutem.
2357 1455 2410 1480 An.
2426 1453 2455 1480 8.

1316 1486 1411 1518 Sciatis
1427 1489 1505 1526 quod
1522 1499 1592 1528 nos,
2359 1494 2388 1518 E.
2411 1501 2437 1528 3.

1317 1524 1458 1556 Debitum
1475 1527 1616 1566 Praecepti
1629 1527 1796 1566 Dominici,
1814 1536 1874 1566 quo
1889 1527 1950 1558 Filii
1963 1535 2094 1560 tenentur
2107 1529 2228 1560 revereri
2241 1527 2347 1560 Paren—
2360 1531 2400 1556 Ex
2417 1532 2477 1558 Au-

1279 1571 1337 1602 teS,
1356 1566 1514 1596 intentione
1527 1568 1571 1605 pia
1587 1566 1744 1604 pensantes,
1761 1576 1877 1596 necnon
1892 1566 2065 1598 Devotionis
2080 1568 2099 1587 ²*
2116 1568 2216 1599 Filialis
2228 1569 2346 1606 gratitu-
2359 1574 2423 1604 togr.

1279 1602 1375 1633 dinem
1390 1604 1418 1633 in
1431 1603 1534 1635 debitae
1548 1605 1776 1636 considerationis
1792 1606 1919 1635 examine
1933 1605 2107 1637 reducentes.
2359 1609 2432 1633 Penes
2440 1611 2494 1636 Ca-

1317 1641 1362 1672 Ac
1383 1643 1503 1679 proinde
1524 1645 1652 1674 volentes
1669 1643 1806 1681 Isabellae,
1826 1643 1951 1681 Reginae
1972 1644 2082 1683 Angliae
2100 1667 2110 1683 ,
2128 1643 2216 1676 Matri
2237 1644 2342 1676 nostrae
2360 1653 2421 1674 mer.

1280 1680 1445 1719 cariffimae,
1463 1681 1600 1713 Honores
1614 1683 1647 1713 δε
1663 1680 1832 1713 Commoda
1847 1683 2003 1720 provehere
2016 1684 2050 1714 ὅ(
2070 1683 2257 1714 Incrementis
2271 1694 2345 1715 con-
2358 1681 2378 1701 *⁵
2396 1684 2450 1713 IV.

1279 1720 1353 1786 i<gruis
1375 1719 1505 1764 dilatare,
1525 1729 1556 1752 ut
1577 1722 1649 1759 juxta
1664 1720 1754 1752 Status
1768 1721 1807 1751 sui
1821 1720 1994 1752 Decentiam
2007 1721 2244 1753 honorificentius
2257 1723 2283 1753 se
2295 1733 2345 1755 va-
2359 1722 2427 1757 ⁶24·

1290 1765 1331 1786 eat
1348 1768 1498 1789 continere

1317 1782 1550 1830 Restituimus’&
1564 1797 1790 1836 reddidimus,ac
1805 1807 1858 1835 pro
1870 1797 1986 1837 Nobis,
1995 1800 2028 1830 &
2041 1798 2212 1830 Haeredibus
2226 1798 2347 1839 nostris,

1279 1834 1470 1865 concessimus
1488 1837 1582 1867 eidem
1606 1836 1692 1867 Matri
1714 1836 1819 1867 nostrae
1844 1835 2023 1867 Comitaturn
2043 1838 2076 1868 &
2106 1845 2199 1868 totam
2220 1837 2345 1869 Terram

1279 1872 1405 1903 nostram
1422 1873 1537 1906 Pontivi
1550 1877 1583 1906 &
1601 1875 1805 1913 Montistrolli,
1823 1885 1891 1905 curn
1908 1875 2100 1914 Pertinentiis,

1316 1911 1526 1943 HABENDA
1547 1922 1597 1943 ET
1617 1913 1829 1944 TENENDA
1854 1914 1946 1944 eidem
1962 1913 2050 1945 Matri
2063 1912 2188 1952 nostrae,
2205 1915 2260 1945 una
2275 1923 2345 1945 cum

1279 1948 1489 1982 Collationibus
1502 1951 1725 1982 Praebendarum
1739 1953 1769 1982 in
1781 1952 1908 1982 Ecclesia
1919 1952 2013 1982 santii
2027 1952 2183 1983 Wilfranni
2195 1952 2231 1982 de
2244 1953 2344 1984 Abbe-

1277 1988 1381 2027 vill,in
1397 1990 1501 2020 eodem
1517 1989 1665 2021 Comitatu
1679 1991 1711 2021 &
1725 1990 1782 2020 aliis
1797 1990 1936 2020 Proficuis
1950 1991 2238 2028 quibuscumque,ad
2249 1999 2341 2022 totam

1277 2026 1373 2057 Vitam
1389 2028 1484 2067 suam,
1503 2028 1584 2059 fimul
1609 2039 1676 2059 curn
1701 2028 1824 2066 Castris,
1844 2028 1956 2067 BurgiS,
1976 2028 2072 2066 Villis,
2092 2028 2246 2066 Maneriis‚
2265 2029 2341 2060 Ter-

1276 2065 1327 2103 ris,
1347 2065 1551 2106 Tenementis,
1569 2067 1602 2098 &
1614 2068 1671 2097 aliis
1687 2067 1757 2098 locis
1771 2067 2014 2105 quibuscumque,
2030 2066 2102 2097 adeo
2114 2066 2196 2105 plene
2216 2067 2250 2098 &
2272 2068 2344 2098 inte-

1296 2106 1341 2142 τὲ,
1360 2104 1429 2137 ficut
1443 2106 1541 2136 eadem
1556 2104 1652 2137 Mater
1670 2105 1781 2143 nostra,
1801 2115 1926 2143 unquam
1940 2115 1970 2135 ea
1986 2106 2061 2144 prius
2082 2106 2188 2143 tenuit,
2205 2104 2340 2136 sustinen-

1275 2113 1316 2212 ΞΟ
1330 2144 1523 2188 onera,dit{tis
1537 2144 1697 2176 Comitatui
1713 2146 1747 2176 ὃς
1762 2144 1864 2175 Terrae
1878 2143 1991 2175 Pontivi
2005 2144 2039 2175 &
2048 2143 2216 2174 Monstrolli
2226 2144 2340 2176 incum-

1298 2190 1383 2213 entia:

1314 2220 1458 2253 Nolentes
1473 2223 1553 2262 quod
1568 2222 1700 2261 praeditsta
1714 2221 1808 2252 Mater
1824 2221 1936 2260 nostra,
1954 2221 1974 2252 fi
1989 2222 2074 2262 ipsam
2093 2231 2145 2252 nos
2163 2221 2342 2259 supervivere

1275 2262 1437 2300 contingat,
1453 2271 1502 2300 per
1524 2261 1661 2292 Haeredes
1684 2261 1815 2299 nostros,
1831 2261 1876 2292 vel
1899 2271 2000 2291 eorum
2021 2259 2339 2304 Ministroanuoscum-

1275 2309 1349 2368 ἕως,
1367 2300 1433 2330 inde
1446 2309 1628 2339 amoveatur,
1645 2300 1692 2331 seu
1705 2300 1768 2330 alias
1784 2300 1970 2338 inquietetur,
1989 2298 2154 2329 molestetur
2176 2309 2205 2328 iti
2227 2299 2339 2337 aliquo,

1286 2348 1320 2368 eu
1356 2347 1481 2370 ravetur·

1313 2347 1354 2407 131
1368 2385 1463 2408 tamen
1474 2363 1558 2416 ³quod
1567 2402 1575 2416 ,
1596 2376 1661 2416 post
1674 2376 1804 2407 Mortem
1817 2376 1940 2415 praefatae
1955 2375 2056 2407 Matris
2068 2375 2190 2414 nostrae,
2209 2375 2339 2412 praedieti

1275 2414 1437 2446 Comitatus
1452 2417 1485 2446 &
1502 2415 1617 2454 Terrae,
1636 2426 1704 2447 cum
1722 2415 1915 2454 Pertinentiis,
1933 2426 1965 2446 ac
1980 2415 2190 2446 Collationibus
2201 2413 2339 2443 Praeben-

1273 2453 1391 2497 darum,
1409 2455 1442 2486 ὃ(
1460 2454 1517 2484 aliis
1533 2454 1671 2485 Proficuis
1685 2454 1844 2493 praediffis,
1863 2455 1898 2485 ad
1914 2454 1998 2493 Nos,
2016 2454 2050 2484 δε
2064 2452 2202 2482 Haeredes
2221 2450 2336 2481 nostros

1272 2495 1380 2530 integre
1392 2501 1574 2524 revertantur.

1311 2530 1346 2561 In
1366 2531 1444 2570 cujus
1465 2533 1505 2562 rei
1526 2530 1743 2562 Testimonium
1765 2531 1813 2561 has
1830 2531 1936 2562 Literas
1948 2528 2056 2560 nostras
2070 2527 2131 2558 fieri
2144 2527 2264 2558 fecimus
2278 2526 2333 2558 Pa-

1272 2577 1407 2638 ten'tfiszl'te
1434 2609 1490 2638 mei
1512 2607 1542 2638 so
1567 2606 1640 2645 apud
1660 2605 1952 2637 westmonasterium
1968 2628 1977 2644 ,
2009 2603 2148 2636 vicesimo
2168 2611 2269 2643 quarto
2287 2603 2333 2635 die

1271 2645 1461 2685 Septembris,
1508 2655 1568 2677 nno
1587 2645 1682 2684 Regni
1701 2644 1791 2675 nostri
1811 2643 1938 2676 Oetavo.

1925 2722 1979 2750 Per
1997 2719 2080 2759 ipsum
2097 2722 2202 2758 Regem.

1289 2840 1293 2845 .
1312 2798 1367 2829 Sub
1393 2798 1482 2837 sigillo
1507 2800 1611 2837 Magno
1635 2798 1746 2838 viridi,
1770 2809 1790 2828 a
1806 2796 1867 2839 filis
1885 2796 1979 2837 stricis
1997 2796 2072 2828 rubei
2096 2794 2244 2836 viridisque
2266 2795 2332 2827 colo-

1268 2848 1314 2867 715.

1265 2963 1427 2996 Tratlatus
1442 2964 1643 2996 Matrimonii
1657 2988 1668 3003 ‚
1693 2964 1770 2994 inter
1791 2963 1936 2993 Comitem
1957 2957 2108 2993 cornubia
2125 2961 2161 2997 &¹
2177 2961 2328 2993 Mariam

1570 3009 1607 3043 de
1624 3010 1796 3056 Hispania,
1823 3009 2026 3055 Confirmatio.

1263 3098 1395 3156 REX
1414 3097 1563 3143 Oninibus,
1577 3097 1623 3142 ‘ad
1633 3106 1712 3137 quos,
1731 3093 1791 3129 &c.
1810 3093 1941 3139 Salutem.
1965 3133 1969 3138 .
2072 3132 2076 3138 .
2124 3131 2129 3137 ι
2230 3132 2235 3138 ι

1357 3134 1521 3174 Inspeximus
1543 3139 1670 3166 Litteras
1691 3136 1820 3163 Patentes
1835 3155 1844 3171 ,
1865 3131 1968 3161 Dileffi
1991 3127 2029 3165 (ὃν
2044 3126 2143 3159 Fidelis
2154 3128 2251 3169 nostri,
2268 3128 2326 3169 Jo-
2345 3131 2473 3164 AmLD,

1262 3173 1362 3204 hannis
1375 3178 1484 3205 Comitis
1498 3173 1657 3212 Comubiae,
1675 3175 1784 3202 Fratris
1798 3170 1880 3211 nostri
1894 3168 2034 3209 cariffimi,
2052 3171 2083 3198 in
2093 3167 2150 3199 haec
2165 3168 2254 3198 verba
2261 3174 2279 3208 ,'
2340 3181 2451 3241 A13384,

2367 3221 2382 3238 n
2431 3233 2438 3240 ι

1340 3249 1467 3280 Niverfis
1480 3248 1590 3280 Christi
1602 3247 1761 3285 Fidelibus,
1778 3244 1924 3289 praesentes
1940 3245 2060 3276 Litteras
2072 3244 2258 3289 Inspecturis,
2269 3244 2323 3284 Jo-
2339 3253 2370 3276 Ε.
2391 3258 2418 3286 3.

1350 3289 1471 3324 hannes,
1489 3287 1605 3318 Illustris
1622 3286 1710 3325 Regis
1725 3285 1834 3326 Angliae
1848 3284 1933 3315 Filius
1946 3309 1956 3323 ,
1971 3284 2082 3315 Comes
2095 3284 2270 3321 Cornubiae,
2287 3283 2320 3314 &
2339 3291 2399 3315 ΡΜ.
2418 3286 2447 3316 8.

1263 3325 1426 3356 Germanus
1445 3326 1534 3366 Regis
1555 3324 1671 3364 Angliae
1694 3333 1772 3356 nunc
1792 3323 1951 3362 Regnantis
1965 3348 1976 3363 ,
1990 3322 2117 3354 Salutem
2130 3324 2160 3353 in
2174 3321 2320 3353 Omnium
2340 3329 2474 3362 E-3.p.2.'

1258 3363 1411 3394 Salvatore.
2343 3372 2381 3392 m.
2389 3365 2434 3392 26.

1298 3402 1334 3432 N
1335 3403 1451 3433 overitis
1463 3403 1544 3442 quod
1553 3427 1562 3443 ,
2156 3437 2162 3444 ⁸
2316 3434 2320 3437 ,

1298 3439 1378 3471 Cum
1394 3442 1481 3479 inter,
1501 3441 1644 3473 Nobilem
1654 3440 1817 3472 Dominam
1831 3440 1864 3472 &
1880 3437 2053 3477 Potentem,
2068 3436 2229 3482 Dominam
2236 3434 2321 3479 Blan-

1259 3478 1371 3517 chiam,
1390 3478 1572 3511 Comitiffam
1596 3480 1743 3511 Sabaudiae
1758 3502 1767 3517 ,
1784 3488 1818 3509 ex
1832 3486 1910 3516 parte
1923 3478 1997 3515 una,
2016 3477 2049 3508 &
2062 3476 2227 3507 Dominum
2240 3473 2320 3503 Wil-

1257 3517 1385 3548 lielmum
1398 3518 1512 3549 Truffel
1529 3519 1674 3557 Militem,
1694 3516 1866 3557 Magistrum
1881 3515 2059 3547 Richardum
2071 3514 2108 3544 de
2120 3511 2322 3552 Bynteworth,

1259 3554 1426 3587 Dominum
1446 3557 1640 3589 Willielmum
1660 3557 1697 3587 de
1717 3555 1853 3586 Cusantia
1865 3579 1875 3594 ,
1893 3556 1927 3586 &
1939 3554 2084 3591 Jacobum
2097 3550 2133 3594 de
2147 3549 2234 3593 Luk,
2247 3548 2321 3579 Pro-

1259 3603 1401 3626 curatores
1415 3596 1449 3626 &
1464 3595 1602 3627 Nuncios
1616 3595 1740 3626 Domini
1754 3594 1788 3625 &
1802 3594 1903 3624 Fratris
1922 3590 2133 3634 notun—Regis
2147 3587 2261 3625 Angliae
2275 3587 2319 3617 su-

1258 3632 1389 3671 pradieti,
1407 3643 1439 3664 ac
1454 3633 1583 3673 nostros,
1601 3644 1636 3664 ex
1650 3632 1752 3669 altera,
1770 3632 1806 3663 de
1814 3631 2003 3674 Matrimonia
2012 3635 2102 3667 ,inter
2117 3625 2188 3656 Nos
2198 3626 2230 3656 &
2245 3624 2319 3669 No-

1257 3671 1343 3702 bilem
1364 3671 1558 3702 Domicellam
1582 3672 1706 3702 Mariam
1728 3670 1763 3701 de
1783 3669 1906 3708 Ispania,
1922 3668 2038 3703 Filiam,
2053 3665 2140 3695 bonae
2153 3672 2318 3703 memoriae,

1256 3709 1425 3740 Ferdinandi
1438 3710 1473 3741 de
1488 3709 1610 3750 Ispania,
1629 3710 1752 3741 Domini
1765 3708 1801 3739 de
1813 3709 1902 3745 Lara,
1919 3702 2135 3749 contrahendo,
2150 3701 2182 3745 sit
2196 3700 2318 3746 Tractat-

1257 3757 1319 3778 tum
1333 3771 1343 3786 ,
1370 3748 1403 3779 &
1426 3749 1458 3778 in
1475 3749 1617 3786 praesentia
1632 3771 1641 3785 ,
1667 3747 1839 3778 Serenisfimi
1854 3746 1993 3787 Principis
2007 3764 2017 3780 ,
2035 3741 2161 3783 Domini
2173 3738 2313 3784 Philippi,

1255 3785 1314 3816 Dei
1330 3786 1432 3825 gratia,
1450 3786 1556 3826 Regis,
1574 3788 1607 3819 ὃς
1623 3785 1871 3817 Excellentiffimae
1885 3783 2024 3826 Reginae,
2036 3779 2178 3815 Franciae,
2197 3777 2229 3809 &
2245 3779 2315 3809 alio-

1254 3834 1319 3855 rum
1332 3825 1368 3855 de
1381 3826 1431 3855 suo
1445 3824 1597 3864 Concilio,
1616 3827 1644 3855 in
1659 3824 1754 3855 forma
1787 3833 1831 3854 uae
1845 3822 1968 3864 sequitur
1982 3815 2221 3863 Concordaturri3
2236 3856 2241 3861 ¹

1291 3865 1442 3901 Imprimis,
1460 3864 1542 3902 quod
1556 3874 1609 3894 nos
1624 3864 1730 3894 dieram
1784 3862 1868 3891 ariam
1883 3866 2022 3896 capiamus
2033 3877 2042 3893 ,
2061 3855 2082 3884 fi
2094 3854 2170 3885 lieite
2184 3856 2243 3899 fieri
2257 3865 2312 3900 po-

1252 3902 1333 3939 terit,
1351 3903 1381 3931 in
1394 3901 1547 3933 Uxorem:
1569 3903 1602 3933 &
1614 3926 1624 3940 ,
1650 3902 1670 3932 si
1689 3900 1772 3931 subfir
1785 3897 2023 3940 impedimentum
2037 3891 2310 3938 Consanguinitatis,

1251 3940 1297 3970 vel
1310 3940 1401 3978 aliud,
1419 3940 1490 3971 dieti
1510 3941 1624 3979 Reges,
1642 3939 1769 3970 Franciae
1789 3937 1821 3968 &
1839 3934 1948 3976 Angllae
1982 3931 2253 3976 Dispenntioneni,
2265 3932 2309 3962 su·

1251 3987 1300 4015 per
1322 3977 1379 4008 hoc
1394 4003 1403 4017 ,
1426 3989 1477 4017 per
1495 3978 1663 4010 Dominum
1680 3977 1835 4009 Summum
1853 3972 1918 4004 Pon
1960 3979 2026 4002 cem
2039 3969 2116 4009 fieri,
2133 3980 2188 4009 pro
2203 3970 2311 4003 viribus

1249 4016 1449 4054 procurabunt.

2221 4049 2308 4084 Bm,
