2562 4279
144 168 226 207 166

0 244 127 314 Ana-g).

0 294 123 354 ἐξὲξ
143 339 193 371 De
213 328 395 369 Hominibus
413 333 450 362 V
448 329 500 361 illae
517 327 553 361 de
571 326 789 370 Marmanda,
807 337 927 374 propter
951 326 1066 360 diHam
1092 326 1202 359 villam

346 378 471 411 Gallicis
479 375 605 422 subdole
622 374 793 418 redditam,
818 374 1010 419 arrstandis.

2 477 57 503 An.
72 482 117 500 20.
153 463 301 520 REX,
327 462 449 500 Majori‚
471 461 505 492 &
519 461 647 500 Ballivis‚
663 460 748 492 Villae
762 461 817 492 suae
828 460 988 499 Bristolliae,
1011 460 1145 492 Salutem.

4 517 37 540 Ε,
58 521 84 538 2,
267 503 345 541 Qia
359 501 424 530 Rex
443 500 568 531 Franciae
594 510 722 540 guerram
735 509 834 531 contra
857 509 909 530 nos
928 501 1022 531 movit
1037 523 1046 539 ,
1072 500 1208 530 Uxorem

2 552 58 578 Fin-
80 558 124 577 20,
151 540 276 572 nostram
289 542 319 571 in
333 539 362 569 R
418 549 438 569 0
456 538 506 569 suo
524 540 696 579 receptando
708 561 718 577 ,
744 538 917 569 Edwardum
933 561 942 577 ,
967 538 1058 569 filium
1078 537 1209 568 nostrum

149 579 370 619 primogenitum
402 587 472 616 quos
487 587 591 618 nuper,
606 577 655 607 sub
669 576 840 607 confidentia
854 577 981 615 Amoris,
997 577 1033 607 ad
1048 577 1137 616 ipsum
1153 577 1210 605 mi-

148 617 247 654 fimus)
264 626 363 647 contra
376 618 550 646 voluntatem
565 615 690 646 nostram
704 615 873 646 detinendo:
892 625 926 645 ac
941 614 1077 645 Inimicos
1092 615 1126 644 ὃς
1149 614 1211 644 Re-

148 655 232 686 bellec
248 655 360 685 nostros
375 654 502 684 fovendo
512 655 545 685 ὃς
560 653 750 684 confortando
765 664 771 683 :
799 655 833 685 &
854 663 921 684 cum
944 655 1052 693 magnis
1074 652 1212 683 Exerciti-

147 694 201 724 bus
216 694 362 724 Ducatum
374 692 521 723 Vasconiae
534 693 700 731 equitando:
720 692 824 732 nosque
846 692 880 722 &
899 692 992 722 fideles
1015 691 1128 722 nostros
1148 691 1211 720 alias

153 733 342 772 multipliciter
358 730 395 762 de
409 730 519 762 Guerra
531 730 674 771 gravando
687 730 745 761 tarn
760 740 808 769 per
824 731 962 768 Terram,
976 731 1063 770 qu‘am
1075 739 1123 767 per
1144 729 1211 759 Ma-

152 780 196 802 re:

192 809 238 840 Ac
253 810 339 840 etiam
353 818 405 847 pro
412 818 447 839 eo
454 809 535 847 quod
547 807 689 839 Homines
695 807 779 838 Villae
795 807 831 838 de
840 806 1009 838 Marmandi
1018 814 1117 836 contra
1124 816 1174 836 nos
1182 807 1211 836 in

151 847 353 878 Rebellionern
370 856 603 888 prorumperunt,
620 847 653 877 &
667 846 773 876 dietam
787 846 891 876 Villam
905 845 941 875 de
962 844 1131 874 Marmanda
1144 854 1212 884 gen-

150 887 247 917 tibusi
270 887 319 916 fius
333 884 420 926 Regis
435 886 579 925 Franciae,
598 884 745 915 Ducatum
762 884 929 921 praediuum
950 893 1039 921 nuper
1059 883 1213 912 invadenti-

150 925 221 964 bus,
249 923 354 956 ubdole
368 923 569 963 reddiderunt,
593 924 668 954 illam
687 922 779 953 adhuc
800 931 898 954 contra
919 931 971 952 nos
990 921 1125 953 hostiliter
1143 921 1214 952 deti-

148 965 259 994 nendo:

189 1001 280 1033 Vobis
293 1002 490 1043 praecipimuS,
509 1000 626 1031 firmiter
640 1001 838 1038 injungentes,
859 998 940 1038 quod
962 1008 1062 1030 omnes
1083 998 1213 1028 homines

150 1040 188 1071 de
202 1040 348 1072 Dominio
359 1042 391 1071 &
406 1040 544 1070 Potestate
559 1039 628 1070 dicti
643 1039 732 1079 Regis
746 1039 872 1069 Franciae
887 1039 1025 1077 (exceptis
1046 1036 1192 1076 Religiosis
1202 1059 1212 1074 ,

152 1081 188 1111 δε
202 1079 426 1117 Flandrenfibus,
444 1078 605 1109 durantibus
618 1078 756 1117 Treugis,
774 1078 846 1108 inter
862 1086 914 1106 nos
926 1078 959 1107 &
972 1077 1043 1113 ipsos
1058 1075 1210 1106 Flandren-

153 1118 225 1148 sibus
239 1119 327 1154 initis)
347 1118 380 1148 ὃς
395 1117 550 1147 Arnaldum
561 1116 707 1156 Jougelar,
726 1116 759 1146 ὃς
772 1114 897 1146 vitalem
911 1115 947 1144 de
969 1115 1076 1158 Vilars,
1096 1113 1212 1160 Merca:

154 1165 227 1187 tores
241 1156 277 1186 de
293 1155 480 1193 Marmandfi,
497 1165 611 1185 necnon
629 1165 728 1185 ornnes
748 1154 813 1184 alios
835 1154 965 1183 homines
985 1154 1020 1183 de
1038 1153 1116 1183 dicta
1136 1152 1212 1182 Villa

153 1195 190 1224 de
205 1193 393 1231 Marmanda,
410 1193 480 1224 infra
494 1193 629 1224 Ballivam
644 1193 764 1223 vestram
777 1193 904 1221 inventos
919 1214 929 1229 ,
954 1192 986 1222 δε
1009 1201 1079 1229 quos
1101 1199 1214 1234 exnunc

154 1234 276 1263 inveniri
288 1233 454 1271 contigerit,
473 1233 525 1262 una
541 1241 608 1262 cum
626 1231 760 1261 Navibus
775 1254 785 1268 ,
804 1229 888 1272 Bonis
901 1252 910 1266 ,
929 1230 962 1260 &
979 1231 1061 1260 rebus
1081 1229 1132 1259 suis
1153 1239 1215 1267 qui-

155 1271 349 1309 buscumque,
364 1273 420 1300 tine
433 1270 582 1308 dilatione,
600 1269 726 1307 arestari,
742 1270 774 1299 &
791 1269 859 1306 ipsos
871 1268 948 1298 salvo
970 1268 1003 1297 &
1026 1267 1163 1304 honeste,
1181 1276 1214 1297 ac

157 1309 276 1348 Naves,
295 1309 390 1347 Bona,
407 1309 440 1340 ὅ(
457 1318 499 1338 res
513 1308 575 1347 sua,
592 1307 644 1338 abs
658 1317 693 1338 ue
715 1306 916 1344 distractione,
941 1306 1075 1336 custodiri
1096 1306 1216 1343 faciatis,

154 1348 249 1378 donec
263 1347 337 1378 aliud
351 1347 416 1377 inde
432 1347 593 1377 duxerimus
605 1357 638 1376 or
659 1344 802 1376 inandum.

197 1386 235 1417 Et
247 1387 282 1416 de
296 1385 474 1416 Nominibus
486 1385 618 1423 illorum,
641 1395 710 1424 quos
732 1384 771 1413 fic
791 1382 970 1413 arestaveritis
983 1405 994 1420 ,
1011 1391 1043 1412 ac
1062 1382 1098 1413 de
1119 1381 1215 1413 Navi-

157 1424 228 1463 bus,
249 1425 332 1455 Bonis
347 1424 380 1454 ὅ(
394 1424 476 1453 rebus
489 1423 555 1461 suis,
581 1424 613 1454 ὃς
635 1423 729 1453 valore
750 1421 918 1452 eorumdem
934 1444 943 1458 ,
961 1429 1077 1451 necnon
1099 1420 1134 1450 de
1153 1429 1217 1451 toto

158 1463 237 1494 facto
249 1461 361 1499 vestro,
380 1463 408 1492 in
422 1461 475 1491 hac
490 1469 583 1499 parte,
603 1471 655 1492 nos
670 1461 800 1498 reddatis,
813 1459 862 1490 sub
877 1459 978 1499 Sigillis
990 1459 1098 1497 vestris,
1116 1459 1216 1490 distin-

158 1502 207 1532 cte
221 1502 254 1532 ὅ(
268 1503 378 1538 aperte,
397 1499 432 1530 de
445 1508 573 1537 ternpore
587 1500 617 1529 in
629 1509 758 1538 tempus,
775 1499 924 1536 certiores3
938 1499 972 1529 &
984 1498 1041 1528 hoc
1061 1497 1218 1529 nullatenus

157 1548 302 1571 omittatis.

156 1576 158 1578 ’
196 1575 285 1609 Teste
296 1576 376 1617 Rege
389 1575 463 1614 apud
477 1575 680 1615 Porcestriam,
697 1577 804 1608 octavo
817 1574 862 1606 die
879 1574 1058 1615 Septembris.

2 592 34 616 Ε.
48 597 73 614 2.

4 634 40 655 m.
55 624 85 652 8.

252 1705 345 1749 Super
364 1701 489 1735 Gallicis
510 1701 652 1744 unive7fis
673 1699 939 1746 indiscriminatim
956 1698 1130 1743 arestandis.

16 1800 92 1831 Anu,
106 1797 147 1829 D·
163 1788 292 1856 REX
311 1787 485 1819 Vicecomiti
501 1787 648 1825 Eborum,
667 1785 803 1817 Salutem.

36 1838 122 1868 1-26,
284 1828 367 1858 Licet
382 1837 420 1856 nu
442 1836 481 1864 er,
609 1864 614 1869 ¹
1095 1864 1101 1869 .

15 1859 70 1906 An?
104 1886 150 1904 20,
202 1865 311 1898 Proeo
330 1865 409 1904 quod
461 1873 493 1895 ex
515 1863 642 1894 Franciae
665 1863 807 1894 Guerram
829 1869 928 1895 contra
951 1872 1003 1894 nos
1023 1871 1132 1903 movu,
1158 1863 1219 1899 ἀνι.

16 1920 47 1944 E.
67 1924 93 1943 2,
158 1913 240 1946 prout
248 1904 333 1944 ficpra
347 1903 424 1943 usque
437 1902 493 1933 haec
507 1902 612 1940 verba,
630 1905 691 1932 viz'.
710 1912 805 1933 necon
820 1902 980 1940 Homines,
998 1901 1034 1932 de
1047 1902 1158 1940 Regno
1170 1913 1225 1933 no-

51 1952 115 1983 ma,
165 1944 225 1975 stro
237 1941 388 1979 oriundos,
405 1941 477 1972 infra
489 1941 537 1971 Re
560 1951 629 1972 num
645 1940 725 1972 suum
738 1942 868 1972 inventos
883 1964 894 1980 ,
912 1951 980 1972 cum
1000 1940 1086 1972 Bonis
1106 1964 1116 1980 ,
1134 1941 1167 1972 &
1182 1952 1224 1972 re-

166 1983 218 2013 bus
232 1982 299 2019 suis,
316 1979 426 2011 arestari
441 1980 532 2011 facien
552 1990 572 2009 o

199 2020 271 2050 Tibi
283 2019 500 2058 praecepen'mus
511 2002 591 2058 quod
601 2027 700 2049 omnes
711 2017 873 2055 Homines,
890 2016 926 2047 de
941 2016 1084 2060 Potestate
1104 2018 1138 2049 &
1158 2018 1225 2049 Do-

162 2059 253 2090 minio
267 2057 336 2089 diffl
352 2058 443 2095 Regis
456 2057 600 2096 Franciae,
617 2057 690 2087 infra
704 2056 835 2087 Ballivam
848 2065 941 2093 tuam,
958 2056 1017 2086 tam
1033 2056 1103 2086 infra
1125 2056 1224 2088 Liber-

161 2106 246 2137 tates,
263 2099 348 2136 quam
361 2104 451 2134 extra,
468 2097 614 2133 inventos,
632 2096 677 2126 seu
690 2105 762 2134 quos
777 2102 880 2126 extunc
893 2095 1016 2125 inveniri
1028 2096 1225 2135 contingeret,

162 2137 219 2168 una
238 2145 305 2166 cum
318 2134 466 2172 Navibus,
484 2133 587 2172 Bonis,
606 2135 639 2164 &
653 2134 733 2164 rebus
747 2134 797 2164 suis
810 2132 1047 2172 quibuscumque,

200 2173 332 2214 Exceptis
346 2172 508 2212 Religiosis,
526 2173 559 2203 ὅ(
573 2173 630 2202 aliis
644 2172 766 2210 personis
778 2171 995 2211 Ecclefiasticis,
1013 2172 1046 2203 &
1060 2172 1110 2203 illis
1125 2174 1173 2212 qui
1182 2175 1224 2204 in-

163 2213 204 2244 fra
219 2212 294 2243 idem
307 2212 441 2251 Regnum
455 2210 585 2241 nostrum
599 2221 673 2241 certa
694 2211 798 2241 habent
820 2210 979 2241 Domicilia
991 2233 1001 2249 ,
1027 2210 1148 2242 Liberos
1166 2235 1176 2249 ,
1193 2213 1227 2243 &

164 2251 298 2289 Uxores,
315 2250 347 2280 ὅ(
361 2260 390 2280 in
404 2249 507 2280 eodem
520 2249 642 2288 Regno,
659 2257 791 2288 tanquam
807 2248 951 2288 Indigenae
966 2271 976 2286 ,
993 2259 1041 2288 per
1054 2250 1137 2289 longa
1153 2259 1227 2281 tem-

164 2299 233 2331 pora
247 2298 356 2319 moram
371 2288 514 2325 fecerunt,
532 2298 565 2318 ac
579 2285 790 2318 Flandrenfibus
805 2288 837 2318 ὃς
852 2286 1031 2325 Britonibus,

203 2327 269 2358 Sine
280 2326 409 2356 dilatione
421 2325 530 2356 arestari
566 2327 598 2356 ὃς
611 2326 682 2366 ipsos
695 2326 770 2356 salvo
787 2326 821 2356 ὃς
835 2325 952 2355 honeste
960 2349 970 2364 ,
989 2336 1104 2356 necnon
1118 2327 1228 2366 Naves,

166 2367 200 2397 &
214 2365 291 2396 Bona
302 2364 364 2402 sua,
380 2364 481 2402 absque
495 2349 691 2403 distractione,
708 2363 842 2394 custodiri
855 2364 973 2402 faceres,
991 2364 1084 2395 donec
1099 2365 1172 2397 aliud
1186 2368 1229 2397 in-

168 2404 206 2435 de
221 2405 386 2434 duceremus
399 2402 605 2440 ordinandum3

210 2442 290 2480 Qia
303 2450 398 2471 tamen
412 2450 464 2477 pro
477 2450 556 2470 certo
569 2441 623 2476 jam
642 2439 790 2471 didicimus
804 2463 814 2478 ,
838 2440 918 2480 quod
944 2440 1022 2472 idem
1043 2441 1108 2472 Rex
1129 2453 1230 2474 omnes

171 2479 332 2524 Homines,
349 2479 384 2509 de
400 2479 506 2518 Regno
521 2480 554 2510 δε
569 2478 711 2509 Potestate
725 2478 827 2509 nostris
841 2479 992 2518 oriundos,
1012 2481 1042 2510 in
1056 2480 1165 2520 Regno
1180 2483 1229 2513 suo

170 2527 300 2549 inventos

209 2557 286 2588 Tam
296 2541 468 2596 Religiosos,
485 2555 610 2595 personas
619 2555 823 2587 Ecclefiasticas
830 2579 839 2595 ,
846 2556 987 2595 Scolares,
1000 2566 1115 2587 necnon
1122 2556 1231 2587 Domi-

172 2596 235 2627 cilia
244 2619 252 2634 ,
263 2595 397 2633 Liberos,
412 2596 444 2626 &
454 2595 472 2613 ἢ*
484 2593 595 2624 Uxores
603 2617 612 2632 ,
629 2596 761 2625 habentes
772 2618 781 2632 ‚
791 2596 819 2624 in
832 2595 933 2625 eodem
943 2595 1051 2632 Regno
1065 2597 1128 2635 su0,
1142 2597 1174 2627 δε
1183 2606 1232 2626 eos

174 2635 238 2674 qui,
255 2642 288 2670 ut
301 2633 445 2673 Indigenae
458 2633 558 2663 Terrae
574 2633 645 2663 illius
657 2656 667 2671 ,
683 2635 711 2663 in
732 2633 830 2664 eadem
850 2643 898 2673 per
921 2633 1003 2672 longa
1021 2643 1148 2674 tempora
1168 2644 1231 2664 rno-

174 2683 234 2704 ram
251 2672 396 2710 fecerunt,
414 2673 498 2710 quam
511 2671 595 2709 alios,
613 2673 667 2702 una
680 2682 747 2702 cum
763 2671 879 2709 Terris,
896 2672 1082 2702 Tenementis
1098 2695 1108 2710 ,
1123 2672 1230 2703 Poffes-

171 2712 310 2749 sionibus,
338 2710 441 2749 Bonis,
460 2711 492 2741 &
507 2709 608 2740 Rebus
624 2710 690 2748 suis,
706 2712 854 2740 neminem
868 2709 904 2740 de
920 2710 1025 2749 Regno
1050 2712 1084 2741 &
1109 2710 1232 2741 Potesta-

172 2758 202 2782 te
217 2749 318 2780 nostris
329 2749 357 2778 in
372 2749 424 2779 hac
441 2756 516 2785 parte
530 2748 714 2787 excipiendo,

210 2788 347 2826 Arestari‚
366 2788 399 2818 &
414 2787 464 2817 sub
478 2786 580 2817 Aresto
594 2786 731 2818 custodiri
743 2786 884 2817 mandavit
897 2787 930 2818 &
950 2786 1039 2826 fecit,

209 2827 282 2857 Tibi
296 2826 490 2864 praecipimus,
509 2825 623 2855 firmiter
636 2826 829 2864 injungentes,
844 2826 923 2863 quod
937 2835 1038 2855 omnes
1052 2825 1234 2856 Hominoede

175 2863 321 2896 Dominio
333 2865 365 2894 δε
380 2863 520 2894 Potest-ate
542 2863 622 2900 ipsius
640 2863 728 2903 Regis
749 2864 876 2894 Franciae
891 2887 900 2902 ,
920 2865 948 2894 in
968 2863 1071 2895 Baniva
1093 2865 1157 2902 tuiz,
1174 2865 1232 2895 tim

174 2904 245 2935 infra
260 2902 428 2939 LibertateS,
445 2902 532 2940 quarn
547 2910 639 2941 extra,
656 2903 801 2940 inventos,
818 2902 863 2932 seu
883 2912 954 2940 quos
974 2912 1085 2934 exnunc
1114 2904 1234 2934 inveniri

175 2941 328 2981 contigerit

213 2979 294 3010 Tam
307 2963 469 3014 Homines,
487 2976 660 3015 Domicilia‚
681 2978 858 3016 Liberos,&
875 2978 990 3010 Uxores
1000 2979 1233 3019 habentes,quam

174 3019 259 3056 alios,
276 3017 477 3056 cujuscumque
499 3014 585 3046 status
599 3016 643 3045 seu
657 3017 825 3048 conditionis
836 3017 955 3056 fuerint,

213 3056 285 3087 Una
300 3066 370 3086 cum
386 3054 470 3084 Bonis
484 3054 517 3084 ὃς
531 3053 660 3092 Catallis,

212 3094 314 3141 Episco
334 3104 354 3123 o
370 3093 573 3130 Dunolmenfi,
589 3092 753 3131 Religiofi3,
770 3092 922 3125 Comitissa
934 3093 1152 3134 Pembrochiae,
1169 3094 1234 3125 Do-

176 3134 256 3165 mina
266 3132 303 3163 de
346 3131 424 3170 escy,
440 3141 474 3162 ex
487 3132 568 3161 ceru's
580 3130 683 3168 caufis,
703 3130 846 3162 dumtaxat
870 3135 992 3171 exceptis
1006 3156 1016 3172 ,
1028 3144 1061 3164 ac
1085 3134 1108 3164 F
1109 3133 1234 3164 landren-

178 3172 266 3209 sibus,
283 3171 446 3201 durantibus
457 3170 579 3209 Treugis
592 3170 664 3199 inter
675 3179 727 3199 nos
739 3169 772 3199 &
785 3170 855 3207 ipsos
867 3172 939 3201 initis
947 3194 956 3209 ,

219 3209 286 3240 Sine
299 3209 432 3239 dilatione
446 3207 572 3238 arestari:
600 3208 634 3238 &
655 3206 758 3237 Terras
779 3209 813 3238 &
835 3208 1018 3239 Tenementa
1036 3210 1161 3249 ipsorum
1177 3220 1236 3240 are-

180 3247 346 3279 standorum
360 3248 389 3276 in
406 3257 525 3277 manum
539 3245 662 3276 nostram
676 3246 752 3284 capi:
771 3246 806 3276 &
820 3246 931 3276 eosdem
943 3247 1100 3278 arestandos
1111 3249 1187 3278 salvo
1201 3249 1234 3279 &

178 3287 276 3317 secure
293 3297 303 3324 3
327 3295 441 3315 necnon
459 3285 562 3315 Terras
576 3307 586 3322 ,
609 3283 788 3314 Tenementa
800 3307 810 3322 ,
836 3284 929 3323 Bona,
945 3286 978 3316 &
997 3285 1117 3324 Catalla,
1136 3287 1236 3325 absque

180 3324 276 3362 vasto,
290 3324 336 3354 seu
350 3322 531 3354 distractione
545 3346 555 3360 ‚
573 3322 708 3353 custodiri
724 3322 804 3353 sacias
814 3346 824 3360 ,
842 3323 935 3354 donec
951 3323 1024 3354 aliud
1046 3325 1113 3355 inde
1125 3324 1236 3355 duxeri-

179 3371 243 3393 mus
250 3362 454 3393 [ordinandum.

218 3401 258 3432 Ita
273 3400 353 3440 quod
367 3400 403 3430 de
417 3400 556 3437 Exitibus,
573 3398 609 3429 de
622 3399 719 3429 Terris
732 3399 766 3430 ὃς
779 3398 966 3430 Tenementis
976 3399 1027 3430 illis
1045 3402 1235 3438 provenienti-

180 3440 250 3477 bus,
265 3450 298 3470 ac
314 3439 413 3476 Bonis,
431 3439 465 3469 ὅ(
478 3437 591 3468 Catallis
604 3437 761 3475 praedietis,
779 3438 862 3467 nobis
881 3437 1041 3477 respondeas
1060 3439 1094 3469 ad
1117 3439 1235 3469 Scacca-

180 3479 254 3508 rium
269 3477 418 3515 nostrum,
436 3478 470 3507 &
485 3476 520 3506 de
535 3476 698 3506 nominibus
708 3476 837 3514 illorum,
864 3486 935 3514 quos
956 3477 993 3506 fic
1014 3477 1187 3515 arestaveris,
1201 3487 1236 3507 ac

182 3515 295 3554 Terris,
313 3516 513 3552 Tenementis,
528 3514 630 3552 Bonis,
645 3515 678 3545 &
692 3512 807 3544 Catallis
824 3515 893 3552 suis,
910 3515 944 3545 &
956 3515 1052 3545 valore
1071 3516 1236 3553 eorundem,

182 3563 297 3584 necnon
312 3553 347 3583 de
361 3563 424 3584 toto
440 3553 518 3583 fatto
532 3561 598 3591 tuo,
617 3553 645 3582 in
657 3552 710 3582 hac
730 3561 806 3589 parte
823 3575 833 3590 ,
855 3562 906 3582 nos
923 3552 1019 3583 reddas
1035 3576 1044 3592 ,
1066 3554 1116 3584 sub
1136 3554 1238 3591 Sigillo

182 3599 250 3629 tuo,
267 3591 400 3622 distincte
414 3593 447 3623 ὃς
462 3593 573 3630 aperte,
588 3591 736 3628 certiores,
750 3591 784 3621 &
797 3591 854 3620 hoc
866 3590 945 3620 nullo
958 3591 1048 3621 modo
1061 3592 1181 3622 omittas.

217 3629 306 3659 Teste
319 3630 400 3668 Rege
414 3631 488 3668 apud
503 3629 708 3668 Porcestriam‚
722 3629 837 3659 decimo
847 3628 892 3659 die
906 3628 1083 3668 Septembris.

26 2600 47 2620 ⁴⁸
65 2601 119 2628 IV.

25 2647 93 2675 ²²92

185 3700 294 3733 Eodem
309 3702 400 3733 modo
414 3704 576 3736 mandatum
589 3705 630 3736 est
646 3705 755 3744 fingulis
777 3704 1007 3737 Vicecomitibus
1026 3715 1076 3743 per
1099 3705 1243 3745 Angliam,

325 3751 440 3772 necnon
455 3745 626 3783 subscriptis,
643 3745 756 3775 mutatis
768 3744 924 3782 mutandi83
946 3745 1097 3782 videlicet,

223 3811 344 3858 Epiftopo
362 3818 542 3860 Dunohnenfi,

220 3852 351 3881 Rxchardo
370 3858 531 3896 Dammory,
547 3857 707 3897 Justiciario
724 3857 851 3903 Cestriae,
868 3858 920 3889 vel
927 3859 984 3898 ejus
1001 3861 1103 3889 Locum
1124 3860 1244 3895 tenenti,

222 3889 364 3957 Eiretzrg?
380 3896 475 3923 comiti
489 3896 644 3935 Arundell‚
661 3895 824 3935 Justiciarto
844 3896 952 3928 {Vallia
969 3920 980 3936 ‚
1004 3897 1054 3929 vel
1071 3898 1125 3936 ejus
1145 3899 1246 3927 Lotum

661 147 1458 198 CONVENTIONES,

1527 146 1931 200 LITERAE3

2321 231 2402 279 Ann-
2410 231 2456 273 Di

2350 278 2436 317 1326.

1272 336 1321 367 De
1329 332 1495 379 firmando
1509 343 1564 379 pro
1585 335 1718 375 Litoris,
1743 335 1780 370 ὠ·
1798 332 1931 378 Perfinis
1941 331 2084 379 fhspeffis
2112 332 2286 378 austandis·
2320 313 2394 346 Ἐάν.
2413 327 2441 346 2.

1251 417 1332 475 RE
1342 417 1392 457 X,
1410 418 1518 450 dilecto
1532 419 1566 450 &
1578 417 1653 449 fideli
1665 417 1731 456 suo,
1746 417 1878 449 Roberto
1893 418 1928 450 de
1944 416 2073 450 Kendale

1323 459 1366 488 rio
1380 457 1472 488 Castri
1483 457 1521 488 sui
1536 457 1709 495 Dovorriae,
1727 457 1760 488 δε
1783 455 1904 488 Custodi
1925 457 2065 497 Qinque

1250 504 1331 534 rum,
1346 496 1479 526 Salutem.
1601 530 1603 532 ,

1289 534 1372 570 Cum
1388 535 1506 573 pluries,
1523 542 1586 565 ante
1598 534 1662 565 haec
1676 542 1801 572 tempora
1817 558 1827 573 ,
1851 535 1911 565 tam
1931 544 1980 575 per
2004 534 2108 570 ¹Brevia
2129 536 2180 567 sub
2201 536 2313 578 Magno
2331 529 2360 552 E.
2376 535 2402 553 ²·

1255 571 1354 611 Sigillo
1370 572 1486 611 nostro,
1503 574 1587 612 quarn
1600 583 1649 613 per
1662 573 1768 604 Literas
1782 573 1833 604 sub
1846 573 1959 604 Privato
1977 573 2075 613 Sigillo
2095 574 2210 614 nostro,
2228 579 2314 609 vobis
2331 573 2367 593 m·
2382 564 2443 594 ὄλ·

1255 611 1496 649 mandaverimus,
1514 611 1593 649 quod
1606 613 1638 641 in
1649 611 1788 642 Portubus
1802 612 1940 650 praedistis
1954 611 2071 651 diligens
2083 613 2258 646 Scrutinium
2271 616 2315 647 faa

1256 651 1353 680 ceretis
1368 649 1446 686 super
1462 649 1562 679 Literis
1577 650 1818 689 quibuscumque,
1835 661 1851 681 a
1865 651 1989 689 partibus
2003 651 2187 683 transmarinis
2207 655 2235 684 in
2256 654 2317 686 Re-

1255 696 1345 726 gnum
1361 687 1490 718 nostrum
1503 687 1673 727 deferendis,
1691 690 1724 719 &
1741 691 1778 720 ab
1791 689 1893 720 eodem
1914 689 2019 728 Regno
2041 690 2076 721 ad
2103 700 2191 728 partes
2211 701 2316 725 exteras

1257 726 1419 763 portandis3
1436 726 1470 756 δε
1486 726 1566 765 qubd
1581 736 1680 757 omnes
1696 727 1730 758 &
1742 727 1856 766 ssngulae
1869 728 1988 767 Lioerae,
2005 729 2101 767 nobis,
2119 729 2165 760 seu
2181 730 2237 768 Juri
2254 731 2316 763 Co-

1257 774 1337 794 ronae
1351 763 1470 802 nostrae,
1485 765 1695 807 praejudicissae,
1715 766 1760 796 vel
1776 767 1843 797 inde
1853 766 1998 807 suspe&ae‚
2017 767 2051 798 ad
2064 778 2117 798 nos
2130 769 2318 811 mitterentur,

1258 811 1409 840 antequam
1422 811 1553 832 executio
1569 802 1645 833 fieret
1659 804 1695 833 de
1710 804 1820 835 eisdem.

1296 841 1378 880 Nos,
1395 849 1510 880 propter
1522 841 1630 880 aliquos
1643 840 1803 881 Rumores,
1822 844 1870 882 qui
1883 843 1917 874 ad
1932 854 2008 875 aures
2020 845 2126 876 nostras
2139 848 2251 878 noviter
2257 857 2321 888 per·

1259 888 1414 918 venerunt,
1438 879 1563 909 volentes
1588 880 1668 917 quod
1699 881 1839 917 praemiffa
1865 882 1988 914 districie
2011 885 2192 916 observentur
2204 911 2214 925 ,
2236 888 2320 918 vobis

1259 917 1438 955 mandamus,
1457 917 1507 947 sub
1521 919 1601 954 gravi
1614 918 1790 949 forisfactura
1802 919 2038 959 nostra,firmiter
2050 925 2234 964 injungentes,
2242 925 2324 964 quod

1259 956 1435 1000 Scrutinium
1452 956 1633 1000 praedicium,
1647 957 1679 1000 in
1689 956 1838 1001 ,Portubus
1852 958 2006 998 praedietis,
2023 971 2091 992 curn
2110 965 2191 993 omni
2206 964 2325 1004 diligen-

1260 995 1316 1033 tia,
1333 994 1390 1032 qua
1405 1002 1546 1033 poteritis,
1562 995 1666 1024 faciatis
1684 1003 1762 1032 Juxta
1784 996 1908 1026 formam
1931 999 2130 1032 mandatorum
2154 1002 2320 1034 nostrorum

1258 1033 1480 1073 praedictorum,
1499 1033 1581 1063 vobis
1602 1033 1702 1070 pluries
1724 1032 1792 1064 inde
1814 1033 2007 1066 directorum:
2033 1048 2146 1070 necnon
2170 1051 2270 1072 omnes
2286 1042 2321 1073 &

1258 1072 1373 1111 singulas
1388 1071 1538 1110 Personas,
1556 1071 1654 1109 nobis,
1670 1071 1715 1101 seu
1730 1071 1836 1110 Regno
1857 1072 1956 1103 nostro
1970 1097 1980 1111 ‚
2003 1077 2108 1108 merito
2127 1079 2262 1118 suspectas
2276 1084 2284 1116 (
2299 1081 2321 1112 fi

1258 1121 1327 1148 quas
1340 1111 1368 1140 in
1381 1109 1523 1141 Portubus
1535 1109 1675 1150 praedictis
1690 1111 1868 1147 inveneritis)
1888 1111 1945 1141 fine
1956 1112 2087 1144 dilatione
2102 1117 2228 1157 arestari,
2246 1120 2318 1150 &in

1259 1148 1379 1179 Prisona
1393 1149 1489 1180 nostra
1502 1149 1578 1179 salvo
1592 1148 1726 1179 custodiri
1746 1149 1850 1180 faciatis
1865 1172 1876 1188 ,
1901 1149 1996 1181 donec
2016 1152 2090 1184 aliud
2111 1155 2179 1187 inde
2202 1167 2218 1187 a
2239 1158 2323 1189 nobis

1259 1188 1413 1218 hubueritis
1426 1189 1455 1217 in
1471 1188 1614 1218 mandatis.

1296 1226 1334 1256 Et
1348 1227 1383 1256 de
1395 1227 1559 1256 nominibus
1572 1235 1688 1263 eorum,
1708 1235 1778 1264 quos
1789 1227 1827 1257 sic
1843 1226 2038 1268 arestaveritis,
2055 1230 2088 1262 ὃ(
2103 1232 2144 1262 ob
2157 1243 2243 1272 quam
2260 1245 2325 1266 cau-

1260 1264 1318 1295 sam
1332 1265 1435 1295 fuerint
1450 1265 1574 1302 arestati,
1591 1275 1658 1302 nOS,
1677 1264 1713 1294 de
1727 1275 1854 1303 tempore
1868 1267 1897 1296 in
1912 1275 2044 1307 tempus,
2063 1270 2195 1310 reddatis,
2213 1272 2262 1303 sub
2279 1274 2326 1304 Si-

1262 1303 1332 1372 {³¹¹⁰
1345 1302 1457 1342 vestro,
1473 1303 1605 1334 distincte
1619 1305 1652 1334 ὃ(
1666 1306 1779 1342 aperte,
1797 1305 1944 1344 certiores3
1963 1307 2049 1337 taliter
2065 1309 2095 1338 in
2111 1309 2163 1340 hac
2181 1319 2256 1349 parte
2275 1322 2328 1343 vos

1287 1343 1532 1386 abentequuod,
1550 1352 1600 1379 per
1620 1340 1705 1372 vestri
1725 1342 1924 1381 negligentiam
1936 1368 1946 1383 ‚
1967 1345 2012 1375 vel
2031 1345 2174 1378 dese-&um
2189 1371 2198 1386 ‚
2224 1350 2254 1379 in
2273 1350 2329 1382 hac

1263 1389 1358 1424 parte,
1376 1381 1497 1418 pericula
1516 1380 1606 1418 aliqua
1622 1390 1671 1417 per
1686 1381 1826 1419 praemissa
1839 1390 1900 1412 non
1914 1384 2060 1423 eveniant,
2077 1394 2127 1425 per
2141 1387 2217 1425 quod
2232 1387 2266 1418 ad
2280 1398 2331 1421 vos

1263 1427 1383 1459 graviter
1396 1429 1495 1456 capere
1508 1419 1669 1449 debeamus.

1301 1457 1392 1488 Teste
1406 1457 1489 1498 Rege
1502 1457 1575 1496 apud
1590 1456 1742 1495 Marsfeld,
1759 1458 1896 1489 vicesimo
1908 1468 2006 1499 quarto
2018 1460 2065 1492 die
2078 1461 2260 1504 Septembris.

2123 419 2312 454 Constabulae
2323 411 2376 439 ²¹²¹·
2392 420 2439 439 ²0·

2086 441 2228 491 i'ortuum
2247 461 2310 492 suo-
2325 453 2356 477 Ε·
2373 459 2400 478 ²·
2459 492 2463 498 ,

2328 488 2394 524 Vasc.
2415 496 2461 517 20.

1432 1533 1546 1564 Eodem
1558 1533 1647 1564 modo
1661 1533 1792 1565 scribitur
1809 1535 1984 1577 subscriptis3
2003 1537 2153 1580 videlicet,

1268 1611 1437 1650 Baronibus,
1456 1609 1580 1641 Ballivis
1617 1609 1655 1647 &³
1671 1614 1867 1642 Communitati
1880 1613 1959 1644 leae
1973 1616 2005 1645 de
2018 1613 2187 1649 Romenhale.

1269 1651 1392 1689 Ma'ori,
1409 1649 1550 1688 Ballivis,
1570 1633 1608 1684 (ξ’
1623 1653 1818 1680 Communitati
1831 1650 1910 1682 Villae
1926 1653 1958 1682 de
1974 1656 2134 1694 Portcffmue.

1269 1662 1438 1723 Balllivis&
1452 1692 1648 1718 Communitati
1662 1688 1739 1718 Wllae
1751 1690 1784 1718 de
1801 1689 1948 1728 Shorfham.

1269 1727 1393 1757 Ballivis
1407 1725 1445 1761 &⁶
1461 1729 1654 1756 Communitati
1666 1726 1742 1756 leae
1757 1728 1788 1756 de
1799 1727 1922 1768 Sheford.

1272 1766 1290 1783 ²⁸
1311 1766 1433 1795 Ballivis
1448 1764 1486 1800 ὠ·
1503 1769 1696 1795 Communirati
1709 1768 1737 1796 V
1735 1765 1789 1796 illae
1804 1766 1836 1796 de
1849 1768 1972 1806 Peuensi’.

2350 1780 2367 1797 ’Κ
2395 1780 2446 1807 IV.

1338 1808 1395 1842 ori,
1414 1803 1554 1842 Ballivis,
1571 1803 1609 1839 ὠ·
1623 1808 1819 1834 communitati
1833 1805 1912 1835 Villae
1925 1807 2033 1847 Bristol.
2354 1827 2417 1854 ²30·

1326 1841 1391 1872 livis
1405 1841 1443 1877 ώ-
1458 1845 1653 1872 Communitati
1667 1842 1745 1872 Vzllae
1759 1844 1791 1873 de
1804 1844 1945 1875 Herwich.

1270 1880 1394 1910 Ballivis
1409 1877 1448 1915 &¹
1463 1883 1657 1910 communitati
1669 1881 1701 1910 de
1718 1881 1843 1922 Oreford.

1272 1918 1394 1949 Ballivis
1408 1918 1446 1953 ῤ’
1460 1922 1656 1949 communitati
1670 1919 1702 1949 de
1716 1920 1839 1960 Gosfird.

1270 1957 1394 1988 Ballivis
1407 1956 1445 1992 &
1459 1961 1652 1987 communitati
1666 1957 1746 1988 Villae
1758 1960 1790 1988 de
1805 1960 1904 1990 cumbe
1919 1963 2045 2002 Martyn.

1270 1995 1393 2026 Ballivis
1405 1995 1444 2031 &
1457 1999 1653 2026 Communitati
1665 1995 1742 2026 leae
1752 1997 1785 2026 de
1796 1998 1954 2038 Dunsterre.

1271 2038 1327 2067 Ma
1334 2035 1396 2074 ori,
1415 2033 1554 2072 Ballivis,
1572 2033 1610 2070 ό·
1622 2038 1817 2065 Communitati
1833 2036 1910 2066 thlae
1927 2037 1958 2066 de
1973 2040 2051 2078 Lym.

1271 2075 1317 2102 Ba
1329 2072 1393 2103 livis
1407 2071 1446 2108 ὠ
1460 2076 1656 2103 Communitati
1670 2072 1749 2104 Vrllae
1762 2075 1795 2104 de
1809 2075 2015 2115 Landstophan.

1271 2111 1394 2142 Ballivis
1409 2110 1447 2146 ώ-
1463 2115 1657 2142 communitati
1670 2111 1749 2142 Villae
1762 2113 1795 2142 de
1808 2116 1836 2143 K
1839 2124 1935 2152 ameys.
1971 2124 1976 2129 ·

1271 2150 1395 2180 Ballivis
1407 2149 1445 2185 ό
1461 2153 1654 2180 Communitati
1668 2150 1748 2181 Villa
1761 2151 1793 2180 de
1807 2151 1957 2193 Iilulqfhrd.

1271 2188 1393 2218 Ballivis
1405 2188 1443 2224 (ῤ’
1458 2192 1656 2223 Communitati
1671 2192 1699 2219 V
1696 2188 1751 2219 illae
1764 2190 1797 2220 de
1811 2189 1975 2231 Swanefiye.

1271 2227 1393 2258 Ballivis
1407 2226 1445 2262 ὠ
1460 2231 1654 2257 Communitati
1666 2226 1744 2258 V1llae
1761 2229 1793 2258 de
1807 2231 1943 2267 Newport
1958 2233 1988 2260 in
2001 2230 2097 2271 Infidd
2113 2232 2206 2264 Vella.

1266 2265 1395 2296 >Balliw's
1414 2265 1453 2302 ὠ·
1473 2269 1666 2296 communitati
1689 2266 1768 2298 Villae
1790 2268 1822 2297 de
1845 2267 2022 2308 Yalhampton
2034 2270 2089 2310 sub
2114 2274 2273 2304 Ncwenton
2291 2274 2342 2304 Fe*

1273 2316 1396 2374 Bbfbssis
1409 2337 1448 2379 ᾤ’
1463 2348 1657 2375 communitati
1669 2343 1748 2375 Wllae
1761 2345 1794 2375 de
1808 2344 1950 2385 Plymouth
1965 2358 2021 2377 cum
2042 2351 2128 2378 Portu
2147 2350 2179 2379 de
2199 2353 2305 2380 Sutton.

1274 2382 1396 2412 Balltvts
1411 2383 1448 2418 ῥ’
1464 2387 1657 2413 Communitati
1673 2384 1751 2414 Villae
1764 2385 1796 2414 de
1810 2389 1917 2423 Magna
1932 2385 2108 2424 Jernemuta.

1274 2421 1428 2451 Baronibus
1438 2444 1447 2460 ,
1467 2421 1608 2461 ballivis,
1626 2421 1664 2457 ό
1680 2426 1875 2454 Communitati
1889 2424 1968 2454 Villae
1980 2426 2012 2454 de
2029 2423 2192 2464 Wymhelfi.

1275 2459 1430 2502 Baronibus
1465 2460 1603 2499 Ballivix,
1620 2460 1658 2495 όν
1672 2465 1865 2491 communitati
1879 2462 1958 2492 Villae
1972 2464 2004 2492 de
2018 2460 2190 2500 Faverlham.

1276 2497 1398 2528 Ballivis
1430 2510 1452 2521 -ν
1467 2502 1660 2529 communitati
1675 2499 1753 2530 Villae
1768 2502 1799 2530 de
1815 2500 1937 2530 fiIalton.

1276 2536 1400 2567 Ballivis
1412 2535 1450 2572 ὠ
1463 2541 1658 2567 Commuuitati
1672 2538 1748 2568 leae
1761 2539 1792 2567 de
1809 2538 1960 2568 Yaremuth.

1276 2575 1400 2605 Ballivis
1413 2573 1452 2609 ὅ»
1466 2579 1663 2605 Communitati
1678 2579 1705 2604 V
1702 2575 1757 2605 dlae
1769 2576 1802 2605 de
1817 2575 1846 2604 la
1864 2576 1935 2606 Pole.

1277 2613 1400 2643 Ballivis
1414 2611 1452 2648 &⁴
1468 2616 1662 2643 Communitati
1673 2613 1706 2642 de
1718 2613 1811 2652 Insula
1825 2615 1917 2644 Vesta.

1277 2651 1400 2681 Ballivis
1414 2650 1452 2686 ὠ
1467 2654 1663 2681 Communitati
1678 2651 1755 2681 Villa
1769 2653 1800 2682 de
1813 2651 1993 2683 Hardelawe.

1277 2689 1402 2719 Ballivis
1417 2687 1456 2724 ὠ·
1468 2692 1662 2719 Conmmnitati
1677 2690 1754 2719 Wl'lae
1769 2692 1800 2720 de
1814 2690 1947 2720 Falemue.

1278 2727 1401 2758 Ballivis
1413 2726 1451 2762 (ἐν
1466 2731 1659 2757 Communitati
1669 2728 1748 2758 Villae
1762 2733 1868 2758 Montis
1888 2729 2032 2759 Michaelis
2045 2733 2075 2760 in
2091 2729 2209 2770 periculo
2221 2734 2331 2762 Maris.·

1279 2766 1404 2796 Ballivis
1418 2765 1456 2800 ὠ
1472 2769 1648 2796 Com-mnirari
1660 2766 1736 2796 Villa
1750 2768 1782 2797 de
1797 2767 1956 2806 stloufi’hole.

1278 2804 1401 2834 Ballivis
1416 2803 1454 2839 (ἔγ
1471 2808 1664 2835 Communitati
1677 2804 1755 2835 Villae
1770 2807 1802 2836 de
1817 2806 1976 2846 Oldeflowe.

1279 2843 1402 2873 Ballivis
1417 2842 1554 2882 &probis
1569 2843 1719 2873 hominibus
1733 2844 1810 2874 Vfllae
1826 2847 1920 2875 Sanc‘li
1934 2847 2098 2877 Karantoci.

1279 2881 1404 2912 Ballivis
1416 2880 1453 2916 ὠ
1466 2885 1660 2912 Communitati
1672 2882 1749 2912 Villae
1762 2885 1794 2913 de
1808 2883 1935 2925 Clowely.

1281 2919 1404 2950 Ballivis
1417 2918 1455 2955 (θ’
1470 2923 1666 2951 Communitati
1677 2924 1705 2951 V
1702 2921 1757 2952 illae
1772 2923 1804 2952 de
1816 2922 1882 2962 chip
1899 2923 2056 2954 edenemere.
2168 2940 2172 2943 ·

1283 2958 1405 2988 Ballivis
1417 2957 1455 2993 ὠ
1470 2963 1666 2989 Communitati
1680 2960 1759 2990 Villa
1772 2962 1804 2991 de
1817 2931 1912 2991 Welsss
1931 2961 1969 2997 ὠ
1981 2961 2143 2992 Holkeham.

1280 2997 1403 3027 Ballivis
1421 2995 1460 3032 ῤ’
1476 3001 1669 3028 Communitati
1681 2998 1760 3029 V1llae
1774 3001 1807 3030 de
1820 2999 1982 3030 Thornham.

1279 3035 1401 3066 Ballivis
1414 3034 1453 3070 ὠ·
1468 3040 1662 3066 communitati
1673 3037 1749 3067 Villae
1762 3039 1794 3068 de
1805 3039 1905 3068 Sancto
1918 3036 2060 3076 Botulpho.

1279 3074 1401 3104 Ballivis
1413 3072 1452 3108 &
1466 3078 1660 3105 communitati
1675 3075 1752 3106 leae
1764 3077 1797 3107 de
1808 3075 1948 3106 Taltham.

1284 3112 1408 3142 Ballivis
1423 3111 1461 3148 ὠ·
1477 3117 1671 3143 communitati
1683 3117 1710 3144 V
1709 3114 1765 3144 illae
1779 3115 1813 3144 de
1826 3113 1965 3143 Sheucher.

1279 3151 1403 3181 Ballivis
1417 3149 1456 3185 ῤ’
1470 3155 1664 3182 Communitati
1677 3155 1706 3181 V
1707 3151 1763 3182 illae
1779 3152 1811 3181 de
1827 3154 1928 3180 Parva
1941 3150 2116 3189 Jernemuta.

1279 3189 1404 3219 Ballivis
1416 3187 1454 3223 ό
1470 3193 1665 3220 Communitati
1678 3192 1706 3219 V
1707 3189 1763 3219 illae
1780 3190 1812 3218 de
1827 3192 1931 3219 Lenne.

1281 3227 1403 3256 Ballivis
1418 3225 1456 3261 (ῥ’
1471 3231 1664 3257 Communitati
1677 3230 1706 3257 V
1707 3227 1762 3256 illae
1777 3228 1809 3257 de
1823 3227 1980 3268 Blakeneye.

1282 3265 1406 3295 Ballivis
1422 3263 1460 3298 ό·
1475 3269 1670 3295 Communitati
1685 3269 1713 3295 V
1715 3265 1770 3295 illae
1786 3266 1818 3295 de
1832 3268 1948 3306 Gyppew
1965 3277 2000 3297 co.

1281 3304 1451 3340 Batonibus,
1466 3303 1606 3343 Ballivis,
1623 3303 1661 3338 ό·
1676 3308 1871 3334 Communitati
1886 3308 1914 3335 V
1914 3277 1970 3335 ille
1985 3305 2018 3335 de
2031 3308 2134 3337 Doure.

1281 3341 1433 3387 Baronibus
1466 3341 1606 3380 Ballivis‚
1625 3339 1663 3377 &
1672 3342 1763 3381 probis
1777 3345 1927 3373 Hominihu
1941 3347 1969 3374 V
1969 3344 2023 3375 illae
2037 3345 2069 3375 de
2085 3345 2114 3375 la
2127 3347 2191 3387 Rye4

1281 3379 1403 3409 Balla-15
1433 3392 1455 3402 Α·
1471 3383 1664 3409 Communitati
1677 3384 1704 3409 V
1705 3381 1760 3410 illae
1774 3382 1806 3411 de
1820 3382 1982 3413 Sidemouth.

1281 3417 1405 3447 Ballivis
1421 3417 1459 3452 &-
1475 3422 1667 3449 communitati
1683 3423 1711 3449 V
1713 3419 1769 3449 illae
1785 3420 1818 3450 de
1830 3423 1993 3458 Teignemue.

1282 3456 1404 3486 Ballivis
1418 3455 1456 3491 &
1471 3460 1666 3487 Communitati
1680 3461 1708 3488 V
1711 3457 1766 3488 illae
1781 3459 1813 3488 de
1827 3461 1854 3488 E
1850 3470 1930 3498 ymue
1948 3460 2158 3490 cuthortubus
2177 3457 2313 3490 Luleham
2327 3482 2339 3498 ,

1386 3497 1466 3524 Kiem
1479 3494 1518 3530 ὠ·
1532 3495 1679 3534 Topefham.

1282 3532 1407 3563 Ballivis
1420 3533 1458 3568 ὦ·
1474 3537 1667 3564 Communitati
1680 3538 1708 3564 V
1707 3534 1762 3565 illae
1777 3536 1809 3565 de
1823 3536 1969 3578 Salteneye.

1285 3571 1407 3601 Ballivis
1421 3571 1459 3606 (ἦ)
1474 3575 1669 3602 Communitati
1683 3573 1761 3604 Villae
1774 3574 1806 3604 de
1818 3575 1988 3616 Saltfletbye.

1283 3609 1406 3652 Baliivix
1422 3610 1460 3645 &-
1474 3614 1668 3641 Communitati
1684 3612 1767 3642 ss'illae
1781 3613 1812 3642 de
1829 3614 1988 3653 Waynflete.

1285 3651 1339 3685 Ma
1351 3651 1408 3686 ori,
1425 3647 1548 3678 Ballivis
1556 3672 1566 3688 ,
1580 3647 1618 3683 &¹
1632 3653 1826 3681 communitati
1841 3655 1869 3680 V
1870 3651 1925 3681 illae
1940 3651 1972 3681 de
1983 3649 2161 3687 Grymmesby.

1285 3659 1407 3715 Ballivis
1420 3686 1458 3721 ὠν
1472 3690 1669 3717 communitati
1684 3692 1711 3717 V
1710 3688 1765 3719 illae
1780 3690 1812 3719 de
1827 3688 1977 3730 Kyngeston
1983 3686 2064 3726 super
2077 3686 2156 3717 Hull.

1286 3724 1406 3754 Ballivis
1416 3723 1454 3759 &⁶
1469 3728 1664 3755 Communitati
1678 3730 1705 3756 V
1705 3726 1760 3756 illae
1774 3728 1806 3758 de
1818 3727 1993 3765 Ravenesere.

1286 3762 1408 3792 Ballivis
1422 3761 1460 3797 ό·
1475 3766 1669 3793 Communitati
1684 3768 1712 3794 V
1712 3765 1768 3795 illae
1783 3766 1814 3795 de
1828 3763 2018 3801 Scardeburgh.

1285 3800 1409 3830 Ballivis
1422 3799 1460 3835 ὠ·
1474 3804 1670 3832 Communitati
1685 3806 1712 3833 V
1714 3803 1768 3833 illae
1781 3805 1815 3834 de
1827 3801 1988 3842 Tynemuth.

1287 3838 1408 3868 Ballivis
1423 3837 1461 3873 &¹
1476 3843 1668 3870 Communitati
1681 3845 1709 3871 V
1710 3841 1764 3872 illae
1777 3842 1810 3871 de
1826 3840 1960 3880 thiteby.
2015 3863 2025 3871 2

1288 3876 1409 3906 Ballivis
1424 3876 1462 3911 ὠ·
1478 3881 1672 3909 Communitati
1687 3883 1715 3909 V
1717 3880 1772 3910 illae
1786 3879 1819 3908 de
1832 3876 1979 3919 Lyverpol.

1288 3914 1409 3944 Ballivis
1424 3915 1461 3949 &⁶
1475 3920 1670 3947 Communitati
1682 3921 1711 3947 V
1711 3917 1767 3949 illae
1779 3917 1811 3946 de
1826 3915 1969 3946 Fordham.

1288 3952 1411 3982 Ballivis
1425 3956 1528 3984 Prioris
1542 3957 1651 3985 Sancta
1667 3955 1763 3986 Elenae
1777 3958 1806 3985 in
1819 3953 1914 3993 Infida‘
1926 3953 2020 3982 79ἇᾶ-

1290 3989 1410 4020 Ballivis
1426 3990 1464 4026 ό·
1480 3996 1679 4023 Communitati
1693 3996 1722 4024 V
1723 3993 1778 4023 illa
1794 3993 1826 4022 de
1837 3991 2020 4022 Tb'wemouth.

1291 4027 1412 4060 Ballivis
1427 4028 1464 4065 ό
1479 4033 1679 4063 communitati
1696 4034 1725 4062 V
1725 4030 1781 4062 illae
1794 4031 1826 4061 de
1840 4028 2046 4070 Ilfardecumbel

1271 1806 1325 1832 Ma

1269 1844 1315 1871 Ba

2291 4073 2358 4100 Bal-
