2562 4279
672 24 682 50 ἒ

168 158 2324 301 ΕΟΝῪΕΝΤΙΟΝΕΞ,

720 407 1783 506 LITERAE,

1175 603 1209 647 E

277 763 925 877 ACTA
1132 769 1210 870 P

1279 600 1323 646 T

1290 767 2210 879 UBLICA.

343 1257 352 1269 0
405 1253 408 1261 ι
436 1254 474 1283 Μ
491 1273 501 1278 ,
523 1239 590 1275 EX
604 1241 824 1275 Constabulario
837 1244 886 1275 suo
898 1244 1085 1285 Burdegaliae‚
1102 1244 1151 1284 qui
1163 1253 1241 1276 nunc

423 1285 447 1305 *a
460 1285 494 1323 “-,
525 1284 584 1323 est,
602 1282 647 1314 vel
660 1284 710 1322 qui
724 1293 776 1320 pro
790 1291 918 1322 tempore
930 1285 1029 1324 fuerit,
1047 1284 1180 1315 Salutem.

472 1330 510 1356 t·
563 1320 763 1360 Supplicarunt
775 1324 872 1361 nobis,
891 1323 987 1354 dilecti
1001 1325 1084 1354 nobis
1100 1325 1129 1355 in
1149 1323 1236 1354 Chri-

422 1358 433 1369 *
444 1376 475 1398 )
492 1370 494 1372 ·
508 1365 513 1381 ·’
525 1364 589 1402 sto,
607 1361 766 1394 Gardianus
776 1362 810 1392 &
823 1363 930 1394 Fratres
937 1362 1056 1393 Ordinis
1069 1363 1237 1401 Minmum,

431 1416 436 1426 x
449 1402 495 1441 552ss
527 1404 565 1434 de
578 1402 686 1434 Sancto
703 1402 855 1433 Machario
868 1424 879 1441 ,
896 1401 1100 1442 Burdegalenfis
1114 1401 1238 1433 Dioece-

430 1448 434 1453 ¹
454 1458 496 1483 ’(-τ
528 1443 578 1480 fis)
595 1449 645 1480 ut,
1136 1481 1141 1486 ,

460 1512 467 1516 .
565 1480 646 1513 Cum
662 1483 711 1520 ipsi
724 1504 734 1519 ‚
756 1492 791 1513 ex
810 1480 991 1511 COnCCfflone
1004 1503 1013 1519 ,
1037 1478 1155 1510 celebris
1171 1479 1239 1524 Me-

326 1521 379 1534 '‘¹⁸⁰¹''
433 1543 443 1551 κ
458 1516 502 1559 Ῐ”,.,
527 1522 645 1562 moriae,
665 1521 790 1552 Domini
804 1518 838 1550 E.
855 1521 1002 1559 quondam
1015 1518 1240 1563 Regis—Angla,

175 1572 176 1575 ’
524 1561 583 1593 Avi
597 1560 704 1599 nostri,
723 1561 757 1592 ὃς
771 1560 930 1597 Alianorae,
954 1567 1023 1590 tunc
1039 1558 1162 1626 Repinae
1178 1557 1241 1605 Ap-

175 1599 258 1641 guae,
282 1596 432 1631 Consortis
445 1600 500 1631 suae
513 1624 523 1639 ‚
548 1599 735 1640 percepissent
755 1600 789 1630 ὃς
810 1598 988 1642 habuissent,
1013 1597 1047 1627 de
1062 1596 1087 1626 E
1099 1596 1241 1643 ernofina,

173 1638 278 1676 viginti
298 1637 410 1670 Solidos
431 1638 617 1679 Chipotenses
643 1648 697 1677 pro
724 1647 785 1669 uno
803 1637 927 1668 Prandio
949 1636 1034 1668 semei
1060 1646 1091 1666 in
1113 1634 1242 1674 qualibet

172 1679 211 1711 Se
231 1676 337 1708 timanfi
1066 1714 1071 1719 “

240 1699 577 1753 elimus'Conceffionem
592 1715 688 1754 illam,
706 1715 823 1746 caritatis
841 1715 945 1744 intuitu
958 1737 981 1758 ,¹
994 1722 1161 1757 continuare
1173 1735 1191 1757 ,¹
1207 1713 1242 1743 ὃς

170 1752 367 1791 Elemofinam
387 1755 570 1795 hujusmodi,
598 1755 684 1785 semel
704 1755 734 1784 in
759 1753 883 1793 qualibet
905 1753 1065 1796 Septimana
1083 1761 1244 1792 percipien-

172 1795 259 1834 dam,
275 1793 396 1833 eisdem,
414 1794 561 1825 Gardiano
575 1793 609 1824 &
624 1793 782 1829 Fratribus,
801 1790 957 1822 concedere
969 1792 1102 1836 gratiose:
1160 1830 1166 1836 ι

213 1833 300 1871 Nos,
318 1833 407 1864 Statui
420 1833 586 1870 dhftorum,
605 1831 741 1862 Gardiani
757 1832 791 1862 &
808 1830 955 1868 Fratrum,
971 1839 1020 1868 pio
1040 1836 1243 1876 compatientes

175 1871 297 1910 affeetu,
314 1882 348 1903 ac
367 1881 469 1902 eorum
491 1870 694 1910 Supplicationi
714 1870 745 1900 in
764 1868 818 1900 haic
836 1878 913 1907 parte
935 1871 972 1900 eo
995 1868 1173 1912 favorabilius
1185 1877 1244 1912 ‘an-

175 1918 308 1948 nuentes‚
325 1920 384 1949 quo
402 1918 491 1948 partes
510 1908 657 1950 praedictae
676 1918 725 1947 per
746 1907 888 1938 Guerram
909 1907 1052 1951 modernis
1071 1908 1244 1951 temporibus

172 1948 354 1980 destruuntur
365 1972 375 1988 ,
399 1948 482 1979 vobis
497 1948 662 1979 mandamus
683 1946 764 1985 qubd
781 1946 884 1978 eisdem
898 1970 908 1984 ,
934 1946 1087 1991 Gardiano·
1097 1947 1130 1977 ὅ(
1143 1946 1246 1991 Fratri-

174 1984 227 2019 bus
241 2010 251 2027 ,
267 1988 367 2027 viginti
384 1987 515 2024 Solidos,
533 1995 659 2017 monetae
677 1985 825 2030 praedietae'
836 2009 848 2029 ,
869 1985 954 2016 semel
967 1986 995 2015 in
1015 1984 1246 2030 qualibetlSe'pti-

175 2026 260 2056 mana
273 2036 327 2064 pro
340 2025 499 2064 hujusmodi
518 2024 680 2055 Elemofina
691 2048 700 2063 ,
725 2025 761 2054 de
776 2023 902 2055 Exitibus
921 2023 1050 2054 Ducatus
1063 2024 1193 2068 praedicti
1212 2024 1246 2068 ¹.¹·

175 2061 268 2095 berari
282 2066 315 2095 ὃς
331 2065 433 2095 habere
447 2065 568 2103 faciatis,
587 2063 731 2102 quousque
743 2062 819 2094 aliud
834 2073 849 2093 a
864 2063 945 2093 nobis
965 2063 1033 2093 inde
1051 2062 1200 2093 habueritis
1215 2072 1246 2093 in

173 2102 326 2133 mandatis·

177 2140 256 2211 hafft
268 2127 330 2172 nos’
338 2141 420 2171 vobis
434 2140 502 2172 inde
515 2165 525 2180 ,
550 2142 581 2171 in
597 2140 748 2179 Compoto
767 2139 863 2172 vestro
875 2163 886 2179 ,
908 2139 1033 2171 debitam
1048 2139 1246 2172 allocationem

235 2189 279 2210 ere
297 2180 440 2211 faciemus.

217 2253 286 2288 Dat.
302 2256 376 2296 apud
389 2256 697 2296 Westmonasterium,
711 2255 887 2287 duodecimo
901 2256 947 2287 die
959 2256 1109 2287 Februarii.

661 2336 716 2364 Per
730 2332 812 2373 ipsimi
826 2337 922 2372 Regem
937 2330 975 2369 ᾤ’
990 2334 1144 2364 concilium.

179 2458 240 2493 Ad
253 2461 368 2505 Papam
384 2486 394 2502 ‚
420 2459 513 2507 sttper
531 2458 738 2493 Matrimonia
756 2486 766 2502 ‚
801 2462 878 2492 inter
894 2457 1090 2492 Edwardum
1108 2458 1145 2492 de
1163 2462 1250 2492 Lete-

226 2506 320 2550 ham,
346 2512 484 2552 Scotum,
513 2513 550 2547 ᾤ’
570 2507 755 2555 Johannam
777 2507 926 2554 Clffird,
951 2508 1120 2555 Anglicam
1139 2535 1150 2552 ‚
1177 2509 1250 2556 plu-

224 2560 343 2590 rimum
361 2555 439 2603 hisce
456 2554 638 2604 temporibus
653 2567 820 2604 opportuno,
915 2559 917 2562 ’

131 2705 137 2711 .
157 2640 317 2720 ’,ΡΑῩΙῨΞ
326 2642 653 2721 ἓὲξῧὲδὲξὸῑεᾳυίηωτ,
672 2682 705 2713 &
726 2681 826 2712 libenti
844 2681 946 2712 Studio
962 2681 1186 2720 promovemus,
1202 2691 1251 2722 per

28 2723 70 2749 An
105 2731 147 2749 12.
181 2726 247 2761 quae
260 2719 344 2758 poffit
359 2721 432 2751 inter
443 2719 555 2750 nostros
569 2720 704 2751 Subditos
719 2722 795 2760 pacis
809 2720 913 2750 firmari
925 2721 1063 2751 sinceritas
1075 2721 1109 2751 ὃς
1125 2723 1235 2751 amoris.

29 2763 62 2787 Ε.
83 2768 108 2795 3.
217 2759 308 2796 Sane,
327 2758 396 2789 cum
409 2759 505 2788 dilecti
517 2758 615 2797 nobis,
633 2758 789 2790 Edwardm
804 2759 839 2789 de
848 2758 1002 2797 Leteham,
1021 2759 1140 2798 Scotus,
1154 2760 1188 2791 ὅτ
1218 2770 1253 2790 o-

158 2817 165 2825 .
181 2797 273 2828 hanna
288 2798 324 2829 de
337 2796 479 2835 Clifford,
497 2796 634 2836 Anglica,
650 2798 677 2828 se
697 2799 726 2828 in
740 2798 844 2829 Tertio
862 2799 897 2829 &
920 2798 1033 2837 Quarto
1049 2797 1150 2829 Gradu
1200 2808 1254 2829 on-

182 2836 369 2875 sanguinitatis
382 2836 416 2866 ad
430 2835 557 2866 invicem
573 2837 719 2874 attinentes
731 2860 741 2874 ,
766 2835 987 2867 Matrimonium
1002 2837 1038 2867 de
1050 2837 1128 2868 fae‘to
1140 2836 1254 2868 clande-

181 2868 255 2905 stine
270 2875 482 2912 contraxerint,
507 2873 624 2905 Amoris
638 2873 793 2906 Incentivo
808 2874 916 2906 deviffi
928 2898 939 2915 ,
963 2875 998 2906 ὃς
1017 2876 1056 2906 sic
1064 2898 1075 2915 ,
1094 2883 1126 2906 ut
1141 2875 1253 2914 Conju-

181 2921 247 2953 ges,
266 2915 369 2943 mutuo
384 2913 410 2943 se
425 2913 613 2953 pertraetent‚
837 2939 839 2941 ,
1184 2953 1189 2959 ·
1235 2954 1240 2959 .

220 2952 276 2991 Et,
295 2951 364 2982 cum
384 2952 435 2982 sint
454 2951 603 2982 hincinde
625 2951 718 2981 multis
733 2952 767 2982 &
784 2951 947 2991 potentibus
965 2953 1105 2993 utriusque
1117 2952 1255 2983 Nationis

182 2989 275 3029 stipati
288 2990 454 3021 Parentibus
467 2991 500 3021 ὃς
516 2989 644 3028 Amicis,
659 2990 780 3028 speratur
794 2991 890 3030 quod,
909 2991 929 3021 si
948 2990 1140 3031 Dispensative
1162 2993 1253 3030 poffet

180 3029 255 3060 inter
267 3039 316 3059 eos
331 3028 555 3059 Matrimonium
574 3028 716 3059 subiistere
730 3053 740 3068 ‚
766 3029 838 3059 foret
861 3030 934 3059 inter
955 3029 1047 3061 dic'kos
1061 3031 1193 3061 Parentes
1206 3031 1254 3061 fir-

182 3069 256 3098 mior
272 3067 483 3104 conglutinatio
497 3068 631 3104 caritatis,
648 3067 724 3105 quod
743 3067 811 3097 esset
832 3068 861 3098 iri
876 3068 928 3098 illis
943 3069 1082 3109 partibus,
1099 3069 1253 3107 praesertim

181 3106 232 3136 hiis
246 3107 266 3125 ²*
281 3106 464 3137 Turbationis
475 3106 687 3144 Temporibus,
705 3106 858 3144 plurimum
871 3115 1068 3146 oportunum,

219 3145 421 3184 Qamobrem
435 3144 535 3175 vestrae
550 3144 722 3175 Clementiae
735 3168 745 3183 ,
772 3155 838 3182 quae
858 3146 1000 3183 qualitates
1019 3146 1204 3177 Personarum
1218 3146 1252 3176 &

181 3182 366 3221 Temporum
390 3183 466 3213 reete
484 3185 565 3214 novit
585 3183 719 3214 discutere
734 3206 743 3222 ,
765 3185 868 3214 votivis
882 3184 1032 3215 affeetibus
1051 3185 1252 3225 supplicamus,

181 3222 328 3259 quatinus,
345 3221 492 3259 praemiffis
505 3222 661 3252 clementer
675 3223 799 3260 attentis,
819 3233 886 3253 cum
903 3224 1038 3261 praefatis,
1056 3223 1200 3254 Edwardo
1216 3225 1251 3254 &

179 3259 327 3330 1johanna,
349 3269 398 3298 ut,
416 3260 492 3292 dieta
505 3260 756 3300 Consanguinitate
769 3271 828 3291 non
844 3262 992 3302 obstante,
1009 3264 1087 3293 licite
1099 3262 1250 3303 possint&

193 3299 271 3329 ibere
286 3299 528 3330 matrimonialiter
542 3309 684 3330 remanere
700 3298 877 3339 Conjuneti,
895 3302 928 3331 δε
949 3309 979 3332 ut
996 3301 1092 3332 Proles
1113 3302 1122 3339 (
1131 3302 1151 3332 si
1164 3311 1250 3341 quam

182 3338 255 3367 inter
268 3346 331 3374 eos7
350 3336 497 3367 constante
511 3337 590 3368 dieto
607 3338 794 3368 Matrimoiiio
816 3341 956 3378 procreari
976 3342 1138 3381 contigerit)
1159 3340 1251 3380 legiti-

182 3374 381 3444 maCcensseatur
389 3399 398 3413 ,
410 3375 571 3445 gicignemini
583 3376 798 3408 misericorditer
811 3378 973 3420 dispensare.

251 3423 290 3444 on
302 3421 395 3453 ervet,
444 3423 470 3444 c.

30 3087 145 3122 !v.2.

216 3489 286 3522 Dat.
299 3490 373 3528 apud
384 3488 671 3522 Westmonasterium
680 3516 689 3530 ‚
709 3491 824 3523 decimo
835 3492 956 3531 septimo
969 3494 1014 3525 die
1030 3495 1178 3526 Februarii.

182 3618 234 3650 De
251 3617 461 3662 Prorogatione
477 3615 596 3662 Treugae
611 3642 621 3658 ‚
655 3616 831 3650 Proceribus
847 3621 942 3666 Regni
957 3647 967 3663 ‚
1000 3625 1037 3660 ὠ*
1059 3624 1249 3669 Confoedera-

349 3667 389 3696 tis
403 3663 558 3709 confitltis,
585 3667 659 3711 Regi
677 3667 810 3699 Franciae
824 3672 935 3702 iterum
951 3672 1086 3717 conceffa.

33 3749 171 3819 Ann.8D.
186 3749 321 3823 RPX
338 3748 489 3782 Universis
501 3773 511 3789 ,
532 3749 568 3781 ad
588 3760 659 3790 quos
678 3752 823 3789 praesentes
846 3753 952 3786 Literae
971 3758 1172 3798 pervenerint,
1199 3760 1250 3792 Sa-

58 3798 73 3820 1
136 3811 144 3819 .
268 3797 354 3820 utem.

34 3796 148 3858 ‚4713312-
223 3823 406 3858 Universitati
424 3827 525 3858 vestrae
536 3827 665 3858 volumus
680 3836 783 3860 notum
800 3832 895 3870 quod,

37 3871 77 3894 1-3„
88 3876 115 3902 3.
225 3862 306 3896 Cum
319 3867 392 3897 inter
407 3866 475 3897 Nos
489 3867 523 3897 δε
537 3865 787 3906 Consanguineum
801 3869 929 3901 nostrum
949 3870 1076 3903 Franciae
1095 3874 1154 3906 dira
1169 3885 1250 3915 guer-

35 3905 156 3934 Aleman.
188 3910 282 3933 rarum
295 3906 455 3940 commotio
469 3904 501 3936 sit
514 3913 624 3944 exorta,

42 3953 84 3971 12.
98 3947 130 3971 Ε.
147 3951 173 3980 3.
227 3939 266 3971 Et
286 3951 400 3981 propter
426 3943 484 3974 hoc
506 3945 539 3975 δε
553 3943 605 3975 alia
625 3943 756 3982 Negotia
775 3944 857 3977 ardua
871 3969 882 3985 ‚
905 3946 1098 3980 Sanfflffimus
1116 3949 1199 3982 Pater
1217 3953 1251 3983 δε

37 3987 64 4018 p.
82 3991 106 4010 i.
116 3991 154 4010 m.
189 3976 352 4019 Dominus,
367 3981 516 4013 Dominus
529 3982 696 4014 Benedictus
708 4007 718 4023 ,
742 3983 839 4015 divina
853 3985 1031 4025 providentia
1077 3988 1153 4028 Papa
1165 3990 1251 4021 Duo-

39 4028 55 4058 3
61 4028 86 4055 5,
189 4016 335 4056 decimus,
354 4022 519 4052 reverendos
532 4022 562 4051 in
583 4020 700 4052 Christo
722 4021 817 4053 Patres
831 4047 842 4062 ,
867 4023 1029 4064 Dominos,
1045 4010 1081 4057 P.
1095 4029 1166 4059 tituli
1180 4030 1252 4060 San-

186 4055 609 4126 ἂῆἕῖῗὲἀιῐξῖῑΙῑζτ-εὼίῑρωιη
619 4084 629 4100 ,
645 4061 678 4092 S<
693 4060 725 4093 B.
741 4060 852 4094 Sanetae
869 4061 974 4095 Mariae
987 4065 1020 4097 in
1034 4064 1160 4107 Aquiro,
1178 4066 1252 4100 Dia-

661 1132 690 1159 *
720 1132 792 1175 De
814 1133 992 1175 Prandio
1013 1133 1222 1176 Fratribus
1243 1130 1407 1172 Ordinis
1426 1130 1627 1171 Minorum
1646 1129 1850 1174 liberando.

1279 1249 1406 1279 conum,
1421 1238 1533 1272 Sanetae
1552 1240 1697 1273 Romanae
1720 1241 1855 1275 Ecclefiae
1870 1244 2030 1279 Cardinales
2043 1271 2054 1287 ‚
2077 1250 2112 1281 ad
2133 1249 2235 1291 Regna
2254 1251 2343 1284 Fran-
2359 1248 2436 1282 Αηη.
2450 1247 2494 1284 De

1279 1280 1334 1310 ciae
1347 1280 1381 1310 ὅτ,
1395 1279 1507 1319 Angliae
1519 1279 1628 1311 duxerit
1640 1281 1833 1322 destinandos,
2381 1290 2470 1332 1338·

1318 1317 1465 1358 Iide'mque
1477 1317 1603 1350 Domini
1615 1320 1777 1352 Cardinales
1786 1345 1795 1360 ,
1813 1324 1886 1354 inter
1905 1332 2006 1356 caetera
2019 1349 2029 1364 ,
2055 1337 2124 1357 cum
2137 1328 2266 1360 instantia
2279 1341 2344 1372 pro-
2358 1332 2427 1362 Edv.
2444 1338 2471 1366 3·

1281 1357 1364 1396 vida,
1383 1365 1417 1387 ex
1430 1365 1507 1401 parte
1518 1357 1596 1389 Sedis
1610 1357 1787 1397 Apostolicae
1802 1384 1812 1400 ,
1834 1361 1973 1401 petierunt
1985 1365 2056 1395 inter
2070 1366 2139 1397 Nos
2152 1368 2278 1408 Treugas
2292 1372 2346 1401 ini-

1283 1397 1329 1433 ri,
1353 1404 1383 1427 ut
1397 1418 1407 1434 ,
1431 1396 1493 1434 ipsis
1515 1396 1703 1437 durantibus,
1724 1399 1835 1438 possent
1855 1401 1962 1441 plenius
1984 1403 2018 1434 &
2037 1403 2158 1436 securius
2178 1408 2293 1438 tractare
2311 1409 2349 1441 de

1283 1444 1371 1473 pace,

1323 1473 1408 1511 Nos,

1325 1509 1383 1542 Pro
1399 1521 1434 1542 eo
1456 1512 1550 1550 quod,
1569 1511 1694 1545 Praelatis
1706 1539 1717 1554 ,
1740 1516 1775 1548 ὃς
1793 1515 1962 1549 Proceribus
1975 1542 1986 1558 ,
2009 1529 2043 1551 ac
2059 1519 2243 1562 Magnatibus
2255 1523 2354 1565 Regni

1288 1549 1393 1594 nostri,
1409 1560 1524 1581 necnon
1538 1550 1749 1585 Confoederatis
1763 1556 1866 1587 nostris
1881 1558 2015 1597 (quorum
2036 1560 2161 1599 interest)
2177 1562 2356 1603 inconsultis,

1287 1588 1374 1619 dietae
1394 1588 1517 1629 Treugae
1535 1598 1604 1620 tunc
1626 1591 1754 1624 assentire
1770 1605 1830 1627 non
1851 1604 2011 1634 poteramus
2027 1621 2038 1637 ,
2061 1598 2282 1633 Parliamentum
2303 1613 2357 1635 no-

1287 1627 1376 1673 strum
1389 1650 1400 1666 ,
1421 1628 1496 1673 apud
1511 1629 1806 1674 ‘westmonasterium
1819 1657 1828 1672 ‚
1852 1636 1883 1665 in
1901 1636 2024 1667 crastino
2045 1637 2247 1671 Purificationis
2267 1641 2358 1673 beatae

1290 1665 1395 1697 Manae
1407 1665 1530 1706 Virginis
1541 1690 1552 1707 ,
1575 1668 1681 1700 ultimo
1700 1672 1842 1708 praeterito
1857 1696 1868 1711 ,
1891 1675 2115 1708 mandaverimus
2129 1682 2304 1719 convocari,
2326 1689 2359 1713 ut

1288 1705 1348 1735 tam
1363 1706 1487 1743 ipsorum
1500 1705 1701 1747 Praelatorum,
1720 1710 1753 1740 &
1767 1709 1924 1743 Procerum
1938 1737 1947 1752 ,
1973 1724 2006 1744 ac
2023 1714 2276 1750 Communitatum
2287 1720 2358 1752 dieti

1289 1743 1391 1782 Regni
1414 1743 1504 1775 nostri
1516 1768 1527 1784 ,
1555 1746 1640 1784 quam
1659 1746 1930 1781 Confoederatorum
1951 1752 2115 1785 nostrorum
2137 1758 2360 1799 praedictorum,

1289 1783 1393 1852 &abere
1406 1782 1548 1822 poss'emus
1566 1783 1799 1819 deliberationem
1818 1789 1888 1829 quid
1907 1791 2055 1829 agendum
2074 1794 2148 1826 foret
2164 1796 2314 1829 consultius
2327 1799 2359 1830 in

1282 1832 1286 1835 -
1309 1832 1343 1854 ac
1357 1831 1451 1861 parte,

1328 1860 1520 1900 Volentesque
1532 1862 1656 1902 ipsorum
1672 1863 1870 1898 Domiuorum
1887 1867 2079 1902 Cardinalium
2092 1871 2248 1914 desideriis,
2266 1884 2362 1915 quate-

1290 1910 1342 1931 nus
1356 1901 1501 1937 potuimus
1537 1902 1764 1935 condescendere
1778 1906 1808 1935 in
1823 1907 1983 1946 praemiffis,

1331 1938 1487 1983 Qandam
1502 1923 1711 1980 Cessationem‚
1727 1944 1821 1982 primo
1836 1945 1920 1985 usque
1933 1946 2043 1978 dictum
2058 1948 2212 1982 crastinum
2227 1951 2363 1986 Purifica-

1290 1978 1394 2016 tionis,
1409 1978 1442 2009 δε
1455 1978 1642 2018 postmodum
1655 1981 1741 2019 usque
1753 1982 1788 2013 ad
1802 1985 1926 2023 primum
1939 1985 2017 2016 diem
2034 1985 2155 2028 Martii,
2180 1998 2250 2022 tunc
2266 1993 2363 2030 proxi-

1292 2018 1345 2046 mo
1361 2016 1506 2056 futurum,
1522 2017 1573 2048 sub
1588 2019 1664 2051 certa
1677 2019 1770 2052 forma
1782 2021 1943 2055 duxerimus
1958 2025 2190 2067 concedendam,

1330 2054 1388 2094 Ita,
1407 2055 1554 2096 videlicet,
1572 2057 1670 2098 quod,
1688 2060 1756 2090 citra
1777 2061 1900 2092 eundem
1919 2064 2047 2102 primum
2061 2063 2139 2096 diem
2160 2066 2284 2108 Martii,
2307 2079 2362 2101 nec

1293 2093 1373 2134 post,
1392 2093 1486 2125 donec
1502 2098 1682 2139 'contrarium
1701 2097 1936 2141 demandaretur,
1955 2112 1991 2132 ex
2009 2112 2087 2144 parte
2102 2105 2200 2136 nostri
2215 2129 2225 2144 ,
2251 2108 2297 2138 vel
2314 2118 2363 2148 per

1284 2133 1406 2167 ‚nostros
1420 2133 1572 2171 Subditos,
1589 2136 1666 2167 nulla
1687 2136 1764 2168 fieret
1779 2137 1889 2171 lnvafio
1903 2164 1912 2177 ,
1935 2150 1989 2172 nec
2009 2142 2127 2180 praefato
2141 2143 2256 2176 Consan
2279 2148 2365 2177 uineo

1294 2171 1394 2202 nostro
1409 2195 1418 2210 ,
1440 2182 1533 2211 neque
1551 2173 1603 2204 suis
1618 2197 1627 2212 ,
1651 2185 1705 2207 nec
1720 2176 1809 2216 locis,
1827 2187 1882 2209 nec
1899 2179 1995 2211 Terris
2006 2204 2017 2220 ,
2042 2191 2096 2212 nec
2117 2184 2249 2222 gentibus
2300 2187 2365 2226 egni

1294 2210 1319 2240 F
1321 2211 1440 2248 ranciae,
1459 2211 1566 2242 malum
1581 2213 1693 2254 aliquod
1708 2215 1870 2256 inferretur,

1332 2249 1466 2279 Tandem
1480 2249 1565 2290 Nos,

1330 2286 1457 2326 Habita,
1473 2289 1502 2319 in
1516 2289 1597 2320 dieto
1610 2288 1816 2333 Parliamento,
1833 2302 1901 2324 cum
1923 2293 2063 2336 Praelatis,
2081 2298 2115 2330 ὃς
2128 2298 2314 2341 Proceribus,
2332 2312 2366 2333 ac

1297 2325 1562 2359 Communitatibus
1580 2328 1676 2368 Regni
1697 2330 1787 2361 nostri
1807 2332 1948 2370 praediffls
1959 2357 1971 2373 ,
1994 2345 2110 2367 necnon
2131 2348 2200 2369 cum
2221 2339 2368 2380 Nubefis,

1295 2365 1330 2408 ad
1344 2364 1412 2395 Nos
1425 2365 1461 2396 de
1472 2366 1555 2397 dietis
1571 2366 1783 2402 Confoederatis
1799 2371 1902 2402 nostris
1915 2373 2128 2415 accedentibus,
2143 2378 2223 2416 super
2235 2378 2288 2410 hiis
2303 2378 2366 2411 De-

1296 2403 1464 2436 hberatione
1476 2405 1611 2445 pleniori,

1335 2441 1419 2473 Licet
1434 2467 1444 2482 ‚
1469 2445 1647 2477 consideratis
1662 2447 1791 2486 qualitate
1809 2451 1944 2488 temporis
1963 2452 2018 2489 jam
2033 2454 2168 2485 currentis
2182 2455 2216 2486 &
2232 2455 2299 2487 faeti
2313 2457 2369 2488 cir-

1298 2481 1473 2525 cumstantiis
1484 2506 1494 2522 ,
1521 2483 1621 2514 Nobis
1641 2485 1675 2516 ὃς
1695 2485 1761 2525 Ipsis
1781 2487 1871 2518 visum
1889 2488 1973 2520 fuerit
1991 2491 2181 2530 periculosum
2196 2493 2258 2524 fore
2272 2495 2370 2526 multia

1297 2520 1409 2564 pliciter
1430 2522 1464 2552 &
1482 2521 1671 2563 dampnosum
1690 2526 1811 2565 aliquam
1832 2525 2026 2560 Ceffationem
2041 2530 2086 2561 seu
2106 2531 2286 2564 Dilationem
2301 2533 2372 2565 ulte-2

1297 2559 1356 2589 rius
1372 2560 1548 2600 concedere,

1335 2598 1467 2638 Tamen,
1486 2610 1516 2630 ut
1530 2600 1640 2631 cundiis
1653 2609 1743 2644 pateat
1762 2602 1878 2635 affectus
1893 2605 2056 2644 benivolus,
2075 2618 2162 2648 quem
2183 2609 2318 2641 habemus
2330 2611 2366 2643 ad

1296 2645 1420 2669 ,omnem
1437 2639 1631 2669 rationabilem
1645 2650 1721 2671 viam
1737 2641 1834 2682 Pacis,
1850 2644 1883 2674 &
1897 2644 1932 2675 ad
1947 2645 2018 2676 dieti
2031 2645 2156 2678 Domini
2169 2649 2282 2680 Summi
2291 2649 2371 2681 Pon-

1299 2674 1380 2706 iificis
1392 2676 1425 2706 ὃς
1439 2676 1519 2707 Sedis
1531 2677 1707 2717 Apostolicae
1726 2683 1910 2713 reverentiam
1924 2705 1934 2722 ,
1961 2684 1995 2715 &
2019 2686 2059 2715 ob
2070 2685 2265 2718 Dilecstionem
2281 2688 2372 2719 since-

1299 2723 1359 2744 ram
1374 2725 1459 2753 quam
1474 2716 1508 2746 ad
1530 2717 1676 2756 personam
1695 2719 1771 2750 suam
1793 2722 1955 2759 optinemus
1969 2745 1979 2761 ‚
2004 2732 2037 2754 ac
2051 2726 2244 2757 continuatam
2265 2726 2371 2758 instan-

1300 2753 1369 2784 tiam
1384 2754 1587 2794 praediemrum
1604 2755 1804 2789 Dominorum
1819 2758 2028 2801 Cardinalium,

1337 2791 1385 2822 Ad
1400 2793 1574 2824 tractandum
1589 2793 1626 2825 de
1639 2795 1759 2836 Treugis
1772 2820 1783 2836 ‚
1807 2798 1841 2829 ὃς
1858 2800 2012 2830 rationabili
2030 2801 2073 2833 via
2087 2800 2171 2834 Pacis
2182 2825 2193 2841 ,
2215 2804 2372 2843 optulimus

1301 2840 1353 2861 nos
1369 2840 1494 2870 paratOS,

1338 2868 1375 2899 Et
1390 2870 1500 2908 insuper
1513 2870 1730 2912 Conceffimus,
1749 2874 1783 2906 ὃς
1798 2874 2009 2914 Concedimus,
2026 2878 2104 2918 quod
2115 2902 2125 2917 ,
2141 2881 2211 2912 citra
2223 2880 2372 2915 diemNa-

1300 2907 1412 2938 tivitatis
1423 2908 1518 2939 Sanffl
1528 2910 1668 2948 Johannis
1687 2911 1822 2951 Baptistae
1841 2916 1976 2955 proximo
1997 2916 2123 2948 futurum
2137 2941 2148 2957 ‚
2173 2920 2246 2951 nulla
2260 2920 2306 2952 fiet
2320 2921 2371 2952 In-

1299 2946 1393 2985 vasio,
1411 2957 1466 2978 nec
1479 2947 1653 2988 dampnum,
1670 2958 1716 2981 aut
1735 2952 1852 2992 injuria,
1868 2954 1914 2984 vel
1932 2963 2081 2994 gravamen
2092 2979 2102 2994 ,
2128 2957 2158 2987 in
2179 2958 2303 2991 Personis
2323 2961 2370 2992 vel

1300 2983 1400 3029 Rebus
1415 3010 1424 3024 ,
1448 2986 1572 3031 praefato,
1585 2986 1802 3058 Consarguineo
1816 2991 1916 3023 nostro
1930 3015 1940 3031 ,
1967 3003 2059 3034 neque
2077 2995 2129 3026 suis
2143 2996 2266 3028 Subditis
2280 3022 2289 3038 ‚
2313 3009 2370 3030 nec

1300 3023 1388 3054 Locis
1421 3035 1475 3056 nec
1488 3025 1602 3066 Terris,
1620 3037 1674 3058 nec
1720 3030 1829 3060 entibus
1845 3030 1946 3069 Regni
1965 3031 2110 3073 Franciae,
2128 3044 2177 3072 per
2189 3036 2310 3068 Terram
2324 3037 2370 3068 vel

1298 3072 1350 3100 per
1363 3047 1465 3103 Niare,
1481 3074 1496 3095 a
1509 3063 1606 3096 Nobis
1620 3065 1666 3097 vel
1680 3066 1803 3098 Subditis
1818 3069 1919 3100 nostris
1934 3093 1944 3109 ‚
1968 3081 2024 3103 nec
2045 3073 2081 3103 ab
2094 3072 2168 3112 aliis,
2185 3076 2303 3107 nomine
2315 3086 2372 3108 no-

1298 3100 1357 3131 stro
1370 3102 1414 3132 seu
1430 3103 1578 3142 mandato,
1594 3105 1701 3135 malum
1715 3106 1829 3146 aliquod
1845 3109 1994 3149 inferetur,

1335 3139 1382 3184 ᾼρ
1398 3142 1498 3180 etiam,
1517 3152 1569 3179 pro
1581 3142 1697 3182 Nobis,
1714 3146 1748 3176 &
1763 3145 1906 3178 Gentibus
1926 3149 2026 3180 nostris
2037 3173 2047 3188 ,
2090 3151 2219 3183 raefatum
2238 3151 2368 3185 Consan-

1297 3186 1433 3224 guineurn
1447 3179 1595 3225 nostrum,
1613 3182 1647 3213 &
1666 3182 1727 3214 suos
1747 3183 1881 3216 Subditos
1893 3209 1902 3225 ,
1926 3187 2028 3226 Loca,
2082 3199 2153 3220 erras
2168 3212 2179 3229 ,
2205 3191 2238 3222 &
2258 3192 2368 3225 Gentes

1298 3218 1429 3256 praedicti
1443 3217 1540 3258 Regni
1554 3219 1698 3260 Francius,
1715 3223 1886 3264 iecuramus,
1905 3226 1996 3266 eisque
2011 3227 2187 3260 securitatem
2201 3232 2368 3268 praestamus

1298 3265 1348 3292 per
1360 3265 1472 3295 tempus
1487 3258 1674 3296 iiipradicstum
1689 3272 1699 3298 3
1725 3264 1922 3301 promittentes
1934 3287 1944 3302 ,
1971 3264 1990 3284 ²*
2008 3265 2082 3296 bona
2100 3267 2157 3299 fide
2170 3292 2180 3306 ‚
2206 3269 2366 3310 hujusmodi

1297 3293 1490 3365 Ceqffitionoedm
1506 3298 1539 3328 &
1551 3297 1736 3330 Securitatem
1750 3300 1872 3340 servare,
1891 3302 1925 3333 δε
1939 3302 2030 3334 facere
2043 3305 2190 3338 observari.

1361 3343 1378 3364 c
1392 3344 1429 3372 qu

1336 3372 1365 3402 Si
1381 3383 1430 3410 per
1442 3358 1487 3404 ali’
1500 3384 1545 3405 uas
1557 3374 1706 3414 Personas,
1725 3375 1870 3408 Dominio
1882 3378 1927 3409 seu
1944 3378 2078 3413 Potestati
2098 3383 2201 3414 nostrae
2214 3385 2349 3424 subjeetas
2364 3392 2365 3395 ’

1296 3409 1455 3448 hujusmodi
1471 3385 1663 3444 &effationem
1676 3415 1720 3446 seu
1740 3415 1926 3447 Securitatem
1947 3421 2166 3458 quomodolibet
2180 3424 2295 3465 infringi
2318 3411 2365 3458 vei

1295 3450 1393 3480 violari
1408 3453 1572 3491 contigerit,
1591 3453 1624 3483 δε
1638 3452 1696 3484 lioc
1711 3453 1745 3483 ad
1758 3454 1846 3485 nostri
1860 3458 1987 3486 notitiam
2003 3461 2177 3499 pervenerit,

1334 3487 1358 3517 F
1358 3489 1483 3520 aciemus
1495 3489 1554 3520 fieri
1567 3490 1701 3529 Dampna
1713 3492 1792 3530 paffiS
1806 3493 1933 3525 debitam
1947 3495 2173 3529 Restitutionem
2185 3522 2195 3538 ,
2219 3501 2264 3532 seu
2279 3502 2363 3535 Satis·-

1294 3525 1469 3567 faffionem,
1486 3529 1522 3559 de
1535 3528 1620 3559 Bonis
1631 3529 1868 3570 Delinquentium
1883 3541 2014 3571 quatenus
2025 3535 2164 3569 sufficient
2213 3540 2248 3570 δε
2261 3541 2296 3572 ad
2310 3553 2363 3575 nos

1293 3566 1442 3604 pertinebit
1454 3590 1464 3605 ,
1487 3568 1522 3598 &
1542 3577 1641 3599 contra
1656 3568 1742 3600 Delin
1765 3580 1859 3601 uenies
1868 3570 2035 3609 ‘hujusmodi
2048 3597 2058 3612 ,
2082 3562 2236 3609 secundum
2253 3579 2363 3621 Legem

1293 3604 1328 3634 &
1343 3603 1585 3636 Consuetudinem
1599 3607 1695 3646 Regni
1707 3618 1746 3638 no
1785 3609 1811 3647 i,
1828 3619 1861 3640 ac
1875 3611 1958 3640 etiarn
1977 3621 2076 3643 contra
2092 3613 2251 3649 Violatores
2263 3619 2362 3652 Ceffa-

1294 3642 1378 3672 tionis
1392 3643 1425 3673 &
1440 3644 1599 3675 Securitatis
1619 3645 1833 3685 praedifflirum,
1852 3649 2038 3686 procedemus
2052 3662 2136 3691 prout
2149 3655 2250 3693 justitia
2264 3658 2360 3691 suade-

1292 3680 1355 3749 giu
1371 3680 1535 3726 Cessatione
1550 3685 1584 3715 ὃ(
1599 3684 1754 3715 securitate
1766 3686 1908 3726 praedictis
1927 3689 2132 3723 nichilominus
2145 3695 2176 3724 in
2191 3694 2240 3726 suo
2254 3698 2360 3731 robore

1315 3728 1437 3750 uraturis.
1920 3742 1925 3747 „

1334 3756 1538 3790 Mandabimus
1556 3761 1638 3790 etiam
1659 3761 1813 3793 confestIm
1834 3763 1991 3796 Senescallo
2011 3767 2110 3799 nostro
2131 3770 2277 3805 Vasconiae
2324 3777 2358 3809 ὃς

1295 3794 1419 3827 Custodi
1431 3798 1531 3828 nostro
1546 3799 1686 3838 Quinque
1699 3800 1840 3832 Portuum
1848 3827 1859 3842 ,
1873 3814 1906 3835 ac
1921 3804 2032 3836 Ballivis
2050 3808 2085 3837 &
2099 3807 2278 3844 Hominibus
2290 3798 2360 3846 {iio-

1296 3844 1360 3864 rum
1371 3835 1522 3875 iocorum,
1537 3837 1567 3867 in
1582 3839 1684 3876 quibus
1702 3840 1836 3871 habemus
1853 3844 1966 3881 copiam
1979 3843 2114 3877 Navium
2127 3870 2138 3887 ,
2158 3849 2235 3888 quod
2251 3862 2301 3890 per
2316 3853 2358 3884 di-

1296 3872 1377 3917 §tum
1390 3883 1500 3913 tempus
1514 3885 1574 3906 non
1587 3878 1707 3917 faciant,
1723 3889 1779 3910 nec
1790 3882 1952 3918 permittant
1965 3881 2025 3913 fieri
2039 3885 2067 3914 in
2081 3885 2170 3918 Terra
2188 3889 2233 3919 vel
2248 3892 2277 3920 in
2291 3892 2358 3923 Ma-

1293 3921 1318 3941 ri
1332 3913 1451 3949 praefato
1463 3913 1682 3954 Conffinguineo
1695 3918 1794 3948 nostro
1828 3919 1884 3950 sive
1896 3921 1947 3950 suis
1960 3920 2100 3962 Subditis,
2114 3935 2169 3957 nec
2184 3926 2274 3959 Locis
2303 3940 2358 3961 nec

1294 3948 1390 3980 Terris
1403 3974 1412 3989 ,
1438 3962 1493 3982 nec
1515 3952 1658 3997 Gentibus
1678 3955 1775 3996 Regni
1799 3941 1927 3990 Pranciae
1940 3982 1950 3998 ,
1983 3961 2012 3991 in
2031 3960 2159 3995 Personis
2177 3967 2222 3996 vel
2242 3952 2356 4007 Re'aebus,

1294 3987 1482 4033 Darnpnum,
1500 3991 1651 4033 Iniuriam,
1669 3995 1714 4026 vel
1729 3996 1908 4027 Gravamen:
1927 4000 1962 4029 &
1975 4000 2052 4038 quod
2065 4024 2076 4040 ,
2101 4012 2136 4033 ex
2150 4013 2227 4042 parte
2246 4006 2357 4045 nostra,

1294 4029 1428 4059 omnibus
1439 4029 1563 4061 Subditis
1576 4032 1678 4063 nostris
1689 4034 1791 4065 faciant
1803 4036 1918 4073 publice
1936 4038 2098 4080 prohiberi,
2113 4043 2150 4072 ne
2165 4044 2225 4081 quis
2240 4053 2358 4083 eorum,

1296 4066 1348 4097 sub
1359 4076 1446 4106 poena
1460 4070 1592 4102 omnium
1603 4081 1670 4111 quae
1683 4073 1769 4105 nobis
1781 4074 1942 4108 forisfacere
1956 4080 2075 4118 poterit,
2093 4082 2243 4121 quicquam
2262 4090 2360 4114 contra

1858 4122 1879 4145 2
2255 4119 2363 4161 nostras

2384 3270 2486 3309 ’ως
