2562 4279
708 141 817 196 ET
898 152 1165 195 ACTA
1248 150 1718 194 PUBLicA.

8 247 83 278 Ann.
91 245 123 276 D

28 293 112 324 1329.

282 280 397 312 Eodem
408 280 500 312 modo
514 278 677 311 mandatum
693 277 733 309 est
749 277 922 316 subscriptis,
939 276 1087 314 videlicet,

6 326 73 352 Ην.
93 332 121 359 3·
743 357 874 384 munitati
890 355 918 383 V
919 352 974 382 illae
988 353 1020 381 de
1034 353 1195 391 Linquiceo,

705 393 799 423 Probt's
812 390 971 421 Hominibus
985 388 1022 424 ό
1031 394 1083 418 toti
1091 394 1213 418 Commu-

743 434 828 460 nitati
842 433 870 459 V
870 429 924 458 illae
938 430 969 458 de
986 430 1014 457 V
1011 427 1130 463 illeban,

704 469 799 499 Probir
807 466 966 497 Hominibus
982 465 1020 500 ὀ·
1033 469 1086 495 toti
1092 469 1214 495 Commu-

742 509 826 536 nitati
841 508 868 534 V
869 504 924 534 illae
939 505 972 534 de
986 507 1092 534 Vermeo

705 542 822 582 Alfonso
835 542 930 583 Garfie
943 543 975 572 de
989 527 1139 583 Valpoyfie,

707 586 835 612 Martino
850 582 926 610 Piers
941 583 1048 610 Darret
1057 603 1067 619 ,

706 619 793 661 Roqfio
807 621 912 649 Pierres
925 619 957 648 de
971 622 1104 648 Torcones.

153 356 241 398 Rocfio
252 358 376 388 Sanchez
390 361 555 398 Dermynte,

153 400 270 426 Demoni
285 400 400 434 Dragon
409 420 419 436 ,

154 434 243 475 Roefio
257 435 351 503 Gaifie
364 436 396 464 de
411 437 471 464 Las
487 437 585 471 Cones,

157 476 282 510 Dragani
326 477 386 512 opiz
401 472 506 510 Palon,

156 511 274 551 Alfonfit
290 515 406 542 Domino
419 511 450 540 de
465 507 619 550 Ruyfi’refi,

157 553 285 580 Martino
299 549 431 581 Sanchez.

157 588 287 627 Johanm·
302 588 426 619 Sanchez
446 586 479 617 de
498 588 596 615 Monte
609 582 668 614 Al-

195 634 240 665 to,

157 664 253 696 Probis
271 663 432 695 Hominibus
450 660 490 697 ὠ·
513 663 566 690 toti
592 664 670 690 Com-

264 788 325 823 Ad
336 790 500 822 Dominam
517 783 554 817 de
569 784 670 832 Biftay
682 808 692 825 ‚
710 782 803 828 super
814 780 960 828 praea'ic‘lis
976 782 1111 827 Nuptiis.

17 870 92 902 Ann.
109 868 148 900 D·
240 872 321 904 Obili
342 871 456 904 Mulieri
476 869 615 900 Dominae
636 865 754 903 Mariae,
772 866 911 897 Dominae
934 866 970 898 de
990 866 1120 905 Biscaye,
1139 863 1219 895 Salu-

39 917 124 948 ¹329·
257 922 316 943 tem
331 912 365 943 &
379 910 494 940 fincerae
506 907 662 937 dilectionis
678 905 825 935 affeetum.
1056 944 1060 948 Ι
1131 942 1136 947 .

17 952 71 976 An.
88 957 113 984 3-
201 951 291 989 Super
309 946 472 987 quibusdam
487 944 621 984 Negotiis
640 945 705 981 (pro
718 944 818 982 quibus
827 943 894 987 ¹ali-<Eis
909 943 992 973 nobis
1010 940 1166 986 scriplisp13‚
1178 941 1218 985 ,δε

16 990 55 1030 Εχ
69 994 94 1021 3·
163 1000 216 1029 pro
232 989 333 1030 quibus
345 985 408 1016 alias
424 985 506 1028 uobis
519 983 701 1027 meminimus
713 992 766 1026 nos
782 982 926 1025 scripliffe)
942 991 1006 1019 quae
1019 981 1221 1025 specialiterin-

17 1023 82 1053 Wd·
164 1029 252 1059 fident
266 1025 347 1056 nobis
361 1021 460 1060 cordi,
477 1021 584 1052 dilectis
599 1022 632 1052 ὃς
645 1020 771 1051 fidelibus
786 1020 903 1058 nostris,
917 1020 1043 1058 Johanni
1056 1019 1091 1049 de
1099 1017 1222 1049 Hauste-

161 1065 198 1098 de
213 1089 224 1104 ‚
243 1063 355 1100 Militi,
375 1062 409 1093 &
430 1059 571 1100 Magistro
593 1059 679 1090 Petro
701 1059 736 1089 de
757 1058 925 1096 Galiciano,
945 1057 1098 1088 Canonico
1121 1057 1221 1095 Agen-

162 1103 240 1135 nenfi
272 1108 374 1132 votum
390 1100 547 1138 aperuimus
561 1099 660 1128 mentis
675 1097 794 1136 nostrae,
812 1098 895 1128 vobis
911 1106 960 1134 per
975 1096 1088 1127 eosdem
1102 1104 1137 1126 ex
1147 1102 1222 1133 parte

163 1125 259 1173 nostrii
280 1138 402 1170 seriosius
427 1137 627 1175 exponendum
643 1148 654 1174 .·,
674 1137 774 1173 quibus
788 1158 798 1173 ‚
816 1135 836 1166 si
857 1136 970 1173 placet,
990 1134 1076 1165 fidem
1098 1134 1224 1172 praebere

162 1180 251 1212 velitis
265 1177 410 1208 indubiam
426 1177 454 1205 in
468 1175 612 1213 dicendis,
626 1176 658 1206 ὃ(
668 1198 677 1212 ,
696 1183 726 1204 ut
742 1172 857 1204 effec‘tui
871 1175 1082 1211 mancipentur,
1097 1171 1224 1204 vestrum

162 1216 325 1249 Consilium
340 1216 374 1247 &
393 1213 543 1246 Affensum
556 1213 691 1245 benivole
706 1213 852 1251 impertiri.

200 1292 268 1326 Dat.
284 1302 316 1325 ut
331 1292 417 1331 supra.

201 1368 316 1402 Eodem
330 1368 422 1401 modo
438 1368 602 1400 mandatum
616 1367 657 1399 est
666 1367 792 1406 Johanni
809 1365 939 1397 Manuel.

299 1495 449 1529 Dominus
463 1492 500 1528 de
518 1492 632 1536 Cukde
656 1494 784 1528 Concilio
803 1495 889 1540 Reges
906 1490 1084 1527 retinendus.

230 1578 291 1611 EX
309 1578 474 1618 Universis,
489 1579 524 1610 ad
560 1590 611 1611 uos
629 1580 689 1611 &c.
707 1578 839 1610 Salutem.

27 1581 227 1637 Ann'D'R
265 1618 414 1649 Noveritis
429 1618 510 1657 quod
560 1629 593 1649 os

25 1638 132 1697 alaim]
214 1656 263 1688 De
283 1657 412 1688 circurns
425 1658 537 1688 ectione
557 1643 765 1693 &'industria,
782 1654 953 1685 dilectorum
975 1654 1009 1685 ὃς
1031 1651 1156 1697 fidelium
1177 1659 1233 1680 no-

23 1710 56 1736 13,
77 1679 113 1743 3}
176 1693 300 1726 strorum
344 1695 405 1725 Wil
418 1696 493 1725 ielmi
513 1695 548 1725 de
568 1695 676 1725 Monte
699 1694 810 1731 Acuco,
828 1695 862 1724 ὃς
884 1691 1086 1723 Bartholomaei
1105 1691 1142 1721 de
1163 1688 1233 1720 Bur-

27 1749 86 1774 pM,
106 1754 130 1782 3,
176 1733 294 1773 ghersh,
313 1718 461 1772 Militum,
477 1733 599 1774 plenarie
613 1732 804 1769 confidentes,
1124 1768 1129 1773 1

27 1786 57 1812 Ε,
75 1793 86 1820 3
116 1789 132 1821 p
215 1772 290 1811 Ipsos
310 1772 508 1804 constituimus
530 1772 563 1803 &
581 1771 742 1801 ordinamus
764 1769 964 1799 Procuratores
978 1769 1012 1799 ὅτ
1027 1766 1164 1798 Niincios
1178 1776 1234 1796 no-

430 1811 449 1829 *
468 1810 502 1840 ad
523 1809 701 1840 tractandum
721 1817 789 1837 cum
801 1832 812 1854 2
837 1807 927 1837 nobili
948 1808 1012 1838 viro
1030 1822 1080 1827 —-
1099 1805 1233 1836 Domino

175 1849 297 1888 Odino,
315 1848 449 1879 Domino
464 1848 500 1878 de
515 1846 600 1887 Cuk,
617 1847 653 1878 de
666 1845 755 1877 Morfa
768 1846 815 1876 sua
827 1846 975 1877 nobiscum
984 1845 1037 1884 ,de
1049 1844 1186 1875 Concilio
1199 1845 1234 1875 &

176 1887 340 1919 Retinentia
353 1886 466 1924 nostri,
485 1885 519 1917 ad
533 1895 623 1917 totam
637 1886 724 1916 vitam
739 1884 829 1915 suam:

212 1925 251 1957 Et
263 1927 298 1956 de
311 1924 513 1964 affignatione,
531 1925 557 1955 ei
571 1924 672 1955 nostro
686 1924 804 1953 nomine
819 1922 964 1961 faciendi,
975 1922 1010 1952 de
1022 1922 1137 1960 Terris,
1154 1919 1235 1951 Red-

173 1962 293 2002 ditibus,
310 1964 357 1995 seu
372 1963 559 1994 Pecuniarum
576 1963 718 2000 Summis,
736 1971 789 1999 pro
803 1960 893 1991 Mora
906 1961 951 1991 sua
968 1960 1119 2001 praediista,
1139 1968 1235 2003 prout,

172 2004 251 2042 juxta
266 2003 454 2033 Discretiones
467 2002 539 2040 suas,
559 2012 613 2040 pro
628 2000 728 2031 nostro
750 2000 879 2038 honore,
898 1999 932 2030 &
955 1999 1134 2037 commodo,
1153 2007 1237 2029 ratio-

178 2040 306 2073 nabiliter
322 2040 383 2071 fore
396 2040 517 2071 viderint
528 2039 706 2076 faciendum,

214 2078 415 2110 Promittentes
436 2078 504 2109 Nos
527 2086 635 2114 ratum,
653 2078 686 2107 &
706 2076 820 2106 firmum
837 2100 847 2114 ,
863 2076 1009 2106 habituros
1029 2074 1166 2114 quicquid
1189 2084 1238 2113 per

178 2117 309 2153 eosdem,
327 2115 520 2147 Willielmum
533 2117 566 2148 &
580 2115 822 2147 Bartliolomaeum
831 2138 840 2153 ‚
853 2115 965 2156 gestum
979 2116 1013 2146 ὅτ.
1027 2114 1238 2146 concordatum

179 2155 264 2186 fuerit
279 2155 307 2184 in
322 2153 476 2192 praemiffiS.

217 2230 252 2263 In
267 2232 346 2270 cujus
354 2255 364 2270 ,
383 2231 445 2263 &c-

27 1830 55 1850 ι.
74 1831 106 1849 m
121 1806 162 1856 1'9-
176 1810 248 1842 stros
268 1810 412 1854 speciales,

29 1860 47 1877 ⁸
67 1859 120 1887 IV.

28 1904 96 1934 405.

218 2307 288 2340 Dat.
304 2307 378 2348 apud
394 2308 607 2341 Gloucestriatn
615 2333 626 2350 ‚
644 2307 783 2343 vicesimo
797 2317 896 2347 quarto
909 2309 955 2341 die
969 2308 1151 2348 Septembris.

186 2435 281 2480 Super
299 2433 523 2481 Dtffi’ifionibus
542 2439 619 2469 inter
634 2435 894 2483 ArchIepiscopum
920 2433 1074 2478 Eborum,
1110 2437 1147 2473 ό·
1167 2436 1242 2481 Epi-

529 2486 653 2531 scopum
668 2485 910 2530 Dunolmenfi’m.

34 2571 113 2603 Ann.
127 2568 169 2602 D.
185 2565 316 2624 REX,
334 2567 486 2599 venerabili
507 2569 537 2598 in
559 2569 678 2600 Christo
700 2568 793 2607 Patri,
810 2567 864 2600 W.
886 2568 984 2600 eadem
1005 2568 1109 2609 gratia,
1126 2568 1247 2600 Archie-

57 2618 142 2649 1329.
259 2607 378 2645 piscopo
392 2606 541 2645 Eborum,
560 2608 673 2647 Angli-x
688 2607 820 2645 primati,
836 2607 970 2638 Salutem.

36 2652 91 2677 Aa.
108 2658 134 2684 3.
226 2644 303 2713 Qua
324 2654 357 2674 ex
377 2645 462 2676 relatu
485 2649 645 2684 accepimus
664 2647 853 2684 plurimorum
870 2671 879 2684 ,
899 2646 980 2684 quod
995 2669 1005 2684 ,
1022 2654 1159 2684 praetextu
1178 2656 1247 2684 qua<-

36 2691 68 2714 Ε.
91 2695 115 2722 3.
187 2689 250 2713 rum
271 2693 317 2713 am
341 2682 573 2724 Dissensionum,
591 2686 663 2715 inter
677 2709 687 2722 ,
707 2684 893 2715 venerabilem
914 2685 1025 2715 Patrem
1042 2708 1051 2722 ,
1070 2684 1105 2715 L.
1129 2685 1248 2722 Episco-

36 2724 126 2760 Claus.
145 2733 170 2760 3.
188 2729 256 2763 pum
270 2721 514 2761 Dunolmensem‚
529 2724 562 2753 &
579 2733 647 2761 vos,
664 2723 744 2760 super
758 2722 1056 2762 aliquibus,Ecclesias
1068 2723 1246 2754 vestrashinc

38 2767 68 2790 Ε,
91 2771 116 2798 3.
136 2772 171 2789 m.
188 2759 256 2802 inde
269 2759 462 2799 tangentibus,
480 2769 656 2798 exortarum,
674 2761 733 2791 tam
748 2770 781 2791 ex
797 2770 875 2800 parte
889 2761 996 2800 vestra,
1013 2762 1099 2800 quam
1119 2772 1152 2792 ex
1173 2771 1247 2799 parte

39 2800 138 2837 5.dors.
189 2800 270 2834 lpilus
291 2797 394 2836 Episco
415 2798 423 2827 i
430 2820 441 2836 ,
459 2797 700 2837 Congregationes
720 2799 884 2830 Hominum
906 2801 940 2831 ad
962 2810 1056 2839 arma,
1074 2801 1133 2832 tam
1157 2800 1247 2839 Equi-

189 2843 268 2879 tum,
280 2836 373 2879 *qu‘am
412 2835 538 2873 editum,
553 2846 618 2867 ante
631 2837 693 2867 haec
706 2845 835 2875 tempora
849 2837 972 2877 fiebant,
990 2840 1024 2870 &
1047 2839 1138 2870 adhuc
1158 2839 1248 2878 fiunt,

188 2873 241 2903 hiis
256 2874 372 2911 diebus,
388 2884 488 2905 contra
503 2875 626 2905 formam
640 2875 758 2914 Statuti,
775 2876 850 2914 apud
865 2876 1145 2916 Northamptoniam
1157 2888 1193 2907 nu
1217 2888 1247 2908 er

189 2921 241 2950 per
264 2911 332 2942 Nos
354 2911 437 2950 editi,
456 2922 506 2950 per
526 2913 603 2951 quod
623 2912 680 2943 Pax
704 2914 799 2944 nostra
814 2914 938 2953 laeditur,
957 2914 1138 2954 Populusque
1151 2926 1190 2947 no
1217 2926 1246 2947 er

194 2949 388 2988 multipliciter
401 2958 519 2993 terretur
531 2953 564 2982 δε
578 2960 704 2990 gravatur
713 2976 723 2990 ,
741 2953 775 2984 &
791 2952 897 2984 diversa
912 2955 1050 2985 timentur
1062 2955 1165 2985 exinde
1179 2957 1250 2994 peri-

192 2987 255 3019 cula
270 2988 349 3027 posse
363 2989 545 3020 verilimiliter
555 2990 679 3020 evenire:

226 3025 366 3065 Nosque,
382 3028 488 3058 ratione
506 3029 681 3067 juramenti,
698 3028 802 3059 astricti
825 3029 918 3061 sumus
939 3029 974 3060 ad
995 3029 1101 3061 Pacem
1122 3031 1249 3062 nostram

187 3063 300 3096 illaesam
322 3065 562 3104 conservandum,
580 3066 706 3098 volentes
726 3067 885 3103 huiusmodi
906 3068 1042 3098 Periculis
1064 3070 1197 3109 obviare,
1216 3072 1249 3102 ὅ(

189 3102 250 3134 tam
269 3102 336 3141 Jura
356 3103 490 3134 Ecclesiae
510 3105 624 3145 vestrae,
643 3106 729 3144 quam
749 3102 882 3138 Ecclefiae
901 3106 1029 3145 praediffi
1049 3106 1200 3148 Episcopi,
1218 3117 1249 3140 ut

190 3149 337 3179 tenemur,
355 3150 550 3182 manutenere,

231 3179 323 3223 Vobis
338 3179 502 3225 mandamus
525 3181 623 3221 quod,
641 3182 670 3212 in
692 3182 805 3222 propria
825 3183 944 3222 persons⁴
956 3184 1065 3223 vestra,
1083 3184 1137 3215 sitis
1151 3194 1250 3216 coram

193 3218 295 3263 nobis,
312 3217 360 3262 vel
377 3217 514 3263 Concilio
537 3220 637 3252 nostro
648 3245 658 3259 ,
674 3222 747 3259 apud
770 3222 1036 3260 Norhamptoniam
1050 3246 1061 3262 ,
1080 3224 1108 3253 in
1128 3223 1250 3254 crastino

195 3256 293 3299 Saneh
315 3255 455 3300 Nicholai
471 3280 480 3295 ,
496 3260 625 3295 proximo
644 3260 740 3291 futuro
756 3285 766 3299 ,
791 3261 825 3292 ad
846 3262 1058 3292 informandum
1081 3261 1150 3292 Nos
1171 3263 1251 3301 super

196 3297 284 3327 cauiis
304 3293 516 3326 Dissensionum
537 3297 749 3337 praedictarum,
767 3300 801 3330 δε
820 3299 855 3330 ad
880 3299 1041 3330 faciendum
1063 3301 1095 3331 &
1114 3302 1252 3339 recipien-

199 3334 275 3378 dum·
284 3333 362 3377 quod
375 3342 428 3377 per·
440 3333 507 3378 Nos
520 3335 552 3365 &
565 3334 732 3379 Concilium
745 3337 874 3369 nostrum
889 3347 958 3369 tunc
967 3362 976 3377 ,
995 3338 1073 3378 super
1089 3339 1252 3379 praemissis,

198 3379 347 3440 contegent
366 3370 503 3409 ordinari,
520 3374 652 3404 omnibus
672 3373 859 3406 Novitatibus
880 3377 1010 3407 indebitis
1027 3377 1254 3418 introducendis,

196 3411 244 3443 vel
288 3410 534 3450 ongregationibus
546 3411 691 3450 faciendis,
711 3413 822 3443 interim
837 3414 1057 3452 Supersedentes.

235 3447 438 3492 Mandavimus,
452 3449 530 3492 enim
572 3449 669 3480 raefato
690 3449 834 3489 Episcopo
850 3453 927 3490 quod
943 3461 1012 3483 tunc
1025 3454 1056 3483 sit
1070 3463 1168 3485 coram
1184 3454 1254 3487 No-

198 3487 259 3526 bis,
278 3487 322 3518 vel
345 3486 479 3517 Concilio
497 3497 537 3517 no
565 3497 616 3526 ro,
632 3489 661 3517 in
685 3489 798 3528 propria
840 3490 938 3520 erfoni
957 3491 1021 3529 sua,
1038 3491 1073 3521 ad
1094 3494 1254 3523 informari-

195 3526 267 3556 dum
281 3525 368 3563 Nos,
386 3534 421 3555 ex
435 3533 511 3562 parte
524 3525 586 3563 sua,
604 3526 683 3564 supet
696 3529 795 3564 praemi
819 3539 856 3566 is,
876 3528 909 3558 &
924 3527 957 3558 ad
973 3529 1136 3561 faciendum
1152 3532 1185 3563 &
1210 3543 1255 3563 re-

197 3563 361 3602 cipiendum
384 3563 507 3593 similiter
531 3563 608 3602 quod
632 3571 700 3595 tunc
722 3565 826 3596 ibidem
840 3567 991 3605 contigerit
1003 3568 1146 3606 ordinari3
1164 3571 1197 3600 &
1213 3572 1254 3600 ei-

198 3601 265 3632 dem
280 3601 423 3641 Episcopo
436 3602 558 3632 similiter
574 3602 762 3642 inhibuimus,
779 3606 815 3634 rie
832 3604 990 3643 hujusmodi
1004 3604 1039 3635 N
1041 3607 1159 3637 ovitates
1173 3608 1254 3639 inde-

199 3639 285 3679 bitas,
302 3640 348 3671 seu
362 3639 623 3679 Congregationes‚
642 3642 754 3672 interim
769 3642 859 3674 faciat.

203 3715 327 3784 bl:geste
348 3716 432 3757 Rege
451 3718 525 3756 apud
539 3716 758 3757 Northampton
772 3742 783 3758 ‚
808 3720 944 3752 vicesimo
965 3720 1072 3753 odbavo
1094 3720 1142 3752 die
1158 3721 1256 3755 Osto-

879 3837 932 3865 Per
950 3835 1032 3876 ipsum
1047 3839 1151 3875 Regem.

204 3903 354 3975 ,2523ng
368 3909 459 3966 modo
472 3911 637 3945 mandatum
650 3911 693 3944 est
706 3911 742 3944 L.
759 3910 950 3945 Dunolmenfi
966 3912 1127 3953 Episcopo,
1144 3918 1256 3949 mutatis

243 4018 334 4050 Teste
347 4028 376 4051 ut
391 4022 476 4061 supra.

279 4075 352 4104 aim.
364 4075 407 4104 Π.
419 4077 454 4106 Ρ.
467 4079 526 4115 ιιι

1251 323 1344 366 Super
1364 318 1587 365 Diffimfionibus
1603 322 1768 366 praetai'bis,
1793 319 1829 355 de
1846 325 2027 355 Executione
2045 324 2169 365 Brevis,
2195 319 2307 353 depos-
2327 310 2436 366 5¹329-

2258 164 2307 205 33

2327 260 2400 291 Αηη.
2413 261 2453 292 D.

2347 348 2391 368 av.
2412 349 2438 375 3.

1444 368 1479 412 fi
1497 371 1665 402 Comitatus
1681 369 1864 416 assumendo,
1882 369 2108 416 fhperfidenda.

1318 452 1377 484 EX
1397 451 1571 483 Vicecomiti
1588 451 1718 484 Eborum
1733 452 1865 485 Salutem.
2325 447 2376 472 An.
2393 454 2420 482 3⁵

1296 530 1301 534 .
1357 490 1438 521 Cum
1452 500 1557 528 nuper,
1574 492 1608 521 ad
1622 491 1867 532 Requismouem,
1885 493 2048 525 venerabilis
2063 493 2167 531 Patris,
2182 491 2236 522 W.
2253 489 2310 521 Ar·
2327 488 2347 511 Ε
2357 524 2360 527 ,
2378 493 2404 520 3=

1254 529 1428 566 chiepiscopi
1442 528 1572 559 Eborum
1579 552 1588 567 ‚
2323 522 2388 550 1⁶1³·

1293 567 1364 597 Tibi
1378 566 1594 605 praeceperimus
1610 566 1688 605 quod
1703 576 1823 598 omnem
1838 568 1897 598 vim
1914 569 2048 608 Laicam‚
2067 579 2131 608 quae
2145 569 2171 599 se
2186 568 2312 599 tenuitin

1256 604 1383 635 Ecclelia
1396 605 1432 635 de
1446 605 1542 643 Leek,
1560 606 1593 636 ad
1608 605 1829 644 perturbandum
1843 607 1931 644 ipsum
1951 608 2222 646 Archiepiscopum‚
2240 616 2314 644 quo-

1256 644 1349 673 minus
1363 642 1506 674 Officium
1528 643 1607 674 suum
1629 644 1764 683 spirituale
1785 653 1912 675 exercere
1932 646 2039 685 posset,
2057 647 2113 677 line
2135 645 2269 676 dilatione
2285 654 2315 675 a·

1256 691 1387 712 moveres
1400 683 1436 711 ab
1444 680 1560 712 eademt

1295 719 1333 750 Et
1348 719 1536 758 postmodum
1548 742 1558 757 ‚

1295 757 1355 788 Pro
1370 769 1423 796 eo,
1440 758 1517 796 quod
1532 757 1615 788 nobis
1629 757 1792 797 retornasti‚
1810 759 1885 797 quod
1897 759 1996 790 diversi
2019 758 2178 799 Homines,
2196 760 2232 791 de
2251 757 2316 791 Co-

1255 797 1396 827 mitatibus
1417 796 1642 827 Northumbriae
1655 821 1664 834 ‚
1684 795 1835 826 Cumbriae
1850 820 1859 836 ,
1878 798 1911 828 &
1935 797 2180 829 Westinerlandie
2196 822 2205 837 ‚
2221 808 2254 829 ac
2275 798 2312 828 de

1256 835 1379 872 partibus
1400 834 1505 866 Scotiae
1518 858 1530 873 ‚
1553 836 1649 865 armati
1669 833 1696 864 se
1717 843 1867 866 tenuerunt
1891 837 1919 865 in
1941 835 2068 866 Ecclesia
2090 837 2224 874 pinediCffi
2239 860 2248 876 ,
2266 845 2316 875 per

1262 872 1341 911 quod
1357 872 1525 904 Mandatum
1543 872 1673 903 nostrum
1688 873 1856 910 praedictum
1871 876 1969 911 exequi
1983 885 2042 904 non
2058 875 2187 913 potuisti,

1299 911 1370 941 Tibi
1384 912 1482 942 iterato
1497 912 1714 950 praeceperimus
1729 911 1824 950 quod,
1842 911 1982 948 assumpto
1997 922 2093 942 tecum
2108 913 2192 943 Polie
2213 912 2317 944 Comi-

1259 948 1332 980 tatfis
1356 950 1396 979 tui
1412 972 1423 988 ,
1456 959 1575 980 omnem
1597 951 1656 980 vim
1679 949 1797 979 Laicam
1811 974 1820 988 ‚
1852 960 1916 987 quae
1939 955 1965 980 le
1987 952 2076 980 tenuit
2097 952 2126 979 in
2152 952 2169 969 ²*
2190 951 2315 981 Ecclesia
2334 950 2348 965 *
2366 950 2419 976 IV*

1260 987 1414 1055 prcfidie‘sca,
1431 987 1501 1018 ficut
1514 987 1683 1026 praedietum
1695 987 1754 1026 est,
1770 988 1828 1018 sine
1840 987 1973 1019 dilatione
1986 998 2132 1019 amoveres
2147 990 2182 1019 ab
2204 990 2318 1019 eadem:
2334 987 2402 1023 406·

1326 1036 1337 1056 t
1366 1035 1431 1063 am,

1299 1036 1363 1095 Pro¹
1377 1073 1432 1102 e0,
1452 1063 1531 1102 quod
1552 1073 1586 1097 ex
1608 1063 1694 1094 relatu
1718 1066 1878 1102 accepimus
1900 1064 2090 1102 plurimorum
2107 1088 2117 1104 ,
2134 1063 2229 1103 quod,
2249 1073 2320 1103 prae-

1262 1111 1340 1134 textu
1355 1103 1543 1140 quarumdam
1558 1102 1787 1138 Dissensionum,
1806 1104 1875 1132 inter
1890 1105 2038 1141 praefatum
2054 1104 2324 1141 Archiepilcopum,

1262 1140 1297 1171 &
1312 1163 1323 1179 ,
1338 1141 1528 1171 venerabilem
1551 1140 1663 1171 Patrem
1678 1164 1688 1178 ,
1708 1140 1742 1170 L.
1765 1140 1940 1178 Episcopum
1965 1142 2194 1172 Dunolmensem
2208 1164 2218 1180 ‚
2244 1142 2323 1178 {uper

1262 1180 1417 1218 aliquibus,
1435 1179 1572 1210 Ecclesias
1586 1180 1643 1209 suas
1658 1179 1725 1209 hinc
1747 1180 1815 1209 inde
1834 1180 2027 1218 tangentibus,
2045 1189 2222 1218 exortarum,
2241 1178 2325 1209 Con-

1264 1219 1440 1257 gregationes
1453 1218 1620 1248 Hominum
1634 1217 1668 1247 ad
1683 1227 1776 1255 arma,
1793 1218 1851 1247 tam
1866 1226 1901 1247 ex
1916 1227 1993 1255 parte
2006 1218 2053 1258 ipsi
2067 1229 2085 1247 ,ε
2099 1218 2325 1255 Archiepiscopi,

1287 1257 1352 1287 uam
1367 1266 1400 1287 ex
1416 1267 1492 1294 parte
1505 1257 1584 1294 iplius
1601 1255 1748 1294 Episcopi,
1763 1255 1923 1293 fiebant‚&
1938 1257 2030 1286 adhuc
2043 1255 2130 1294 fiunt,
2148 1257 2325 1286 inlaelionem

1264 1267 1346 1325 {acis
1360 1295 1479 1333 nostrae,
1496 1296 1528 1326 &
1541 1304 1678 1325 terrorem
1693 1293 1794 1332 Populi
1807 1294 1913 1333 nostri,
1931 1295 1964 1325 &
1980 1302 2079 1324 contra
2092 1294 2217 1324 formam
2232 1295 2324 1325 διεω-

1266 1336 1288 1364 ti
1294 1344 1410 1403 ,Enulpifr
1424 1333 1497 1372 apud
1510 1331 1776 1371 Norhamptoniam
1789 1342 1840 1370 per
1855 1343 1908 1363 nos
1924 1332 2006 1372 editi,

1332 1382 1342 1403 t
1395 1382 1428 1403 os

1303 1397 1447 1442 Volentes'
1461 1410 1566 1441 Pacem
1586 1409 1712 1441 nostram
1732 1408 1842 1439 illaesam
1856 1408 2038 1447 conservare,
2057 1408 2091 1440 &
2103 1408 2171 1447 Jura
2185 1407 2326 1447 utriusque

1267 1447 1421 1488 Ecclel'ice,
1440 1458 1470 1480 ut
1485 1458 1632 1487 tenemur,
1653 1456 1849 1486 manutenere,

1307 1487 1450 1518 Dedimus
1472 1488 1530 1517 tam
1551 1487 1667 1525 praefato
1688 1486 1794 1517 Archie
1815 1486 1929 1525 iscopo,
1947 1486 2033 1524 quarn
2056 1485 2196 1523 praedieto
2210 1484 2329 1523 Episco-

1289 1536 1324 1564 o,
1342 1525 1420 1556 diem
1435 1526 1469 1555 ad
1483 1526 1629 1555 essendum
1643 1535 1742 1555 coram
1799 1525 1877 1562 obis,
1896 1525 1940 1554 vel
1963 1524 2098 1555 Concilio
2118 1524 2236 1562 nostro,
2254 1521 2331 1561 apud

1306 1565 1552 1602 orhamptoniain,
1571 1564 1599 1592 in
1619 1563 1742 1594 crastino
1764 1562 1858 1593 Sanffi
1878 1561 1912 1592 N
1916 1563 2015 1593 icholai
2029 1585 2039 1601 ‚
2057 1564 2191 1600 proximo
2213 1563 2329 1600 fatum,

1268 1603 1304 1633 ad
1318 1602 1531 1632 informandum
1551 1599 1621 1631 Nos
1640 1602 1719 1639 super
1733 1602 1817 1631 causis
1833 1600 2044 1631 Diffenl'ionum
2058 1601 2275 1639 praedic‘iarum,
2293 1601 2327 1631 Sc

1270 1641 1305 1671 ad
1325 1641 1486 1671 faciendum
1507 1640 1540 1670 &
1562 1639 1755 1677 recipiendum
1779 1638 1857 1676 quod
1871 1648 1920 1676 per
1934 1639 2017 1677 Nos,
2036 1640 2081 1670 vel
2095 1639 2261 1670 Concilium
2276 1647 2331 1669 no-

1271 1679 1378 1718 strum,
1396 1688 1464 1709 tunc
1478 1678 1585 1708 ibidem
1604 1679 1755 1716 contigerit
1768 1677 1889 1707 ordinari

1308 1718 1379 1748 Tibi
1405 1718 1580 1754 praecipimus
1600 1716 1678 1755 quod
1694 1715 1862 1746 Executioni
1886 1699 1980 1747 firevis
1992 1714 2099 1755 nostri,
2112 1715 2149 1746 de
2162 1715 2249 1747 Posse
2262 1714 2326 1747 Co-

1271 1756 1387 1788 mitatus
1399 1757 1439 1787 tui
1451 1754 1590 1786 sumendo
1598 1778 1608 1794 ,
1625 1756 1738 1785 interim
1752 1754 1944 1793 Supersedeas.

1309 1832 1398 1864 Teste
1411 1831 1494 1872 Rege
1509 1831 1583 1871 apud
1599 1829 1826 1870 Norhampton‚
1841 1832 1978 1863 vicesimo
1991 1841 2071 1863 nono
2086 1831 2132 1862 die
2146 1830 2294 1863 Ostobris.

1964 1910 2017 1939 Per
2030 1909 2112 1948 ipficm
2125 1911 2230 1947 Regem.

1275 2043 1333 2078 Ad
1353 2041 1467 2077 David
1490 2045 1600 2089 Regem
1624 2043 1754 2124 Scotiijld,
1794 2041 1886 2086 super
1901 2041 2047 2086 solutione
2073 2037 2220 2088 Quique
2241 2041 2339 2076 Mille

1745 2100 1901 2123 arcarum.

2354 2156 2431 2188 Ann.
2443 2154 2485 2187 D.

2382 2204 2467 2233 1329.

2353 2238 2405 2262 An.
2424 2245 2449 2270 3.

2355 2277 2443 2346 {nii
2462 2318 2489 2345 ³.

2358 2353 2388 2376 Ε.
2406 2358 2432 2384 3.
2452 2356 2488 2376 m⁸

2359 2396 2387 2423 5.
2400 2387 2427 2415 d.

1358 2174 1493 2215 Agnifico
1506 2174 1648 2215 Principi,
1664 2174 1800 2206 Domino
1815 2174 1911 2205 David
1945 2174 2001 2205 Dei
2015 2175 2118 2214 gratia,
2137 2175 2211 2216 Regi
2232 2175 2338 2207 Scoto-

1373 2226 1438 2247 rum
1457 2214 1559 2245 Illustri
1574 2239 1583 2253 ,
1607 2214 1693 2245 Fratri
1716 2213 1816 2244 nostro
1838 2215 1895 2243 cari
1920 2223 1980 2243 imo
2030 2213 2207 2251 Edwardus,
2234 2215 2334 2245 eadem

1278 2254 1366 2292 gratia
1379 2278 1389 2294 ,
1419 2255 1480 2286 &a
1517 2253 1641 2284 Salutem
1656 2277 1666 2291 ,
1693 2252 1726 2283 &
1748 2251 1783 2282 ad
1803 2260 1871 2283 vota
1889 2236 2026 2282 success²us
2047 2253 2194 2292 prosperos
2213 2254 2246 2285 &
2268 2254 2338 2284 faeli-

1280 2301 1335 2324 ces.

1317 2330 1398 2362 Cum
1422 2332 1579 2367 mittamus,
1598 2329 1735 2360 dileetum
1751 2327 1900 2359 Clericum
1921 2329 2070 2368 nostrum,
2088 2329 2280 2361 VVillielmum
2304 2330 2340 2361 de

1281 2369 1444 2401 Kestevene
1459 2391 1469 2407 ‚
1492 2370 1526 2399 ad
1548 2367 1670 2399 vestram
1690 2368 1861 2405 praesentiam
1875 2390 1885 2405 ‚
1909 2367 1943 2397 ad
1967 2368 2161 2406 recipiendum
2178 2391 2187 2406 ,
2210 2369 2245 2399 ad
2268 2380 2340 2407 opus

1280 2409 1427 2445 nostrum,
1447 2408 1490 2437 illa
1511 2408 1650 2444 Quinque
1673 2405 1757 2435 Milia
1776 2406 1958 2443 Marem-um,
1978 2416 2041 2443 quse
2064 2407 2146 2436 nobis
2159 2429 2168 2445 ,
2187 2408 2215 2437 in
2237 2407 2341 2437 instan-

1280 2449 1302 2478 ti
1321 2445 1508 2523 feaikoJSanffl
1527 2444 1780 2482 Martini,solvere
1794 2443 2015 2482 tenemini,&c.
2025 2451 2107 2483 prout
2115 2443 2201 2484 Jicpra
2217 2446 2250 2476 de
2264 2449 2336 2477 Dat.

1281 2495 1322 2525 24
1357 2496 1380 2514 le
1423 2495 1489 2513 unll-

1322 2559 1398 2592 Data
1411 2560 1486 2599 apud
1502 2558 1702 2598 Kenilworth,
1720 2558 1862 2591 tricesimo
1877 2557 1924 2589 die
1937 2556 2062 2590 Odtobr.

1803 2637 1858 2666 Per
1870 2637 1963 2667 Breve
1975 2637 2008 2667 de
2015 2640 2131 2676 privato
2144 2636 2244 2677 Sigillo.

1285 2765 1334 2798 De
1362 2766 1458 2797 Portis
1483 2765 1568 2797 Novi
1597 2762 1713 2810 Templi
1739 2761 1891 2795 Londom'ae
1904 2789 1912 2804 ‚
1933 2773 1988 2808 per
2016 2764 2175 2809 Majorem
2203 2760 2344 2808 obfirma-

1332 2817 1391 2854 tis,
1415 2825 1454 2893 nt}
1460 2866 1463 2870 ⁴
1467 2823 1523 2859 per
1536 2816 1662 2859 Aquam
1679 2812 1831 2854 Traufitus
1857 2809 2048 2857 Justiciariis
2068 2809 2285 2858 prohibeatur,
2310 2824 2346 2844 a·

1327 2872 1430 2907 perzen
1453 2873 1487 2894 is.

2365 2928 2439 2959 Ann.
2448 2927 2489 2958 D.

1288 2945 1410 3007 REX
1430 2945 1536 2985 Majori
1555 2944 1735 2984 Londoniae‚
1754 2946 1788 2978 &
1807 2943 1948 2977 Escaetori
1966 2945 2015 2976 suo
2036 2946 2066 2976 in
2092 2945 2191 2977 eadem
2207 2945 2348 2984 Civitate,
2387 2976 2469 3006 1329-

1373 2984 1506 3015 Salutem.

1327 3023 1403 3061 Qiia
1426 3024 1609 3053 intelleximus
1635 3022 1715 3061 quod
1731 3045 1741 3061 ‚
1774 3032 1822 3060 per
1845 3022 1973 3054 medium
1996 3021 2094 3053 Curiae
2122 3022 2205 3053 Novi
2228 3023 2345 3059 Templi
2364 3009 2415 3070 ἔω
2435 3015 2461 3041 3'

1291 3059 1565 3100 Londoniae,usque
1575 3061 1686 3100 Aquam
1701 3062 1851 3100 Tamffiae,
1869 3063 2032 3092 communis
2052 3061 2210 3098 Tranlitus,
2227 3070 2278 3097 pro
2295 3061 2344 3098 Ju-
2384 3083 2392 3108 l
2434 3064 2440 3069 '

1289 3099 1413 3129 sticiariis
1435 3101 1468 3131 &
1488 3098 1606 3130 Clericis
1626 3099 1745 3137 nostris,
1762 3109 1794 3130 ac
1815 3101 1889 3138 aliis,
1908 3099 2034 3140 Negotia
2050 3099 2093 3129 sua
2108 3099 2179 3136 apud
2195 3097 2346 3129 Westmo-
2361 3082 2446 3147 {m‘s'
2469 3090 2495 3117 3'

1288 3136 1440 3168 nasterium
1462 3138 1708 3177 prosequentibus,
1726 3139 1760 3169 &
1776 3148 1824 3176 per
1836 3138 1950 3177 Aquam
1964 3138 2075 3169 traniire
2095 3137 2271 3176 volentibus,
2288 3137 2346 3168 effe
2365 3143 2391 3186 ⁶*
2407 3130 2439 3186 j·
2457 3128 2494 3146 ἠ’

1289 3175 1391 3214 debet,
1410 3177 1443 3208 &
1455 3177 1538 3214 solet,
1557 3177 1622 3207 totis
1637 3177 1813 3215 temporibus
1826 3178 1981 3207 retroactis:
2386 3179 2392 3185 '
2427 3178 2434 3186 ⁶

1325 3213 1363 3244 Et
1379 3215 1459 3253 quod
1474 3226 1524 3246 vos
1538 3214 1634 3246 Portas
1648 3215 1769 3253 Templi
1781 3216 1909 3254 praediffi‘ci
1923 3225 1972 3254 per
1987 3214 2065 3244 diem
2079 3212 2178 3244 clausas
2193 3215 2347 3252 tenetis,&

1289 3252 1360 3290 ipsos
1382 3253 1572 3292 Justiciarios,
1587 3255 1620 3285 &
1642 3253 1771 3284 Clericos
1790 3253 1918 3292 nostros,
1937 3254 1970 3284 &
1991 3253 2057 3282 alios
2083 3252 2231 3289 praedietos
2246 3277 2255 3291 ,
2274 3263 2347 3291 quo—

1289 3292 1382 3322 minus
1396 3302 1445 3330 per
1459 3291 1585 3323 medium
1600 3292 1686 3322 dittae
1698 3291 1798 3323 Curiae
1814 3293 1924 3323 transire
1941 3290 2059 3328 poffint‚
2077 3292 2234 3328 impeditis:

1325 3329 1381 3399 Peg
1397 3330 1474 3369 qiod
1489 3331 1547 3362 tam
1560 3329 1688 3370 Negotia
1701 3330 1812 3369 nostra,
1831 3331 1917 3368 quam
1928 3330 1977 3360 alia
1993 3331 2158 3360 communia
2167 3330 2345 3367 ,multotiens

1291 3377 1363 3399 retar
1383 3379 1477 3400 antur‘
1493 3396 1495 3399 .

1328 3407 1420 3437 Vobis
1435 3393 1599 3438 mindamus
1614 3407 1693 3445 quod
1710 3407 1807 3437 Portas
1819 3406 1888 3437 dieti
1901 3406 2019 3444 Templi
2035 3416 2083 3444 per
2099 3405 2173 3436 diem
2188 3412 2292 3442 apertas
2309 3412 2350 3435 te·

1290 3455 1359 3476 nere
1375 3446 1494 3484 faciatis,
1513 3447 1548 3475 ita
1560 3446 1637 3483 quod
1650 3445 1816 3483 Justiciarii,
1834 3446 1867 3476 &
1881 3444 1986 3475 Clerici
2001 3445 2103 3481 nostri,
2119 3454 2151 3473 ac
2162 3444 2203 3472 alii
2213 3467 2222 3481 ,
2241 3444 2287 3480 (μί
2297 3452 2346 3480 per

1291 3484 1405 3522 Aquam
1418 3484 1528 3515 transire
1543 3484 1698 3522 voluerint,
1715 3483 1821 3514 ibidem
1835 3483 1946 3514 tranfire
1968 3483 2090 3521 possint,
2107 3490 2192 3519 prout
2211 3481 2348 3512 haetenus

1290 3523 1380 3553 facere
1391 3522 1606 3554 consueverunt.

1327 3598 1418 3630 Teste
1432 3598 1516 3639 Rege
1528 3598 1601 3637 apud
1615 3597 1821 3637 Kenelworth‚
1838 3596 1964 3628 secundo
1976 3595 2021 3626 die
2035 3594 2224 3627 Novembris.

1343 3738 1402 3768 Pro
1419 3734 1557 3780 Epifivpv
1579 3731 1768 3772 Dunolmenfi
1772 3731 1863 3777 super
1882 3728 2102 3776 Diffinstonibus
2118 3728 2285 3763 antediffls.
2364 3710 2495 3791 ΑΞῙΞΊΖΕᾹ

2363 3793 2413 3817 Aa.
2431 3800 2456 3826 3.

1292 3817 1413 3880 REX
1431 3817 1565 3848 omnibus
1584 3815 1715 3854 Ballivis,
1734 3815 1768 3847 &
1790 3814 1916 3846 fidelibus
1934 3815 1985 3845 suis
1997 3839 2008 3853 ,
2025 3814 2058 3845 ad
2080 3824 2169 3854 quos,
2188 3815 2249 3847 &c.
2270 3813 2348 3846 Salu-
2365 3832 2391 3855 E.
2414 3838 2441 3864 3,

1375 3867 1442 3887 tem.

1331 3893 1412 3925 Cum
1435 3895 1524 3933 gravis
1543 3891 1758 3923 Dissensionum
1781 3893 1894 3923 materia
1910 3893 1998 3929 inter,
2016 3892 2203 3922 venerabilem
2218 3891 2349 3931 Patrem,
2364 3871 2493 3939 2252„

1293 3932 1348 3963 W.
1373 3931 1624 3970 Archiepiscopum
1643 3930 1773 3961 Eborum
1789 3954 1799 3969 ,
1823 3939 1857 3961 ex
1876 3940 1953 3971 parte
1972 3930 2029 3960 una
2043 3953 2052 3969 ,
2077 3930 2112 3961 ὃς
2125 3955 2135 3969 ,
2161 3932 2348 3962 venerabilem
2363 3953 2387 3968 m
2421 3950 2463 3967 Η,

1294 3970 1426 4009 Patrem,
1446 3971 1480 4001 L.
1493 3969 1664 4008 Episcopum
1680 3968 1922 4007 Dunolmensem‚
1941 3978 1974 3999 ex
1987 3969 2088 4007 alterii,
2107 3969 2186 4007 super
2201 3970 2353 4007 aliquibus,
2367 3982 2379 3995 ε
2399 3980 2452 4006 w„

1296 4008 1434 4040 Ecclel'ias
1456 4009 1512 4039 suas
1533 4007 1600 4038 hinc
1619 4007 1686 4038 inde
1704 4008 1898 4046 tangentibus,
1918 4008 1936 4026 ³*
1959 4007 1989 4038 sit
2006 4017 2115 4046 exorta,
2134 4018 2183 4046 per
2197 4008 2274 4047 quod
2293 4009 2350 4036 t'am
2383 4025 2429 4053 07,

1297 4056 1332 4079 ex
1351 4057 1429 4087 parte
1449 4046 1533 4086 ipsius
1551 4046 1764 4085 Archiepiscopi
1778 4070 1789 4085 ,
1803 4047 1891 4116 qfiam
1906 4045 2037 4085 praedieu
2057 4045 2214 4086 Episcopi,
2236 4045 2352 4113 ὠνὲἑίὲε
2364 4028 2382 4052 4
2425 4050 2429 4053 ’
