2562 4279
174 159 229 199 86

31 241 109 274 Ann.
117 241 159 273 D.
175 242 221 273 seu
236 240 398 280 deputandis
411 241 447 271 ab
462 241 517 279 eis,
536 241 615 281 super
628 239 764 279 Negotiis
779 239 850 270 Nos
865 240 899 271 δε
913 240 1025 272 Statum
1039 240 1136 281 Regni
1149 241 1240 272 nostri

58 290 142 322 1332.
176 281 405 319 contingentibus
421 304 430 317 ,
457 280 560 323 eisdem
588 278 742 316 Radulpho
764 280 798 311 &
820 279 984 323 Will-ielmo
1003 281 1117 318 plenam
1140 288 1241 312 tenore

31 323 97 349 Edu.
120 330 146 357 3.
176 319 352 357 praesentium
365 327 573 348 committimus
588 316 762 348 Potestatem
776 330 786 357 3
806 328 1002 356 promittentes
1019 319 1085 349 Nos
1100 327 1192 349 ratum
1205 320 1239 350 &

177 358 290 388 firmum
303 356 468 398 babituros,
485 355 619 394 quicquid
633 365 683 396 per
697 357 770 394 ipsos
785 357 882 387 actum
900 357 984 388 fuerit
999 359 1028 387 in
1042 357 1200 395 praemiffis.

212 395 339 464 roffi&
348 395 437 472 ’1ξὲΞέ
451 431 525 471 apud
539 432 672 464 Eborum
681 457 692 473 ,
709 433 826 465 decimo
841 442 942 473 quarto
956 434 1002 465 die
1019 432 1200 465 Decembris.

862 513 916 540 Per
927 511 1010 551 ipsimz
1022 516 1126 551 Regem.

176 636 235 670 Ad
252 640 386 683 Papam,
414 637 450 670 de
471 636 613 671 Motibus
629 642 660 671 in
678 643 778 672 Scotia
790 667 798 682 ‚
824 639 861 673 dc
868 640 955 684 saffo
973 640 1120 674 Edvardi
1140 641 1236 673 Ballio

228 689 260 718 in
277 690 385 732 Regem
405 691 556 730 coronati,
580 691 617 725 θ’
634 687 670 720 de
685 687 923 736 Suggcstionibus
942 703 998 722 non
1020 689 1182 722 credendis.

24 771 152 803 Ann.D.
229 769 288 800 ΑΡ
298 769 339 800 AE
364 771 431 801 Rex
445 773 505 802 &c.
525 772 628 804 devota
644 772 754 803 Pedum
770 773 862 804 oscula
874 774 1034 804 beatorum.

54 821 137 852 1332.
259 809 341 839 Pater
356 810 543 842 amantissime
559 834 569 850 ,
594 813 632 841 ne
646 812 746 842 vestrae
762 811 943 849 Benigriitatis
956 812 1186 850 Circumspetstio
1201 822 1236 843 ex

23 855 77 879 Aa.
91 860 118 879 u.
173 847 225 877 hiis
239 872 247 885 ,
274 858 338 886 qua:
363 849 392 878 in
413 851 536 887 partibus
560 851 665 881 Scotiae
689 849 832 880 modernis
853 852 1026 890 temporibus
1047 851 1236 882 diversimode

22 894 53 916 E.
75 900 99 927 3.
171 888 352 926 contigerunt
368 910 378 926 ,
405 898 656 926 quorumcumque
677 889 804 919 relatibus
826 898 889 928 erga
908 890 977 920 Nos
1000 889 1154 927 aliqualiter
1170 901 1236 921 mo-

22 932 93 956 Ram.
112 930 139 956 6.
172 934 286 963 veatur,
305 926 441 964 quosdam
457 928 626 958 Secrerarios
644 927 773 965 nostrOS,
791 927 1000 965 praemiii'orum
1015 929 1145 959 notitiam
1160 930 1236 967 opti-

22 970 51 993 Ε.
73 977 98 1004 3.
117 977 154 996 m.
173 966 331 1002 nentes,ad
348 964 469 996 vestram
485 966 659 1004 praesentiam
675 965 869 997 ordinavimus
886 968 914 996 in
932 967 1066 1004 proximo
1079 967 1236 1006 destinare,

22 1015 50 1034 2.
172 1002 207 1032 ad
221 1003 434 1034 informandum
450 1004 580 1034 Vestram
602 1003 795 1034 Clementiam
817 1004 853 1035 de
866 1005 917 1035 hiis
931 1015 995 1043 quae
1010 1005 1087 1044 gesta
1101 1006 1181 1045 sunt,
1201 1008 1233 1038 δε

171 1040 208 1071 de
221 1042 325 1072 nostrae
340 1043 503 1073 interitionis
514 1042 652 1073 desiderio
666 1043 694 1072 in
710 1043 763 1073 hac
778 1052 872 1081 parte,

215 1080 264 1111 Set
277 1105 286 1119 ,
305 1081 357 1118 ne,
375 1090 439 1110 ante
460 1081 584 1119 ipsorum
604 1081 775 1119 adventurn,
793 1081 941 1112 Clamores
958 1081 1141 1112 Insolentium
1155 1084 1235 1113 inva-

172 1117 276 1149 lescant
288 1141 298 1157 ,
316 1119 496 1158 satagentium
518 1119 744 1159 indignationem
765 1120 888 1151 vestram
903 1122 1042 1158 excitare,
1062 1120 1118 1151 Rei
1133 1121 1234 1152 Gestae

171 1156 271 1187 seriem
281 1158 413 1187 duximus
427 1157 528 1189 vestrae
540 1158 710 1189 Clementiae
723 1158 903 1199 praesentibus
917 1159 1118 1190 intimandum.

209 1195 315 1233 Nuper
328 1196 465 1234 siquidem
474 1221 484 1235 ,

209 1232 290 1264 Cum
311 1235 513 1266 ordinassemus
535 1235 693 1275 Paffigium
715 1235 847 1265 nostrum
862 1235 955 1265 versus
969 1235 1092 1265 Terram
1106 1236 1233 1266 nostram

170 1271 322 1303 Hiberniae
337 1297 347 1311 ,
374 1284 427 1311 pro
440 1275 641 1304 reformatione
655 1273 749 1304 Status
762 1273 902 1311 ejusdem,
920 1274 953 1304 &
970 1275 1162 1312 quorumdam
1178 1275 1234 1305 Hi-

169 1311 357 1342 bernicorum
376 1312 571 1343 i-efraenatione
585 1336 594 1350 ,
619 1313 666 1350 qui
681 1322 731 1352 per
744 1314 904 1349 repentinos
920 1313 1075 1351 Aggresi'us
1088 1313 1233 1351 Populum

171 1349 304 1380 nostrum
319 1351 348 1380 in
364 1350 464 1381 eadem
478 1351 570 1381 Terra
603 1360 695 1380 tavare
716 1351 874 1380 nitebantur
887 1373 897 1388 ,
916 1352 949 1381 ὃς
964 1362 1000 1381 eo
1015 1361 1149 1388 praerexru
1165 1351 1235 1382 Par-

168 1388 336 1420 liamentum
362 1388 492 1420 nostrum
514 1399 566 1427 apu
610 1388 900 1420 Westmonasterium
922 1389 1082 1420 fecissemus
1105 1390 1234 1422 summo-

168 1436 230 1457 neri

208 1449 388 1496 N’unciatum
408 1467 497 1496 extitit
519 1473 588 1497 tunc
604 1466 710 1496 ibidem
720 1490 729 1503 ,
747 1465 864 1505 qualiter
878 1465 1033 1497 Edwardus
1046 1467 1082 1497 de
1097 1466 1233 1507 132111010,

171 1503 254 1534 Filius
278 1504 421 1542 quondam
437 1504 575 1542 Joliannis
589 1505 624 1535 de
637 1505 757 1535 Balliolo
773 1506 835 1543 (qui
851 1504 987 1545 Regnum
1002 1505 1108 1536 Scotiae
1121 1516 1171 1543 per
1185 1507 1233 1536 ali-

169 1543 247 1580 quorl
267 1552 377 1580 tempus
391 1566 401 1581 ,
428 1553 459 1573 ut
480 1542 546 1573 Rex
568 1544 674 1574 Scotiae
688 1568 697 1582 ,
723 1543 908 1581 gubernabat)
926 1544 1116 1581 quorumdam
1131 1545 1233 1575 Nobi-

168 1581 255 1618 lium,
273 1582 310 1610 de
334 1582 439 1622 Regno
452 1581 567 1619 nostro,
586 1583 634 1620 qui
649 1581 838 1612 Haereditates
851 1583 888 1613 de
903 1582 996 1613 Terra
1009 1582 1116 1613 Scotiae
1132 1584 1231 1614 vendi-

168 1620 285 1658 cabant,
304 1620 389 1650 fultus
401 1620 529 1658 praesidio
537 1643 547 1659 ,
562 1621 682 1651 eandem
696 1621 819 1651 Terram
836 1621 940 1651 Scotiae
954 1622 1088 1661 ingressus
1102 1621 1207 1660 fuerat,

207 1658 270 1696 Ac,
287 1658 361 1688 faita
372 1657 464 1689 Caede
477 1659 578 1697 magna
591 1659 627 1689 de
641 1659 819 1689 Hominibus
832 1659 1012 1691 Bellatoribus
1027 1660 1151 1698 ejusdem
1158 1661 1234 1691 Ter-

167 1707 208 1727 rze
221 1697 344 1736 Scotiae,
362 1696 390 1727 se
403 1697 506 1728 fecerat
520 1700 549 1728 in
565 1697 678 1736 Regem
694 1698 800 1728 Scotiae
815 1699 965 1736 coronari,

207 1734 357 1774 Qudque
379 1737 465 1774 quam
486 1735 575 1774 plures
599 1736 635 1766 de
656 1736 755 1766 eadem
777 1736 868 1766 Terra
881 1759 891 1774 ,
919 1738 966 1774 qui
981 1737 1055 1774 prius
1067 1737 1234 1769 adhaeserant

167 1774 247 1804 dic'to
269 1773 344 1804 Patri
363 1774 412 1804 suo
428 1797 437 1813 ,
459 1776 493 1805 ad
514 1774 620 1804 Pacem
634 1775 756 1812 ejusdem
770 1774 905 1806 Edwardi
920 1784 1071 1814 venerant,
1087 1777 1120 1807 &
1138 1778 1164 1807 ei
1180 1787 1233 1814 pro

166 1813 274 1845 viribus
289 1812 454 1843 assistebant.

205 1850 316 1881 Verum
331 1874 339 1889 ,
357 1850 393 1881 de
407 1850 566 1889 praemissis,
584 1861 633 1891 per
648 1850 789 1882 Fidelium
806 1851 979 1882 Assertiones
995 1852 1114 1892 cognita}
1127 1855 1231 1884 verita-

166 1898 212 1928 te,
231 1899 331 1919 omnes
347 1887 460 1920 Praelati
474 1891 507 1921 ὃ(
522 1889 674 1925 proceres,
693 1891 721 1919 in
737 1889 841 1920 eodem
857 1889 1050 1921 Parliamento
1074 1900 1231 1932 congrega-

165 1930 203 1965 ti,
222 1926 370 1958 concorde
390 1929 472 1958 nobis
492 1928 629 1960 dederunt
650 1927 812 1959 Consilium
827 1953 836 1966 ,
856 1929 937 1966 quod
954 1929 1033 1959 nullo
1048 1929 1139 1961 modo
1155 1941 1231 1962 exrra

165 1966 304 2003 Regnum
327 1965 454 1996 nostrum
475 1967 509 1996 ad
528 1966 616 1997 dictas
637 1976 726 2006 partes
746 1966 897 1997 Hibernia:
912 1968 1024 1998 transire
1039 1967 1227 2008 deberemus,

163 2004 202 2035 set
219 2003 298 2043 quod
313 2004 516 2035 declinaremus
537 2005 629 2035 versus
651 2013 739 2042 partes
760 2005 909 2042 Eborum,
928 2014 957 2036 ut
971 2006 1066 2037 videre
1080 2007 1225 2043 possemus

163 2044 269 2073 exitum
285 2042 353 2072 dicti
371 2045 500 2082 negotii,
516 2044 550 2074 &
565 2044 735 2082 defendere,
751 2043 771 2074 si
784 2054 857 2082 opus
871 2043 958 2082 estet,
978 2054 1078 2075 contra
1091 2045 1230 2078 Inimico-

163 2091 230 2112 rum
243 2081 393 2121 Aggreffus
409 2082 490 2112 Fines
505 2082 625 2113 nostros.

198 2120 323 2158 Nosque
337 2143 346 2158 ,
368 2130 469 2151 eorum
490 2120 634 2159 sequentes
649 2119 828 2159 Consilium,
847 2120 1037 2152 transtulimus
1050 2132 1102 2153 nos
1116 2123 1151 2153 ad
1165 2133 1228 2162 par-

159 2166 200 2190 tes
215 2159 288 2197 illas,
306 2160 354 2190 ubi
370 2159 462 2190 adhuc
477 2169 588 2190 moram
603 2160 724 2191 facimus
740 2161 769 2190 in
785 2159 922 2198 praescnti.

195 2197 306 2228 Placeat
327 2199 411 2237 igitur
425 2222 435 2237 ,
457 2198 614 2236 quaesumus
628 2223 637 2237 ,
655 2198 755 2230 vestrae
771 2198 940 2229 Beatitudini
954 2198 1176 2239 suggestionibus
1193 2202 1226 2239 (si

114 2256 117 2258 -
159 2246 225 2275 quie
247 2237 328 2267 vobis
349 2238 378 2266 in
397 2238 570 2267 contrarium
591 2237 649 2268 fieri
672 2238 837 2277 contigerit)
861 2237 948 2268 fidem
971 2240 1111 2277 aliquam,
1129 2240 1225 2270 saltem

161 2275 247 2314 usque
275 2274 309 2305 ad
327 2275 482 2306 adventum
506 2276 694 2307 Nunciorum
721 2275 886 2307 nostrorum
913 2277 1115 2313 praedictorum
1130 2302 1139 2315 ,
1165 2289 1225 2308 non

160 2315 297 2353 prrebere·
320 2323 374 2344 nos
394 2315 472 2345 enirn
486 2339 495 2352 ,
514 2315 543 2344 in
559 2315 681 2345 adventu
694 2315 818 2352 ipsorum
834 2314 1022 2345 Nunciorum
1037 2315 1221 2356 nostrorum,

161 2339 385 2383 Sanffitudinem
413 2352 537 2383 vestram
565 2353 653 2384 taliter
674 2353 710 2383 de
730 2352 875 2391 praemiffis
896 2353 1041 2383 informari
1063 2354 1200 2385 faciemus
1215 2379 1225 2395 ,

160 2391 259 2429 quod,
278 2401 326 2429 pei·
350 2391 409 2421 Dei
429 2392 543 2430 gratiam
558 2414 567 2429 ,
594 2402 654 2422 nori
667 2393 814 2421 invenietis
829 2393 983 2430 quicquam
999 2402 1048 2430 per
1063 2403 1114 2424 nos
1128 2394 1225 2424 actum

161 2429 236 2466 esse,
256 2430 333 2467 quod
349 2429 549 2461 rationabiliter
561 2429 661 2461 debeat
676 2430 822 2468 inculpari.

200 2467 374 2506 Conservcr,
394 2469 455 2499 &c.

235 2506 303 2538 Dat.
321 2506 395 2545 apud
409 2506 540 2537 Eborum
549 2531 558 2546 ,
576 2506 691 2538 decimo
705 2508 808 2545 quinto
823 2505 869 2536 die
882 2506 1063 2539 Decembris.

14 2621 101 2695 ἕξιν·
161 2628 188 2654 ²*
206 2632 264 2662 Pro
280 2627 410 2671 Ecclesia
427 2630 512 2660 Beati·
531 2630 614 2661 Petri
631 2625 785 2666 Ebwmn,
813 2627 848 2661 de
864 2628 1024 2662 Interdmo
1044 2630 1221 2666 relaxando.

15 2724 82 2755 Am,
101 2723 133 2754 D
216 2713 326 2744 APAE
352 2713 418 2744 Rex
432 2712 536 2744 devota
550 2712 661 2743 Pedum
674 2713 768 2744 oscula
785 2714 943 2756 beatorum.

40 2749 112 2802 1,{3
246 2752 366 2790 Quanto
390 2752 534 2783 intensiori
558 2751 692 2782 desiderio
716 2751 903 2783 Ecclesiarum
919 2775 929 2791 ,
959 2752 992 2784 δί
1007 2754 1148 2791 praecipue
1165 2753 1222 2785 Ca-

12 2787 122 2830 An?..·'
159 2788 326 2819 thedralium
337 2813 346 2828 ,
363 2789 460 2829 Regni
475 2790 564 2820 nostri
580 2790 798 2828 tranquilitatem
813 2792 969 2829 appetimus
983 2792 1016 2822 ὅτ
1031 2793 1157 2829 quietem
1166 2816 1176 2831 ,

12 2846 35 2868 E
82 2824 90 2838 ¹
197 2827 244 2858 Ut
257 2829 286 2857 in
302 2829 357 2866 eis,
374 2829 488 2859 semotis
503 2829 672 2866 quibussibet
693 2828 942 2860 Perturbationum
959 2829 1116 2869 Molestiis,
1135 2831 1220 2862 stabi-

12 2851 125 2916 Rini3s7.
158 2866 215 2897 litae
228 2866 244 2896 a
257 2866 356 2896 nostris
371 2866 620 2905 Progenitoribus,
638 2867 822 2898 Eleemoiinae
836 2869 1049 2907 supportentur,
1068 2870 1102 2900 δε
1118 2869 1220 2900 Preces

11 2922 71 2956 ΕΞ,
79 2928 146 2956 m.5.
160 2905 194 2935 &
210 2903 324 2935 Hostiae
335 2904 476 2942 salutareS,
495 2915 547 2947 pro
563 2905 646 2936 salute
661 2905 803 2937 Vivorum
820 2930 830 2945 ,
845 2908 878 2938 ἃ
894 2908 989 2946 requie
1004 2907 1142 2939 Fidelium
1158 2908 1222 2939 De-

160 2943 327 2974 funzftorum
336 2966 345 2981 ,
364 2944 465 2981 jugiter
479 2944 634 2974 offerantur
642 2967 652 2982 ,

197 2982 297 3013 Tanto
316 2982 464 3013 turbamur
482 2982 611 3013 acerbius
631 2983 703 3014 dum
725 2984 888 3014 earumdem
908 2984 1099 3015 Ecclesiarum
1116 2995 1217 3023 pacem

159 3021 306 3058 inquietari
318 3019 525 3059 conspicimus,
543 3020 576 3052 ὃς
593 3022 621 3050 in
636 3022 673 3051 eis
688 3021 781 3062 divina
794 3022 890 3053 officia
907 3024 995 3053 minui
1012 3024 1056 3054 vel
1071 3025 1174 3055 omitti.

195 3058 277 3090 Cum
292 3060 400 3098 itaque,
418 3059 500 3090 Pater
515 3058 712 3097 Sancliffirne,
732 3059 860 3091 laborum
873 3061 1015 3100 Ecclesia,

198 3098 276 3136 Qiae
290 3121 300 3136 ,
324 3099 397 3128 inter
418 3106 531 3128 caeteras
552 3097 620 3128 dicti
642 3097 737 3137 Regni
753 3098 841 3128 nostri
858 3099 1012 3135 Ecclclias,
1031 3101 1063 3130 δε
1079 3101 1218 3132 Primai‘izi

159 3136 337 3167 Fundatione
354 3137 475 3174 ejusdem
487 3161 496 3175 ,
522 3136 682 3174 Privilegiis
695 3160 704 3174 ,
735 3137 920 3168 Libertatibus
930 3161 938 3176 ,
953 3140 985 3169 ἃ
998 3138 1185 3179 Honoribus,
1202 3142 1217 3172 ‘Ei

157 3174 258 3205 nostris
272 3175 504 3215 Progenitoribus
518 3176 543 3205 ei
557 3174 678 3213 collatis,
697 3176 861 3213 praepollere
873 3177 1005 3207 hactenus
1022 3178 1184 3217 consuevit,

191 3213 260 3282 {35³³
268 3237 277 3252 ,
296 3214 440 3244 modernis
457 3213 634 3251 temporibus
642 3238 651 3251 ,

221 3261 334 3283 raeteXtu
355 3252 496 3289 cujusdam
517 3252 704 3282 Dissensionis
719 3274 728 3290 ,
752 3251 796 3282 seu
811 3252 899 3290 Liris,
918 3253 1007 3288 inter,
1023 3255 1214 3285 venerabilem

156 3289 271 3321 Patrem
285 3313 294 3329 ,
326 3290 488 3320 Dominum
518 3290 552 3321 P.
571 3290 644 3322 tituli
667 3290 764 3320 Sancti
787 3290 920 3327 Stephani
938 3292 968 3320 in
991 3290 1085 3321 Caelio
1110 3293 1217 3323 Monte

157 3328 348 3360 Presbitemm
362 3329 542 3359 Cardiiialem
558 3352 567 3366 ,
586 3330 619 3360 &
632 3328 803 3369 Magistrum
816 3328 1008 3359 W'illielmuin
1022 3330 1058 3359 de
1072 3330 1096 3360 la
1113 3331 1215 3369 Mare,

156 3367 236 3405 super
255 3368 437 3399 Thesaurarifi.
457 3367 536 3407 ipsius
554 3367 686 3398 Ecclesiae
698 3391 708 3406 ,
730 3376 853 3405 exortae,
871 3378 935 3405 qua:
951 3369 979 3397 iii
994 3368 1150 3399 Sanctitatis
1165 3380 1218 3400 ve-

157 3405 221 3436 strae
234 3405 322 3437 Curia
336 3406 456 3444 pendet,
475 3415 506 3436 ut
519 3406 722 3444 intelleximus,
741 3405 878 3443 indecisa,

190 3444 224 3474 In
239 3454 347 3475 tantuin
362 3444 487 3483 depressa
499 3444 546 3482 sit,
565 3445 598 3475 &
612 3444 694 3474 status
708 3445 764 3482 ejus
779 3445 932 3474 minoratus
947 3443 1027 3481 quiid
1036 3467 1046 3481 ,

191 3482 354 3514 Occasione
367 3482 554 3522 quarumdam
568 3482 775 3513 Sententiarum
795 3482 940 3512 Interdiffl
953 3483 985 3512 ὃς
1001 3482 1190 3519 Sus-pensionis
1200 3507 1210 3522 ,

155 3519 191 3550 ad
208 3521 365 3552 instantiam
389 3522 516 3559 praediffl
535 3520 691 3551 Cardinali's
704 3544 713 3558 ,
731 3531 795 3559 per,
814 3520 1011 3550 Venerabilem
1024 3521 1152 3559 Patrem,
1173 3522 1215 3551 A-

156 3560 290 3596 quensem
320 3560 573 3599 Archiepiscopum
586 3584 596 3597 ,
628 3559 850 3597 praetendentem
873 3559 899 3588 se
920 3559 1111 3600 Exccutorem
1131 3560 1159 3589 in
1181 3560 1214 3590 ezi

157 3606 235 3633 parte
253 3599 269 3628 a
288 3598 360 3629 Sede
381 3598 547 3636 Apostoliczi
569 3599 735 3636 deputatum
749 3622 758 3636 ,
778 3599 806 3627 iri
820 3597 906 3637 ipsam
920 3596 1092 3635 Eccleiiam,
1108 3598 1141 3627 ὃς
1156 3599 1213 3636 ejus

155 3633 199 3664 Ca
221 3637 339 3676 itulum,
356 3637 559 3674 publicatarum
574 3636 716 3675 indebite,
735 3645 765 3666 ut
780 3636 914 3674 refertur,

228 3675 300 3704 ivina
315 3676 406 3713 (quod
420 3676 550 3706 dolenter
564 3675 720 3713 referimus)
738 3675 902 3705 minuuntur
917 3672 1041 3711 Officia,
1050 3674 1083 3704 &
1096 3673 1214 3704 consue-

155 3716 193 3739 tae
211 3711 411 3750 Hospitalitates
433 3724 465 3744 ac
480 3714 666 3744 Eleemosinae
683 3714 898 3751 subtrahuntur,
916 3713 1044 3743 oriuntur
1062 3711 1214 3751 scandala,

156 3746 190 3776 ὅ(
212 3757 270 3791 non
288 3751 356 3782 levis
369 3753 398 3782 in
413 3752 526 3790 Populo
540 3752 730 3783 Murmuratio
745 3752 901 3790 suscitatur,
923 3750 1062 3789 Nosque,
1086 3751 1120 3781 &
1136 3760 1212 3780 non-

156 3784 224 3828 nulli
237 3785 400 3827 Praelati,&
415 3790 549 3821 Proceres
559 3791 673 3829 ,Regni
686 3791 791 3828 nostri,
801 3800 912 3820 moram
925 3791 953 3819 in
967 3789 1017 3819 illis
1033 3789 1157 3827 partibus
1171 3789 1211 3819 fa-

154 3831 274 3867 men—tes,
292 3828 338 3862 qui
353 3829 568 3868 consuevimus,
586 3831 615 3859 in
628 3829 705 3860 dieta
720 3829 856 3868 Ecclesia,
876 3830 905 3859 in
928 3828 951 3858 F
953 3827 1015 3858 estis
1034 3827 1211 3865 Majoribus,

154 3859 268 3905 Divinis
275 3862 386 3894 Officiis
401 3867 527 3897 interesse
535 3890 544 3905 ,
553 3878 629 3898 nunc
635 3867 773 3905 praemissa
779 3868 929 3898 occasione
934 3865 1108 3897 excludimur
1114 3888 1125 3904 ,
1132 3867 1211 3904 quod

150 3909 182 3930 in
215 3910 279 3930 rave
292 3901 420 3932 nostrum
435 3905 630 3943 praejudicium
642 3906 675 3936 &
690 3907 859 3944 vituperium
872 3905 996 3936 noscitur
1007 3904 1177 3942 redundare,

223 3937 384 3969 esiderantes
404 3941 413 3969 i
434 3942 486 3971 itur
506 3951 569 3974 toto
586 3944 674 3974 corde
698 3952 778 3974 tanto
793 3944 962 3975 Discrimini
974 3943 1085 3973 salubris
1099 3943 1208 3980 apposi-

148 3976 230 4007 tione
249 3974 385 4020 Remedii
403 3988 423 4007 o
445 3980 511 4009 viari
528 4004 538 4017 ,
562 3982 596 4012 &
613 3982 809 4020 indempnitati
831 3981 917 4012 status
937 3981 1059 4020 ejusdem
1073 3979 1207 4011 Ecclesia:

153 4014 200 4052 (ad
218 4025 296 4052 cujus
316 4015 507 4058 defensionem
529 4018 562 4048 &
574 4021 724 4050 tuitionem
738 4044 747 4057 ,
766 4029 797 4050 ut
810 4020 964 4057 Patronus,
983 4021 1071 4050 teneri
1084 4019 1206 4061 dinosci-

149 4062 214 4083 mur
235 4054 270 4086 ὅ(
283 4052 405 4094 astringi)
423 4054 548 4086 celeriter
564 4057 723 4096 provideri,
742 4058 886 4089 Sanetitati
899 4057 1000 4090 vestrae
1016 4059 1120 4090 votivis
1134 4059 1205 4088 asie-

605 150 1408 207 coNVENTroNEffi

1484 151 1884 206 LITERAE,

1279 240 1371 273 &ibus
1384 239 1587 278 supplicamus,
1608 241 1754 279 quatinus,
1771 239 1918 279 praemiffis
1939 240 1986 278 pia
2000 240 2202 274 deliberatione
2214 244 2347 286 pensatis,
2365 244 2441 277 Ann.
2454 247 2497 282 D.

1278 280 1314 310 ad
1333 279 1470 309 decorem
1490 281 1524 311 &
1545 279 1648 310 statum
1669 279 1755 309 dictae
1774 279 1909 310 Ecclesiae
1922 288 2045 323 paternae
2058 281 2288 314 considerationis
2301 286 2345 316 iti-
2383 295 2477 326 1333.-

1277 318 1384 348 tuitutn
1398 327 1614 356 convertenteS,
1629 318 1761 348 ordinare
1774 318 1934 355 dignemini
1949 318 2031 356 quod
2051 319 2137 350 dictae
2149 319 2296 353 Interdicti
2308 324 2342 355 ὃς
2358 327 2427 353 Edv.
2450 336 2476 362 3.

1278 356 1469 394 Suspensionis
1489 357 1643 388 Sententiae
1657 379 1667 395 ,
1685 357 1719 387 ad
1735 357 1892 394 cautelam,
1910 357 1957 388 vel
1972 357 2054 396 alias,
2072 367 2159 395 prout
2172 359 2272 391 vestrae
2289 361 2343 393 Be-

1278 395 1407 434 nignitati
1419 395 1555 432 placuerit
1562 400 1581 435 ,⁸
1589 396 1762 434 relaxentur,
1779 396 1902 426 maxime
1917 395 2058 434 pendente
2074 396 2157 436 Lite,
2175 406 2206 428 ut
2217 402 2344 436 praemit,

1279 434 1363 470 titur,
1382 435 1411 463 in
1425 433 1518 465 vestra
1531 433 1620 465 Curia
1633 437 1704 464 inter
1719 442 1817 472 partes.

1317 471 1408 502 Valde
1430 475 1508 502 enirn
1524 483 1609 513 grave
1621 472 1731 504 videtur
1745 473 1764 503 si
1778 472 1866 511 Nos,
1885 471 2012 511 Praelati,
2031 483 2064 504 ac
2079 475 2176 505 caeteri
2189 474 2346 517 Procerus,

1276 508 1373 550 Regni
1386 510 1492 548 nostri,
1512 513 1559 549 qui
1572 512 1720 549 specialem
1734 511 1921 542 devotionem
1935 512 1970 542 ad
1985 511 2092 542 dietam
2114 512 2285 553 Ecclesiam,
2309 517 2343 548 ὅσ

1276 549 1391 579 δαηόὶαε
1411 549 1555 588 Reliquias
1568 573 1578 588 ,
1602 551 1634 580 in
1647 550 1749 580 eadem
1764 550 1911 588 repofitas,
1928 551 2108 589 optinemus,
2125 552 2226 584 sentire
2240 553 2343 585 debea-

1275 597 1356 627 mus,
1375 588 1432 618 sine
1443 589 1527 628 culpa
1543 588 1657 628 nostra,
1676 599 1794 627 poenam
1808 598 1843 619 ex
1857 589 1936 619 fastis
1949 589 2077 620 aliorum.

1311 626 1380 657 Satis
1394 627 1533 665 siquidem
1544 627 1630 658 debet
1644 626 1786 665 sufficere,
1805 628 1903 666 quod,
1923 627 1989 658 Lite
2003 628 2141 666 praedicta
2156 639 2205 669 per
2220 630 2341 662 Senten-

1274 665 1342 695 tiam
1357 666 1553 704 tertninata,ii
1564 676 1624 696 non
1640 675 1781 705 pareatur,
1791 665 1926 697 Censurae
1941 667 2100 705 hujusmodi
2111 668 2142 698 in
2156 678 2218 699 non
2236 669 2341 700 Paren-

1273 712 1314 733 tes
1319 726 1331 747 2
1349 712 1380 734 ut
1396 703 1498 734 Poence
1510 705 1573 734 suos
1586 704 1727 735 Auttores
1739 713 1867 743 teneant,
1885 705 1979 744 potitis
1993 706 2080 744 qu‘am
2093 707 2124 736 in
2142 707 2204 736 tam
2219 707 2341 746 solemp-

1271 752 1340 772 nem
1361 742 1519 773 Eccleiiam
1532 766 1544 782 ,
1568 743 1598 772 in
1618 743 1748 773 nostrum
1761 744 1794 774 δε
1809 744 1930 774 aliorum
1943 744 2136 783 dispendium,
2154 747 2340 786 promulgen-

1272 788 1326 810 tur.

1309 818 1484 858 Conservet,
1503 820 1564 850 &c.

1347 857 1417 888 Dat.
1435 859 1510 897 apud
1524 858 1654 889 Eborum
1663 881 1673 897 ,
1691 859 1775 889 tertio
1789 859 1836 889 die
1850 859 2000 891 Februarii.

2266 948 2325 956 aaa

1314 998 1364 1029 De
1374 995 1555 1042 procedendo
1572 998 1616 1031 ad
1631 997 1801 1046 Judicinm
1820 1002 1852 1032 in
1872 1001 1986 1034 Placito

1725 1046 1875 1082 Eburum.

1270 1131 1365 1192 RE
1375 1131 1406 1162 X
1415 1155 1424 1169 ,
1439 1131 1602 1170 Justiciariis
1616 1133 1668 1165 suis
1681 1133 1717 1164 de
1730 1133 1844 1172 Banco,
1865 1132 2000 1165 Salutem.

1275 1207 1279 1211 .
1373 1169 1454 1200 Cum
1478 1172 1618 1203 Placitum
1637 1173 1756 1211 pendeat
1777 1183 1879 1203 coram
1901 1174 2001 1211 vobis,
2019 1183 2069 1211 per
2084 1173 2175 1205 Breve
2190 1175 2337 1215 nostrum,
2377 1185 2462 1217 1333.

1271 1216 1343 1250 inter
1360 1209 1428 1239 Nos
1443 1211 1476 1240 δε
1491 1211 1684 1242 Willielmuni
1710 1211 1966 1250 Archiepiscopum
1988 1211 2138 1252 Eborum,
2157 1213 2193 1244 de
2207 1224 2243 1245 eo
2256 1216 2336 1253 quod
2355 1219 2406 1243 An.
2423 1226 2450 1251 7.

1270 1246 1347 1289 idern
1363 1247 1600 1288 Archiepiscopus
1613 1250 1745 1280 ostendat
1761 1250 1834 1288 Qio
1852 1250 1895 1279 W
1904 1260 1925 1280 A
1936 1259 1958 1280 R
1968 1259 1988 1280 A
1998 1259 2020 1280 N
2031 1259 2082 1280 To
2101 1251 2203 1283 clamat
2217 1253 2337 1293 habere,
2355 1258 2383 1281 Ε.
2405 1264 2430 1291 3.

1269 1293 1299 1313 in
1316 1285 1725 1325 AquadeHull‚PR1sirs
1752 1289 1980 1318 VINORUM:
2352 1293 2439 1329 Claus.
2459 1302 2487 1328 7.

1308 1324 1355 1354 Ac
1377 1325 1444 1356 licet
1457 1348 1467 1364 ,
1483 1335 1514 1357 ut
1529 1329 1709 1365 accepimus,
1724 1327 1866 1358 Placitum
1882 1327 1950 1358 illud
1961 1327 2047 1366 usque
2061 1327 2096 1358 ad
2109 1328 2272 1369 judicium,
2289 1332 2332 1361 in-
2352 1335 2382 1358 E.
2392 1341 2416 1367 3-
2424 1338 2449 1368 p.
2463 1341 2472 1358 1
2484 1353 2491 1360 .

1269 1360 1307 1391 de
1323 1362 1517 1402 reddendum,
1532 1367 1592 1404 jam
1607 1366 1656 1397 diu
1669 1366 1729 1404 est,
1745 1366 1831 1396 fuerit
1844 1366 2025 1405 placitatum,
2044 1377 2095 1398 vos
2108 1375 2221 1406 tamen,
2352 1379 2389 1397 m.
2406 1379 2452 1405 27.

1309 1399 1367 1432 Pro
1386 1412 1423 1433 eo
1447 1404 1527 1441 quod
1549 1403 1624 1434 idem
1646 1405 1885 1442 Archiepiscopus
1919 1405 2079 1443 placitando
2094 1416 2192 1436 coram
2206 1406 2291 1438 vobis
2305 1408 2336 1445 in

1270 1439 1322 1469 liae
1337 1450 1432 1485 parte,
1451 1443 1592 1486 quandam
1607 1442 1723 1474 Cartam
1740 1443 1865 1473 Domini
1881 1427 1922 1473 131.
1942 1443 2088 1482 quondam
2104 1444 2192 1484 Regis
2206 1445 2340 1486 Angliae,

1271 1477 1376 1521 Proaw
1397 1479 1487 1510 nostri
1538 1482 1650 1513 cuidam
1666 1482 1798 1512 waltero
1820 1481 1936 1512 Giffard
1951 1506 1960 1520 ,
1986 1482 2097 1513 dudum
2113 1483 2340 1523 Archiepiscopo

1268 1515 1404 1587 ¹Ijsborifilrrtss
1414 1542 1432 1563 ³.
1449 1519 1486 1550 de
1503 1506 1587 1551 Prisis
1606 1521 1657 1552 suis
1679 1521 1730 1551 sibi
1756 1520 1896 1551 conceffis
1910 1521 2030 1560 factam,
2048 1522 2077 1552 in
2093 1522 2258 1553 defensione
2265 1523 2341 1563 Juris

1282 1566 1306 1585 ui
1320 1566 1354 1586 ex
1376 1567 1383 1586 i
1407 1566 1460 1595 uit,

1309 1596 1327 1613 *³
1348 1595 1395 1626 Ad
1406 1596 1553 1634 Judicium
1569 1598 1737 1636 praedidtum
1753 1597 1947 1637 reddendum,
1965 1599 2011 1629 seu
2024 1598 2224 1629 discussionem
2238 1599 2334 1632 Cartae
2354 1605 2370 1621 ⁴*
2388 1607 2441 1633 Iv.

1270 1633 1413 1703 Ρῑῇιάίᾶὶὲε
1426 1635 1606 1704 ξῆςξῖῗάιιω,
1623 1638 1682 1668 sine
1697 1637 1839 1668 Mandato
1854 1637 1954 1669 nostro
1963 1637 2091 1677 speciali,
2108 1638 2252 1677 hucusque
2265 1649 2334 1678 pro-
2351 1653 2417 1680 542·

1270 1681 1305 1701 ce
1326 1683 1373 1702 ere
1407 1684 1423 1704 u
1447 1684 1484 1705 ita
1514 1685 1533 1705 is

1308 1711 1377 1741 Nos
1391 1735 1400 1750 ,
1426 1698 1554 1745 nolente's
1571 1713 1717 1752 Judicium
1736 1715 1805 1745 illud
1826 1714 1860 1745 ei
1880 1715 2029 1746 occasione
2050 1715 2168 1756 ulterius
2189 1715 2337 1755 retardari,

1270 1750 1351 1780 vobis
1373 1751 1538 1783 mandamus
1559 1752 1662 1792 quod,
1686 1753 1746 1785 visa
1768 1753 1855 1784 Cart&
1875 1753 2010 1790 praedicta
2026 1777 2035 1792 ,
2061 1755 2096 1785 ὃς
2120 1755 2262 1786 Recordo
2275 1778 2285 1793 ,
2302 1756 2337 1786 &

1270 1786 1428 1828 Processu,
1448 1791 1548 1822 habitis
1568 1794 1597 1821 in
1620 1791 1672 1822 hac
1696 1800 1773 1830 parte
1789 1816 1798 1830 ,
1824 1792 1939 1822 ulterius
1960 1792 2153 1830 adjudicium
2166 1793 2337 1831 praedictum

1269 1826 1445 1858 reddendum
1462 1852 1471 1867 ,
1487 1839 1555 1860 cum
1569 1830 1603 1860 eii
1617 1830 1755 1860 celeritate
1768 1829 1823 1868 quit
1837 1829 1897 1860 fieri
1912 1831 2035 1868 poterit,
2053 1831 2210 1861 secundum
2223 1832 2336 1870 Legem

1269 1864 1572 1933 &dConsuetudinem
1595 1869 1695 1906 Regni
1708 1868 1816 1907 nostri,
1831 1869 1936 1907 absque
1949 1869 2041 1908 aliqua
2055 1869 2250 1909 dubitatione,
2268 1880 2336 1909 pro-

1269 1914 1302 1934 CC
1314 1913 1380 1934 ι-ΊῖῘΞ.

1306 1943 1396 1974 Teste
1409 1943 1490 1984 Rege
1504 1944 1576 1983 apud
1592 1944 1724 1976 Eborum
1733 1968 1744 1984 ,
1761 1946 1847 1976 terrio
1860 1945 1906 1976 die
1921 1946 2071 1977 Februarii.

2000 1012 2055 1048 pro
2075 1000 2298 1050 ArchiepIfiopa

2357 1137 2433 1168 Ann.
2444 1137 2486 1168 D.

1740 2024 1795 2052 Per
1807 2021 1892 2062 ipsum
1906 2025 2002 2060 Regem
2015 2020 2054 2057 ό·
2072 2021 2223 2053 Concilium.

1265 2161 1324 2195 Ad
1347 2166 1456 2211 Regem
1479 2165 1655 2207 Navarra,
1674 2165 1768 2211 st'aeper
1792 2164 1939 2197 Duffione
1957 2161 2095 2207 Arg-stati
2112 2166 2144 2196 in
2168 2163 2330 2211 Angliam.

1343 2249 1476 2289 Agnisico
1489 2249 1632 2288 Principi,
1651 2249 1789 2281 Domino
1805 2249 1955 2288 Philippo,
1974 2248 2035 2280 Dei
2047 2248 2153 2293 gratiss,
2169 2247 2249 2286 Regi
2265 2247 2332 2293 Na-
2350 2242 2426 2274 Ann-
2438 2243 2479 2275 D·

1260 2247 1922 2366 ..s&gffisaeasssudrzissis“satis
1942 2287 2328 2364 &sarmasia
2342 2292 2455 2357 aaa·

1418 2350 1437 2370 ³,
1616 2368 1619 2371 ,
1761 2351 1771 2367 ³
1921 2351 1930 2365 ι
2141 2351 2151 2364 -ι
2344 2365 2374 2387 Ε.
2418 2381 2425 2386 .

1261 2366 1684 2443 νοὲἆῐῐξζοὲξᾶῑᾘὶςᾶὃξῖῗίεὲἐε
1707 2404 1801 2435 noster
1822 2404 1858 2436 ad
1878 2404 1984 2449 Arma,
2001 2403 2123 2442 Egidius
2137 2402 2172 2433 de
2182 2402 2328 2440 Ispannia,
2345 2370 2432 2436 Clanis.
2449 2409 2475 2434 7.

1261 2441 1427 2486 Robettum
1451 2443 1542 2487 Lynel
1561 2444 1596 2474 de
1618 2443 1763 2482 Ispannia,
1781 2443 1868 2482 usque
1887 2454 1917 2473 in
1940 2443 2080 2483 Regnum
2095 2441 2221 2472 vestrum
2235 2451 2326 2484 nuper
2344 2441 2372 2464 E.
2384 2444 2441 2474 3·P-
2453 2447 2477 2465 ¹·

1260 2481 1397 2512 insecutus
1410 2482 1519 2522 fuisset,
1538 2483 1572 2513 &
1587 2482 1677 2521 ipsum
1693 2483 1814 2520 ibidem,
1833 2491 1950 2520 propter
1964 2480 2094 2524 quaedam
2110 2478 2285 2522 contra-Nos
2295 2489 2326 2509 in
2342 2485 2380 2503 m·
2394 2485 2440 2510 27·
2451 2476 2480 2505 d·

1259 2518 1398 2560 Regnum
1414 2521 1544 2552 nostrum
1557 2520 1842 2560 commiss'a,arestari
1856 2520 1982 2562 fecisset,
1999 2519 2032 2549 &
2046 2528 2075 2561 in
2091 2515 2325 2561 Ctis'godia,No-

1259 2559 1320 2589 bilis
1336 2559 1415 2597 Viri,
1434 2559 1559 2590 Domini
1571 2560 1712 2597 Henrici,
1731 2559 1856 2589 Domini
1869 2558 1907 2588 de
1919 2557 2022 2596 Sorlly,
2041 2556 2204 2594 dimisisset‚
2219 2556 2324 2594 quous-

1259 2608 1315 2635 que
1331 2598 1398 2628 inde
1415 2597 1484 2628 Nos
1498 2598 1606 2636 plenius
1620 2596 1813 2634 informasset,
2175 2633 2179 2639 Ι
2211 2633 2219 2640 x

1297 2635 1542 2674 Magnificentiam
1560 2635 1682 2666 vestram
1704 2635 1872 2673 requirimus
1886 2633 1920 2664 &
1935 2643 2088 2677 rogamus,
2107 2641 2236 2671 quatinus
2250 2643 2323 2671 prae-

1257 2674 1318 2705 fato
1334 2674 1466 2704 Domino
1479 2674 1515 2704 de
1529 2674 1618 2712 Soilly
1634 2674 1753 2705 Litteras
1768 2672 1870 2704 vestras
1883 2672 2002 2711 dirigere
2016 2672 2122 2710 velitis,
2139 2680 2170 2702 ut
2185 2672 2324 2716 prafaturn

1258 2713 1425 2743 Robettum
1445 2713 1582 2750 praedi&o
1598 2712 1738 2743 Servienti
1759 2711 1860 2742 nostro
1883 2711 1965 2741 faciat
1984 2711 2118 2753 liberari,
2146 2709 2323 2754 ad-Nos'in

1260 2751 1394 2791 Angliam
1406 2750 1591 2789 ducendum,
1609 2750 1648 2782 Et
1660 2750 1746 2790 Nos,
1764 2750 1799 2781 ad
1813 2749 1927 2788 similia,
1946 2750 1980 2780 ὅ(
1996 2749 2209 2787 majora‚vo'ois
2224 2748 2324 2780 astrin-

1256 2791 1287 2830 gi
1302 2790 1434 2821 volumus
1448 2791 1477 2820 in
1493 2791 1628 2820 futurum.

1295 2828 1363 2860 Dat.
1379 2828 1453 2867 apud
1468 2827 1618 2868 Eborurn,
1636 2836 1736 2867 quarto
1751 2827 1798 2858 die
1811 2827 1964 2858 Februarii.

1413 2968 1574 3018 Ejusmodi
1588 2971 1697 3019 Litera
1717 2969 1762 3003 ad
1783 2969 1984 3015 Seneftallum
2002 2971 2048 3002 Va
2062 2970 2157 2999 coniae.

1326 3058 1391 3089 EX
1407 3081 1417 3097 ,
1436 3057 1594 3089 Senescallo
1613 3056 1663 3087 suo
1687 3055 1836 3087 Vasconiae
1849 3077 1860 3094 ,
1884 3055 1918 3084 &
1938 3050 2228 3095 Constabulariovsuo
2247 3050 2317 3082 Bur-
2332 3052 2409 3083 Ann.
2425 3052 2468 3083 D.

1335 3098 1471 3136 degaliae,
1489 3098 1537 3136 qui
1560 3105 1638 3126 nunc
1653 3094 1732 3133 sunt,
1750 3095 1798 3126 vel
1813 3095 1863 3132 qui
1877 3102 1931 3130 pro
1950 3099 2082 3128 tempore
2098 3090 2219 3128 fuerint,
2237 3089 2317 3121 Salu-
2332 3101 2437 3157 A1333.

1284 3147 1321 3166 m.
2359 3141 2386 3157 n.
2402 3141 2429 3166 7.

1254 3146 1282 3168 te
1291 3174 1390 3213 Cum,
1407 3174 1524 3205 dile&us
1544 3173 1674 3203 Serviens
1695 3169 1791 3200 noster
1811 3168 1846 3198 ad
1862 3168 1970 3205 Arma,
1989 3166 2106 3206 Egidius
2117 3166 2155 3198 de
2171 3166 2317 3208 Ispanniss,
2334 3173 2369 3212 Ε..
2385 3178 2410 3203 3.

1252 3213 1289 3243 de
1311 3214 1446 3243 mandato
1465 3212 1583 3247 nostro,
1602 3210 1721 3240 divertat
1735 3208 1762 3238 se
1774 3206 1808 3237 ad
1822 3206 1964 3243 Regnum
1979 3205 2137 3244 Navarrae,
2153 3206 2188 3236 ad
2203 3206 2320 3236 Rober-
2332 3206 2395 3234 ibid.

1253 3260 1314 3281 turn
1339 3251 1430 3290 Lynel
1450 3249 1605 3279 Inimicum
1624 3246 1756 3277 nostrum
1779 3246 1808 3275 in
1833 3246 1937 3275 eodem
1955 3244 2066 3281 Regno
2081 3244 2249 3282 attestatum,
2263 3253 2318 3274 nec

1254 3299 1314 3319 nori
1335 3289 1500 3327 Johannem
1520 3286 1601 3323 Tylli
1620 3285 1741 3316 Socium
1756 3284 1837 3323 ipsius
1849 3283 1990 3321 Roberti,
2008 3285 2036 3312 in
2053 3282 2194 3314 Custodia
2207 3281 2319 3312 Castel-

1252 3328 1306 3357 lani
1323 3328 1358 3358 de
1371 3327 1530 3357 Mailloune
1541 3324 1724 3361 existentem,
1743 3324 1829 3362 usque
1843 3323 1872 3352 in
1888 3322 2024 3361 Regnum
2039 3321 2170 3352 nostrum
2189 3322 2223 3352 ad
2246 3320 2316 3351 Nos

1251 3366 1458 3403 deducendos,
1477 3365 1561 3395 vobis
1581 3361 1746 3393 mandamus
1761 3385 1771 3400 ,
1790 3361 1871 3400 quod
1894 3361 1988 3391 eidem
2011 3360 2115 3400 Egidio
2140 3359 2261 3404 Navem
2279 3368 2314 3388 ac

1253 3403 1385 3443 Custagia
1407 3402 1555 3434 necessaria
1578 3412 1630 3440 pro
1649 3400 1722 3432 salva
1743 3402 1776 3432 &
1798 3399 1893 3430 securi
1914 3399 2066 3436 Dustione
2086 3397 2288 3444 praedidtorum
2303 3418 2315 3434 ‚

1252 3441 1376 3473 Roberti
1390 3443 1423 3473 ὃς
1436 3442 1590 3481 johannis,
1609 3440 1694 3477 usque
1706 3441 1736 3469 in
1750 3439 1889 3477 Regnum
1903 3438 2034 3469 nostrum
2047 3435 2313 3479 facienda,necnon

1250 3481 1342 3511 eidem
1351 3480 1459 3518 Egidio
1470 3480 1548 3518 super
1562 3480 1620 3510 hoc
1634 3478 1741 3508 salvum
1756 3478 1789 3508 ὃ(
1802 3478 1930 3508 securum
1943 3475 2134 3519 Condudturn
2149 3483 2179 3503 in
2194 3481 2313 3503 vemen-

1249 3520 1289 3550 do
1304 3520 1388 3558 usque
1405 3520 1545 3557 Regnum
1558 3517 1690 3548 nostrum
1703 3515 1890 3554 praedictum,
1908 3515 2013 3546 habere
2026 3514 2140 3545 faciatis.

1286 3558 1354 3589 Dat.
1374 3567 1405 3589 ut
1416 3558 1504 3596 supra.

1250 3633 2306 3653 Μ

1388 3701 1448 3737 Ad
1463 3705 1573 3749 Regem
1589 3703 1739 3744 Franciae,
1755 3701 1848 3747 sicper
1863 3694 1997 3745 Justitia
2007 3692 2164 3739 facienda.

1291 3787 1460 3818 Ercnissimo
1478 3786 1622 3825 Principi,
1641 3786 1776 3817 Domino
1795 3784 1830 3814 P.
1851 3782 1911 3813 Dei
1923 3780 2026 3820 gratia,
2044 3779 2090 3809 Re
2111 3776 2309 3809 iFrancorum
2328 3784 2451 3816 ΛΜΗ),

1249 3788 1288 3849 S
1308 3825 1653 3865 Illustrissonianguineo
1668 3825 1718 3855 suo
1729 3818 2068 3865 carissimo,Edwardus,
2118 3826 2145 3848 c.
2163 3816 2307 3854 Salutem,
2352 3833 2437 3864 1333,

1247 3865 1281 3896 &¹
1295 3865 1452 3904 successus,
1470 3864 1506 3895 ad
1520 3873 1603 3902 vota,
1621 3864 1770 3902 prosperos
1782 3861 1816 3892 &
1832 3859 1951 3890 foelices.
2115 3894 2120 3900 ⁸
2323 3866 2376 3891 An,
2395 3872 2423 3899 7=

1261 3942 1266 3947 ·
1285 3903 1458 3942 Qierelam,
1477 3903 1648 3948 dilefflprum
1663 3901 1863 3932 Mercatorum
1877 3895 2065 3933 nostrorum,
2082 3892 2168 3925 Villae
2184 3893 2305 3926 Dovor-
2320 3905 2349 3928 Ε.
2367 3911 2394 3937 3.
2450 3944 2453 3946 v

1245 3951 1485 4018 rlaeQ-gdepdiiiiils
1491 3949 1820 4019 giiitdgiisnffigissatorae,
1838 3973 1983 4017 Marinarii
2003 3971 2145 4011 cujusdam
2159 3971 2254 4017 Navis
2266 3970 2303 4002 de
2317 3938 2452 4014 5¹³3ssAE

1243 4017 1436 4055 Rothomago
1448 4044 1458 4057 ,
1473 4020 1503 4049 in
1522 4015 1689 4048 Normani‘ssi
1710 4014 1840 4045 Carcatae
1858 4011 2003 4042 Allecibus
2014 4034 2024 4050 ,
2042 4019 2155 4050 propter
2175 4010 2244 4041 Vim
2266 4009 2301 4040 &
2317 4025 2353 4044 m.
2372 4015 2449 4052 ²4³-

1242 4057 1456 4094 Tempestatem
1475 4056 1589 4095 Maris,
1617 4062 1751 4094 magnam
1771 4059 1880 4093 partem
1901 4049 2048 4082 dictorum
2068 4049 2214 4082 Allecium
2228 4072 2239 4086 ‚
2264 4046 2301 4078 ad

2244 4083 2300 4121 dis-¹
