2562 4279
733 191 844 233 ET
926 188 1192 232 ACTA

1273 189 1748 238 PUsstroA..
2266 205 2320 252 37

1 281 78 317 Arm.
94 277 135 308 D-
149 282 251 321 gregati
266 304 276 320 ,
298 281 441 319 Regnum
461 279 591 311 nostrum
606 302 615 317 ,
638 279 666 310 in
690 278 801 310 diverfis
821 276 941 318 partibus
954 299 964 315 ‚
990 273 1127 307 hostiliter
1149 275 1211 305 sunt
1250 274 1287 306 de
1308 272 1455 316 flandria,
1477 279 1556 318 super
1577 275 1729 321 Alligantiis
1748 283 1782 313 δε
1803 276 1943 314 Amicitiis
1961 282 2116 321 perpetuu,
2133 277 2205 312 inter
2215 288 2268 313 nos
2281 281 2316 314 ὃς
2330 278 2405 311 Ann.
2422 274 2452 311 D

27 316 109 358 1338·
154 319 263 360 ingressi
279 343 289 358 ,
313 321 347 350 ὃς
367 320 522 349 Civitatem
546 318 673 348 nostram
694 317 860 355 praedictam
881 316 1024 352 celeriter,
1042 315 1063 345 fi
1079 313 1212 354 possunt,

4 359 72 388 Edv·
91 364 118 392 3·
153 358 285 389 invadere
299 367 482 396 proponunt,
496 357 531 388 ad
546 356 624 387 Mala
639 357 672 387 &
687 356 840 393 facinora,
859 365 924 393 quae
943 361 1091 393 poterunt,
1106 351 1215 382 ibidem

151 397 383 437 perpetrandum,

190 435 335 504 Illlglelntes
357 473 510 503 Salvationi
533 472 567 502 ὃς
586 470 750 501 Defenfioni
774 468 902 499 Civitatis
921 467 1066 508 praedictae
1080 490 1090 504 ,
1117 471 1217 496 contra

152 512 317 551 hujusmodi
331 511 455 542 Hostiles
472 509 637 550 Aggresfiis,
655 508 818 552 providere,
1004 544 1009 549 ι
1033 543 1039 549 ⁴

197 551 287 581 Vobis
301 549 483 586 mandamus,
501 548 654 579 districtius
667 549 861 585 injungentes,
880 543 958 582 quod
973 542 1129 574 Ciwtatetn
1147 551 1220 581 prae-

160 590 285 626 dietam,
302 588 393 619 versus
409 590 538 625 Aquam,
554 586 590 616 de
602 585 703 622 Petra,
720 585 765 614 vel
779 584 815 614 de
829 582 946 621 Bordis,
968 591 1038 613 cum
1052 582 1134 611 omni
1148 581 1221 611 cele-

159 630 256 665 ritate,
270 625 326 665 qua
344 627 468 665 poteritis
483 648 492 662 ,
517 633 617 655 contra
636 622 763 653 Hostiles
775 621 925 660 Aggreffus
941 620 1110 663 praedictos,
1129 618 1221 649 claudi

160 666 195 697 &
210 666 314 696 muniri
326 663 428 694 faciatis
439 687 449 703 ,
472 664 505 694 δε
520 663 595 693 Pilos
609 662 679 691 ultra
693 660 806 700 Aquam
820 659 979 690 Thamiliae
990 682 1000 698 ,
1023 668 1057 688 ex
1071 657 1221 700 transverso

160 704 285 772 ejiciisdem
302 727 311 741 ,
337 702 396 771 figd‘
405 703 436 732 in
455 701 660 732 Defenfionem
683 698 813 729 Civitatis
829 698 974 738 praedict-x
989 722 999 736 ,
1024 705 1107 735 prout
1124 695 1224 725 melius

161 753 191 774 vi
212 751 286 772 eritis
299 750 331 771 ex
353 752 368 772 e
390 751 428 770 ire

200 781 238 812 Et
253 751 354 810 omneps
372 765 517 810 Homines
530 801 540 815 ,
568 775 707 806 Redditus
729 776 756 805 in
776 774 900 805 Civitate
939 772 1054 805 raedieta
1076 773 1225 808 habentes,

163 820 225 850 tam
239 818 414 855 Religiosos,
433 817 520 853 quam
532 814 614 850 alios,
638 814 843 853 cujuscumque
855 814 949 844 Status
962 813 1064 843 fuerint
1077 834 1087 850 ,
1109 811 1179 840 nulli
1195 811 1225 839 in

164 859 220 888 hac
234 865 310 895 parte
321 855 462 895 parcendo
471 877 480 891 ,
495 854 527 883 ad
535 853 741 883 Defensionem
754 853 922 890 praedidtam
935 851 1041 882 ibidem
1052 849 1226 892 faciendam,

165 907 216 934 per
231 894 446 930 Distristiones,
464 893 497 922 &
511 891 573 922 alias
588 893 662 929 vias,
680 892 713 922 ἃ
734 891 853 929 modos,
872 891 970 930 quibus
986 889 1084 919 melius
1097 886 1226 930 expedire

166 935 307 971 videritis,
323 931 514 968 compellatis,
533 931 569 960 ita
583 930 663 970 quud
676 930 812 960 Defensio
831 930 873 959 illa
892 929 985 959 modis
1001 951 1010 965 ,
1033 928 1134 966 quibus
1147 933 1229 956 citius

166 972 225 1003 fieri
241 973 358 1010 poterit,
376 969 535 999 festinetur:
554 970 587 999 &
603 969 660 999 hoc
674 969 753 999 nullo
773 968 863 998 modo
877 968 1022 998 omittatis.

170 1045 444 1117 OgegesCustode
465 1046 579 1084 Angliae
602 1045 676 1085 apud
698 1044 878 1084 Kenyngton
892 1067 902 1082 ,
923 1043 1061 1075 vicesimo
1080 1042 1164 1073 tertio
1184 1040 1230 1071 die

234 1096 254 1116 ο
276 1096 297 1116 n
312 1107 319 1114 .

193 1136 207 1153 l

568 1163 620 1191 Per
635 1159 716 1201 ipficm
732 1159 866 1198 Custodem
878 1157 916 1194 ῤ’
932 1158 1083 1190 Concilium.

247 1289 311 1322 Pro
331 1285 493 1319 {Villielmo
510 1283 626 1330 Truffel
634 1311 643 1326 ‚
671 1282 706 1316 de
724 1281 854 1317 Canibus
869 1295 926 1314 non
942 1279 1155 1328 expeditandu.

22 1362 100 1393 Am·
116 1358 156 1389 D·
176 1371 266 1428 RE
277 1370 308 1401 X
326 1370 568 1411 Archiepiscopis,
587 1368 752 1407 Episcopis,
770 1369 830 1399 &c.

44 1399 128 1441 1333·
209 1448 213 1452 ῃ
291 1409 388 1439 Sciatis
409 1420 460 1440 nos
476 1432 485 1448 ,
510 1408 545 1438 de
563 1407 649 1446 gratia
668 1407 761 1437 nostra
780 1405 902 1444 speciali,
920 1415 954 1436 ac
971 1415 1023 1443 pro
1036 1405 1116 1434 bono
1130 1404 1162 1434 δε
1197 1412 1238 1432 ra-

24 1443 75 1469 An.
96 1448 138 1466 ¹2·
176 1456 246 1478 tuito
262 1448 398 1486 Servitio,
418 1447 513 1486 quod,
533 1446 662 1476 Dilectus
681 1445 813 1475 Vallettus
833 1444 944 1482 noster,
963 1443 1134 1474 W'illielmus
1185 1441 1238 1471 rus-

25 1483 53 1506 ῖ-
71 1487 96 1514 3·
174 1486 225 1523 sel,
243 1487 323 1518 nobis
342 1487 428 1517 indies
445 1486 606 1523 impendere
617 1494 676 1515 non
692 1483 812 1522 desistit,
827 1482 884 1514 Co
894 1491 916 1513 N
925 1492 967 1512 cn
979 1491 990 1512 s
1002 1491 1014 1512 s
1024 1490 1035 1511 1
1045 1490 1056 1511 s
1066 1490 1078 1511 s
1088 1490 1105 1511 Ε
1114 1505 1122 1518 ,
1141 1480 1237 1511 &hac

24 1521 82 1545 Pat.
92 1514 161 1552 apud
176 1525 265 1556 Carta
284 1524 380 1555 nostra
403 1524 459 1555 Co
470 1533 492 1554 N
504 1534 522 1554 F
532 1533 543 1553 r
553 1533 576 1554 R
585 1531 610 1553 M
619 1534 637 1554 A
649 1532 660 1553 ς
669 1532 680 1553 s
690 1531 708 1552 Ε
725 1546 734 1560 ,
752 1523 846 1552 eidem
868 1521 1030 1551 Willielmo
1044 1542 1053 1557 ,
1092 1519 1152 1549 uod
1166 1519 1237 1558 ipse,

24 1559 160 1584 Ama*
179 1563 213 1594 &
228 1563 365 1594 Haeredes
386 1563 440 1602 sui,
457 1574 489 1593 ac
511 1572 609 1593 eorum
631 1561 778 1592 Tenentes
796 1559 918 1590 Manerii
932 1560 964 1590 ὃς
978 1558 1064 1589 Villae
1097 1568 1112 1587 e
1127 1557 1242 1587 Shotes-

26 1598 58 1622 E.
77 1602 102 1629 3·
180 1603 254 1633 brok
267 1604 350 1642 <quae
363 1602 424 1632 sunt
438 1601 508 1632 infra
524 1601 616 1631 Metas
632 1599 754 1630 Forestae
767 1598 871 1630 nostrae
883 1598 919 1628 de
931 1595 1130 1636 Wyndesore)
1146 1596 1178 1626 δε
1192 1605 1241 1625 eo-

24 1640 62 1661 m·
78 1639 106 1667 5·
179 1641 314 1672 rumdem
328 1642 488 1671 tenentium
503 1639 656 1677 Haeredes,
674 1639 708 1668 de
729 1638 754 1668 E
763 1648 781 1668 x
789 1647 807 1667 P
818 1646 835 1667 Ε
846 1646 885 1666 Dr
895 1644 917 1666 T
927 1645 946 1665 A
954 1643 976 1665 ’r
986 1644 997 1664 1
1008 1645 1028 1664 o
1038 1643 1060 1664 N
1070 1644 1088 1664 Ε
1108 1634 1223 1664 Canum
1231 1656 1242 1671 ,

178 1680 249 1749 isnfra
265 1678 412 1725 Forestam
426 1678 554 1709 nostram
567 1677 732 1717 praedictam
745 1675 873 1707 facienda
887 1698 897 1714 ,
919 1673 966 1704 IM
974 1681 993 1702 P
1001 1683 1018 1704 Ε
1027 1682 1050 1703 R
1060 1680 1078 1701 Ρ
1088 1682 1106 1703 Ε
1117 1681 1139 1702 T
1148 1680 1170 1702 υ
1180 1681 1203 1702 u
1213 1680 1240 1702 M

190 1726 232 1749 int
268 1727 351 1749 uren:

248 1729 315 1787 liare
338 1756 456 1787 VoLu
470 1764 549 1786 Mth
569 1755 601 1786 &
622 1753 738 1784 firmiter
758 1752 1039 1782 Pafficmmus
1077 1759 1128 1786 pro
1144 1748 1243 1793 nobis,

177 1797 212 1827 &
269 1795 404 1826 aeredibus
427 1794 529 1825 nostris
542 1817 552 1832 ,
578 1792 656 1831 quod
677 1792 753 1822 idem
773 1790 946 1820 Willielmus
961 1813 970 1827 ,
988 1790 1021 1818 ὅς
1082 1787 1184 1817 aeredes
1205 1787 1243 1817 sui

180 1834 309 1872 praedieti
323 1857 332 1872 ,
353 1844 386 1863 ac
405 1843 506 1864 eorum
525 1832 669 1862 Tenentes
690 1829 814 1860 Manerii
831 1829 865 1858 δε
879 1828 961 1859 Villae
973 1825 1191 1864 praediecomm,
1210 1826 1244 1856 &

183 1873 351 1903 eorumdem
359 1872 535 1902 Tenentium
543 1870 680 1900 Haeredes
687 1892 696 1908 ,
705 1869 741 1898 de
748 1867 772 1898 E
780 1875 825 1910 x?
835 1876 852 1897 Ε
862 1876 884 1897 D
893 1876 904 1897 r
912 1875 935 1896 T
944 1876 964 1896 A
973 1874 995 1895 T
1007 1875 1015 1894 r
1026 1874 1046 1894 o
1056 1873 1079 1894 N
1090 1874 1107 1894 E
1116 1863 1246 1902 Canum,

179 1912 249 1941 infra
265 1910 408 1941 Forestam
426 1909 552 1940 nostram
574 1907 739 1947 praediCtam
757 1905 882 1937 facxenda
896 1928 905 1943 ,
921 1904 934 1935 1
943 1913 970 1935 M
979 1913 997 1933 Ρ
1007 1913 1024 1934 Ε
1036 1912 1059 1933 R
1068 1911 1085 1932 P
1093 1912 1112 1932 Ε
1121 1911 1144 1932 Τ
1153 1911 1175 1933 υ
1184 1911 1206 1932 U
1216 1911 1245 1933 M

180 1949 233 1981 sint
245 1950 350 1989 quieti,
368 1949 437 1979 sicut
450 1948 620 1988 praediCtum
633 1945 683 1977 est.

33 2038 54 2061 t
71 2039 163 2076 v‚87‚
607 2022 699 2053 *Hiis
712 2021 857 2053 Testibus.

185 2099 346 2132 Venerabili
364 2102 460 2140 Patre,

222 2142 340 2171 Henrico
362 2139 484 2179 Episcopo
501 2137 697 2178 Lincolnienfi,

222 2180 340 2208 Henrico
348 2180 379 2208 de
387 2177 552 2218 Lamastria
559 2201 567 2215 ,
576 2176 698 2216 Derbiae,

225 2219 268 2247 W
266 2216 371 2247 illielmo
379 2218 411 2247 de
420 2220 517 2247 Monte
531 2219 623 2246 Acuto
630 2239 640 2255 ,
649 2219 699 2245 Sa-

189 2265 251 2286 run}

225 2279 340 2325 Riberto
355 2295 387 2324 de
402 2294 514 2334 Uffbrd,
533 2292 689 2361 Suffilciaess
719 2330 763 2361 al''

691 2340 701 2362 t
746 2341 777 2360 us
785 2353 795 2369 ,

733 2098 914 2130 Comitibus:

773 2140 806 2167 H
805 2140 888 2167 enrico
904 2137 935 2166 de
946 2138 1064 2166 Ferariix
1071 2156 1081 2174 ‚

773 2175 907 2205 Nicholao
922 2175 952 2204 de
968 2173 1129 2212 Cantilupo,

775 2213 908 2252 Johanne
915 2216 1019 2253 Darcy,
1028 2209 1172 2251 Senefiallo
1177 2209 1248 2250 H⁰fi

733 2256 801 2292 pita·
815 2251 914 2293 nostri,

229 2410 302 2479 Dla'n
317 2419 365 2450 per
374 2409 499 2441 Manum
514 2408 640 2440 nostram
647 2407 721 2448 apud
737 2406 958 2444 Andewerpiam
966 2427 975 2442 ,
990 2403 1121 2435 Decimo
1133 2402 1179 2435 die
1186 2402 1257 2435 No-

191 2458 259 2480 vem
282 2459 326 2479 ris.

858 2524 912 2552 Per
924 2519 1006 2560 ipsum
1019 2521 1123 2556 Regem,

241 2601 306 2609 0.—

269 2654 318 2686 De
339 2651 497 2685 tranando
518 2663 587 2684 cnm
601 2650 750 2685 Flandriae
765 2652 880 2684 comite
892 2651 983 2698 fhper
999 2650 1197 2699 Sponfhlibns.

48 2748 128 2779 Am,
141 2746 185 2778 D,
201 2736 328 2795 REX
346 2737 512 2774 Univerfis,
529 2737 676 2777 praesentes
690 2736 811 2767 Litteras
825 2736 1000 2776 inspecturis,
1019 2737 1153 2768 Salutem.

73 2787 158 2825 1338,
314 2775 412 2806 Sciatis
423 2775 501 2814 quod
515 2785 585 2814 nos,

51 2829 105 2855 An,
126 2835 169 2852 η,
239 2812 290 2843 De
305 2813 558 2857 circu-mspec‘tione
576 2813 693 2850 provida
705 2814 739 2844 ὃς
758 2812 889 2844 fidelitate
908 2815 1042 2853 probata,
1059 2814 1223 2856 Spectabilis
1235 2815 1268 2846 &

54 2868 85 2892 Ε.
107 2872 132 2899 3.
205 2850 334 2896 Potenns
353 2852 412 2896 Viti
423 2874 434 2891 ,
454 2851 602 2896 Reynoldi
615 2850 740 2883 Comitis
753 2851 843 2883 Geloe
854 2852 887 2883 &
904 2851 1061 2891 Zutphenn
1072 2876 1082 2891 ,
1099 2854 1200 2884 Fratris
1215 2863 1270 2883 no-

87 2902 152 2931 ma·
206 2889 255 2920 stri
269 2889 419 2928 carissimi,
438 2890 560 2927 plenarie
576 2890 766 2928 confidentes,

238 2928 290 2973 ‘Ad
311 2928 508 2959 Tractandum
525 2927 824 2973 &nConcordandurn
837 2951 848 2967 ,
865 2938 918 2967 pro
931 2930 1032 2969 nobis,
1050 2931 1084 2961 δε
1103 2929 1202 2961 nostro
1217 2940 1271 2960 no-

203 2977 297 3012 mine,
317 2978 403 3006 curn,
422 2967 574 3011 Spectabih
587 2968 620 2998 ὃς
640 2966 754 2998 Potenti
770 2966 861 3005 Viro,
880 2967 1044 2999 Ludowico
1059 2968 1178 2999 Comite
1190 2968 1272 2998 Flan-

205 3006 291 3050 driae,
307 3006 341 3037 δε
357 3005 531 3050 Deputandis
543 3006 579 3036 ab
591 3016 644 3042 eo,
663 3005 742 3043 super
757 3005 932 3044 Sponsalibus
952 3007 986 3036 &
1008 3006 1215 3046 Matrimonio,
1230 3008 1274 3037 in-

205 3053 246 3075 ter
259 3044 362 3075 Filium
380 3044 607 3084 Primogenitum
619 3044 690 3075 dieti
711 3044 834 3074 Comitis
850 3043 873 3074 F
874 3044 1005 3082 landrice,
1023 3045 1057 3076 ὃς
1071 3045 1213 3076 Isabellam
1226 3045 1249 3075 F
1250 3046 1273 3075 i-

205 3082 272 3114 liam
285 3082 414 3114 nostram
427 3083 596 3114 cariffimam
615 3082 829 3120 contrahendis,

244 3121 377 3165 Necnon
390 3123 469 3162 super
486 3121 568 3152 Dote
581 3122 614 3152 ὃ(
628 3121 783 3158 Dominio,
802 3131 836 3152 ac
852 3120 1018 3152 Donatione
1030 3145 1042 3161 ,
1060 3130 1173 3161 propter
1186 3121 1274 3160 Nup-

207 3161 258 3191 tias
273 3170 304 3190 in
318 3161 372 3191 hac
386 3170 464 3198 parte
476 3160 678 3191 constituendis
691 3160 737 3190 vel
751 3159 933 3199 assignandis,

243 3198 282 3229 Et
293 3208 342 3236 ea,
361 3209 424 3236 quae
437 3200 475 3229 fic
489 3199 624 3230 Tradlfflta
637 3200 671 3230 &
693 3197 875 3229 Concordata
894 3198 1014 3237 fuerint,
1032 3207 1211 3238 quacumque
1226 3198 1274 3228 fir-

209 3237 307 3267 mitate
317 3236 478 3281 vallandum
491 3239 524 3268 &
539 3237 725 3275 firmandum,

244 3274 291 3305 Ac
303 3285 412 3319 *omma
432 3276 482 3319 alia
502 3277 536 3307 &
557 3276 661 3315 lingula
682 3275 845 3307 faciendum
866 3275 900 3306 &
922 3274 1145 3314 excercendum,
1162 3285 1226 3314 quae
1244 3277 1273 3306 in

207 3313 536 3391 ξὲῗῐιῖἐὲῐῖιιῗῶὃὲἓξιὲξῗ
553 3324 591 3358 ea·
599 3337 618 3382 ,1
633 3314 783 3345 necessaria
803 3314 848 3345 vel
861 3321 1000 3352 oportuna
1014 3313 1136 3351 fuerint,
1154 3316 1238 3345 etiam
1255 3316 1274 3345 si

396 3363 411 3382 e
432 3363 438 3381 1
551 3362 608 3383 ecia
620 3363 651 3391 e,

247 3389 371 3420 Praefato
393 3390 504 3422 Comiti
556 3391 610 3421 elre
630 3391 740 3428 plenam
755 3413 765 3429 ,
782 3399 881 3421 tenore
898 3390 1101 3431 praesentium,
1120 3393 1277 3422 committi-

211 3438 274 3459 mus
288 3429 321 3459 &
336 3428 521 3459 concedimus
535 3428 725 3467 Potestatem3

249 3467 448 3498 Prominentes
467 3477 519 3498 nos
538 3467 646 3497 Rarum
667 3468 701 3498 &
722 3466 845 3497 Gratum
860 3489 869 3504 ,
887 3476 1021 3505 quatenus
1037 3469 1071 3498 ad
1095 3479 1147 3498 nos
1162 3470 1277 3508 attinet,

211 3505 357 3536 habituros
371 3505 506 3543 quicquid
521 3515 570 3543 per
583 3506 749 3544 praedictum
763 3504 912 3535 Comitem
926 3504 1014 3535 Geli-e
1037 3506 1144 3537 Actum
1158 3507 1203 3538 vel
1216 3507 1279 3538 Ge-

215 3544 290 3614 stulm
306 3544 388 3589 fuerit
400 3544 588 3613 'ir‘igcpraemiffis
603 3545 637 3575 &
653 3542 1010 3582 quolibet'praemiss'orum.

267 3593 286 3612 n
301 3593 397 3621 quuS,
454 3592 480 3613 c.
716 3594 719 3598 ·

210 3686 213 3687 γ
254 3658 324 3691 Dat.
338 3659 411 3698 apud
426 3658 594 3697 Andewerp.
606 3658 782 3689 duodecimo
795 3658 841 3689 die
854 3658 1047 3690 Novembris.

217 3788 265 3820 De
273 3786 431 3822 trafflmdo
449 3799 517 3819 cum
530 3785 606 3819 dicio
622 3787 735 3818 Comite
752 3787 788 3823 ὠ·
801 3782 1115 3818 communitatibusde
1125 3784 1283 3819 Flandria.

73 3869 208 3948 Αἲξ-31)·
225 3871 357 3932 REX
375 3872 524 3904 Univerfis
537 3870 597 3907 &c.
612 3878 643 3901 ut
648 3869 731 3910 fitpra
748 3868 827 3910 usque
841 3870 877 3899 ibi
891 3893 901 3908 ,
919 3870 952 3900 δε
968 3868 1098 3900 fidelitate
1118 3871 1234 3908 probata
1251 3870 1287 3900 ll-

135 3930 146 3946 ,
173 3932 180 3938 .

302 3911 390 3941 lustris
404 3910 549 3946 Revnoldi
563 3909 686 3940 Comitis
701 3908 808 3946 Gelre,
826 3907 887 3942 &a
901 3907 939 3948 us
947 3919 978 3937 ue
993 3907 1032 3937 ibi
1052 3909 1288 3938 concordandum

71 3952 124 4014 ἕν’.
146 3958 188 3976 12·
226 3958 312 3988 cum,
327 3947 480 3982 Nobili&
495 3949 611 3981 Potenti
623 3948 714 3986 Viro,
735 3948 898 3978 Lodowico

101 4007 106 4012 .
123 3995 149 4022 3.

108 4024 173 4052 rbid.

963 3947 1031 3976 mite
1047 3946 1202 3984 Flandriae,
1221 3957 1290 3977 nec-

227 3998 287 4018 non
301 3997 368 4017 cum
382 3987 618 4027 Burgirnagistris,
637 3986 780 4022 Scabinis,
795 3986 828 4016 &
846 3983 1032 4023 Consulibus,
1047 3995 1082 4015 ac
1101 3983 1292 4016 Comunitati-

226 4027 279 4056 bus
288 4046 300 4062 ,›
315 4026 349 4056 &
363 4025 492 4057 Personis
506 4026 704 4067 singularibuS,
724 4025 749 4056 V
752 4025 859 4055 illarum
875 4024 910 4054 de
926 4023 1066 4062 Brugges,
1085 4023 1244 4063 Gandauo,
1259 4025 1292 4054 &

228 4064 266 4095 de
278 4063 360 4104 Ipre,
377 4064 411 4096 ὃ(
424 4065 543 4110 aliorum
557 4065 689 4096 omniurn
706 4063 739 4096 &c
755 4063 928 4103 singulorum
945 4061 1081 4094 Villarum
1100 4063 1133 4094 ὅ(
1143 4061 1294 4095 Locorum

1253 313 1365 344 nostros
1379 316 1511 348 Subditos
1522 328 1557 348 ex
1570 320 1643 357 una,
1657 322 1691 351 ὅ(
1703 321 1813 351 dietum
1826 320 1974 351 Comitem
1989 331 2021 351 ac
2036 319 2266 352 Communltates
2283 321 2318 352 &
2355 314 2438 359 1338·-

1254 350 1388 384 Personas
1402 355 1546 399 singulares
1556 358 1598 401 ‘de
1613 358 1741 389 Flandria
1755 367 1830 396 parte
1842 369 1875 389 ex
1895 359 1978 389 altera
1988 382 1997 397 ,
2013 358 2156 397 ineundis,
2332 360 2400 387 Edv.
2420 368 2444 393 3·

1290 389 1328 422 Et
1343 390 1458 436 Auxiliis
1472 403 1576 425 mutuis
1591 404 1690 427 contra
1724 397 1890 435 uascumque
1904 396 2035 428 Perspnas
2048 396 2209 434 praestandis

1260 473 1262 476 Α
1281 429 1337 472 ⁴Ac
1350 439 1432 460 etiam
1445 431 1480 475 de
1498 432 1702 472 Libertatibus,
1734 436 1934 466 nmunitatibus
1949 459 1959 474 ,
1977 436 2011 466 &
2026 435 2194 474 Privilegiis,
2210 420 2319 466 f-Iomi³

1257 468 1341 512 nibus
1356 468 1508 511 flandriae,
1524 480 1572 515 per
1592 482 1645 502 nos
1659 497 1669 511 ,
1684 473 1753 503 infra
1772 473 1908 513 Regnum
1922 473 2068 512 nostrum,
2086 475 2119 506 ὃς
2130 474 2232 504 nostris
2243 473 2323 504 Suba

1256 505 1336 544 ditis,
1356 507 1615 550 infratFlandtiam,
1635 521 1683 548 per
1696 511 1805 542 dierum
1821 512 1968 543 Comitem
1977 512 2159 543 &Homines
2171 511 2319 549 Flandriae,

1257 544 1448 588 concedendis
1464 548 1497 577 ὃς
1513 547 1658 586 habendis,
1677 560 1790 580 necnon
1801 550 1837 580 de
1849 550 1960 590 Stapula
1975 550 2133 588 Lanarum,
2149 549 2318 588 Curiorum,

1258 582 1291 626 ὃς
1305 581 1424 613 Pellium
1448 583 1636 625 Lanutarum,
1652 596 1725 618 ertra
1748 588 1882 627 Regnum
1896 588 2025 618 nostrum
2039 588 2270 626 educendorum,
2288 590 2319 618 in

1258 621 1353 658 aliquo
1369 621 1435 651 loco
1449 632 1596 663 congruo,
1611 625 1682 655 infra
1696 626 1869 664 Flandriam,
1885 626 2086 664 concedenda,

1295 658 1334 703 βε
1346 669 1394 698 ea,
1413 669 1478 697 quae
1491 664 1528 691 lic
1545 663 1676 694 Tractata
1696 665 1729 697 &
1741 664 1922 696 Concordata
1940 665 2060 703 fuerint,
2078 664 2258 705 quacumque
2273 663 2318 695 fita

1262 705 1361 727 mitate
1376 698 1552 738 vassandum,

1298 735 1336 766 Et
1349 736 1383 766 ad
1398 739 1494 767 omnia
1506 739 1556 782 alia
1570 739 1602 770 ὃς
1615 739 1717 778 singula
1732 740 1966 778 concedendum,
1983 740 2160 779 faciendum,
2177 742 2210 772 ὃς
2226 748 2322 771 ercet³

1263 774 1389 804 cendum
1402 797 1412 813 ,
1431 784 1494 813 quae
1515 787 1542 806 in
1566 778 1708 814 praemiffis
1723 800 1733 815 ,
1756 779 1790 807 &
1804 779 1837 808 ad
1858 780 2068 809 roborationem
2083 781 2115 811 &
2132 780 2321 811 conservatio-¹

1264 822 1330 856 ntem
1351 823 1512 852 perpetuam
1533 815 1646 858 Arno-ris
1665 816 1752 846 Solidi
1764 817 1797 845 ὃς
1818 817 1920 847 Auxilii
1937 819 2027 847 mutui
2047 818 2247 856 praedictorum
2261 817 2322 847 filea

1265 859 1320 881 rint
1331 860 1486 896 oportuna,
1504 861 1585 883 etiam
1601 857 1618 883 li
1635 855 1798 885 mandatum
1812 856 1919 894 exigant
1931 856 2064 893 speciale,

1303 888 1424 920 Praetato
1443 889 1555 922 Comiti
1577 891 1664 922 Gelre
1704 893 1794 922 lenam
1808 915 1818 931 ,
1844 902 1940 923 tenore
1962 894 2152 932 praesentium,
2168 894 2326 924 committi-x

1271 935 1335 957 mus
1347 929 1380 958 ὃς
1397 930 1583 960 concedimus
1597 930 1669 960 Pote
1696 939 1787 968 atem;

1306 965 1503 997 Promittentes
1522 979 1574 1007 pro
1590 970 1672 999 nobis
1687 995 1695 1008 ,
1714 970 1747 1000 &
1764 969 1932 1000 Ham-edibus
1945 968 2045 998 nostris
2057 991 2068 1008 ‚
2092 980 2144 1000 nos
2166 969 2272 1000 Rarum
2291 970 2326 1000 δ’(

1271 1003 1414 1043 Gratum,
1431 1015 1564 1043 quatenus
1586 1008 1620 1037 ad
1638 1017 1689 1037 nos
1711 1010 1824 1046 attinet,
1843 1008 1983 1037 habituros
2004 1008 2139 1046 quicquid
2160 1017 2208 1044 per
2227 1007 2328 1046 praedia

1270 1042 1349 1087 ctum
1369 1042 1516 1088 Comitem
1536 1044 1624 1075 Gelre
1644 1045 1754 1077 Actum
1772 1047 1816 1077 vel
1838 1045 1960 1077 Gestum
1973 1045 2097 1076 fueritin
2118 1046 2280 1085 praemissis,
2294 1046 2328 1077 &

1271 1081 1402 1118 quolibet
1414 1083 1628 1119 praemissorum.

1310 1118 1343 1149 In
1356 1121 1432 1158 cujus
1440 1142 1451 1159 ‚
1473 1121 1533 1151 δίε.

1309 1193 1378 1226 Dat.
1390 1194 1464 1235 apud
1478 1196 1638 1237 Andewerp
1646 1221 1656 1237 ‚
1675 1197 1848 1229 duodecimo
1861 1197 1907 1228 die
1920 1198 2106 1230 Novembris.

1277 1269 1296 1291 '¹‘
1319 1271 1442 1327 REX
1464 1273 1609 1305 Univerlis
1628 1272 1688 1310 &a
1710 1281 1742 1304 ut
1755 1274 1840 1314 fiapra
1862 1273 1940 1313 usque
1966 1273 2005 1304 ibi
2030 1274 2190 1305 Ludowico
2216 1273 2338 1306 Comite

1397 1311 1534 1342 Flandriae
1556 1314 1634 1353 super
1656 1312 1810 1353 Alligantiis
1831 1314 1864 1344 ὃς
1886 1314 2027 1343 Amicitiis
2047 1315 2184 1352 perpetuis
2203 1313 2272 1344 inter
2285 1323 2338 1344 nos

1279 1348 1312 1392 ὅς
1323 1349 1433 1380 nostros
1449 1350 1582 1382 Subdiros
1598 1362 1630 1382 ex
1644 1352 1714 1390 una,
1731 1353 1765 1383 δεῖ
1778 1352 1888 1383 dietum
1908 1351 2055 1381 Comitem
2071 1351 2093 1380 F
2096 1352 2207 1381 landriae
2221 1353 2254 1383 ὃ(
2266 1352 2340 1382 Sub-

1280 1386 1353 1417 ditos
1379 1388 1439 1418 suos
1457 1398 1534 1427 parte
1547 1400 1580 1420 ex
1595 1390 1693 1428 altera,
1712 1390 1853 1428 ineundis,
1870 1392 1903 1421 ὃς
1917 1389 2034 1420 Auxiliis
2047 1391 2165 1428 mutuis,
2180 1389 2239 1424 &a
2253 1389 2340 1428 atfic-

1275 1433 1330 1493 Jga
1351 1425 1429 1466 usque
1450 1427 1487 1456 ibi
1507 1429 1697 1472 concedendis
1714 1431 1746 1460 ὃ(
1761 1429 1910 1467 habendis,
1925 1430 1958 1460 ὃς
1979 1438 2011 1458 ea
2023 1437 2087 1468 quae
2110 1428 2146 1459 lic
2159 1428 2292 1459 Tractata
2305 1430 2338 1459 ὃ(

1311 1465 1461 1496 oncordata
1475 1465 1575 1497 fuerint
1584 1490 1593 1505 ‚
1615 1466 1675 1503 &a
1694 1475 1725 1497 ut
1732 1469 1826 1507 supra

1318 1501 1535 1544 promittentes,
1554 1507 1612 1537 ἃς.

2355 1285 2373 1306 st
2390 1287 2426 1316 V.
2441 1284 2485 1315 881

1320 1577 1353 1608 In
1367 1580 1444 1617 cujus
1452 1603 1461 1619 ,
1479 1581 1539 1612 &c.

1319 1654 1388 1687 Dat.
1405 1657 1465 1687 &c.
1479 1664 1509 1688 ut
1522 1656 1606 1698 supra.

1287 1793 1389 1837 Papa,
1414 1790 1450 1824 de
1479 1788 1648 1835 Excffbus
1667 1795 1881 1837 Imperatoris,
1907 1801 2010 1824 contra
2030 1789 2255 1835 confoederantes
2280 1801 2349 1823 cum

1332 1840 1388 1885 ipsb
1401 1867 1409 1881 ,
1435 1843 1471 1878 ρὰ·
1490 1851 1592 1872 contra
1607 1841 1746 1872 Timltmz
1767 1843 1801 1873 V
1801 1844 1890 1872 Icarii
1901 1867 1910 1882 ‚
1938 1843 2011 1886 Regi
2028 1837 2066 1871 ab
2088 1839 2144 1885 ipsb
2159 1838 2286 1880 datum,
2311 1842 2347 1876 ὠ·

1334 1889 1369 1920 de
1388 1891 1520 1921 Dccimis
1538 1891 1613 1935 Regi
1629 1891 1779 1931 Franciae,
1805 1901 1861 1920 non
1879 1899 1981 1921 contra
2002 1891 2110 1934 Regem
2135 1887 2252 1934 Angliae
2263 1913 2274 1930 ,
2295 1885 2353 1932 fid

1334 1947 1437 1969 contra
1454 1937 1612 1982 Invasbres
1629 1940 1759 1970 Francia:
1770 1963 1779 1979 ,
1804 1936 1944 1980 concqffis.

1290 2021 1341 2082 B
1352 2020 1506 2053 Enedidtus
1520 2021 1623 2060 Episco
1644 2022 1798 2061 us‚Setvus
1811 2022 1966 2053 Servorum
1981 2020 2057 2061 Dei,
2070 2018 2215 2052 cariffimo
2231 2021 2259 2052 in
2268 2020 2354 2052 Chri·
2376 2010 2450 2040 Arm·
2466 2008 2508 2040 D*

1361 2060 1406 2091 sto
1421 2061 1495 2091 Filio
1510 2032 1671 2100 Edwardi),
1688 2060 1766 2099 Regi
1783 2060 1893 2101 Angli-„e
1905 2060 2019 2098 Illustri‚
2042 2061 2163 2091 Salutem
2178 2061 2211 2091 &
2226 2059 2351 2100 Aposto-
2399 2050 2482 2090 1338.

1288 2101 1373 2132 licam
1387 2098 1629 2130 Benediffionem.
2373 2092 2425 2117 Aa.
2444 2097 2485 2117 ¹2·

1327 2138 1447 2170 Dudum
1468 2146 1495 2168 te
1510 2161 1519 2177 ,
1538 2139 1590 2169 Fili
1611 2136 1763 2176 carissime,
1777 2136 1851 2168 clara
1872 2137 1974 2168 imitari
1996 2135 2118 2177 Vestigia
2138 2135 2356 2176 Progenitorurn
2376 2132 2407 2156 E.
2431 2137 2456 2164 3-

1291 2185 1408 2208 tuorum
1428 2176 1544 2216 Regum
1564 2176 1677 2207 Anuliae
1708 2177 1757 2216 qui
1773 2186 1837 2216 erga
1852 2175 1952 2206 Deum
1966 2175 2000 2206 &
2019 2175 2229 2206 sacrosanctam
2244 2175 2358 2205 Roma-

1291 2226 1359 2246 nam
1380 2215 1535 2246 Ecclefiam
1548 2237 1559 2254 ,
1584 2224 1620 2246 ve
1632 2223 1661 2246 ut
1681 2199 1838 2245 Peculiaree
1860 2216 1916 2253 ejus
1936 2213 2075 2252 Alumpni
2099 2214 2132 2244 &
2154 2213 2264 2244 Devoti
2279 2213 2361 2251 Filii,

1313 2254 1465 2285 lenitudine
1492 2253 1665 2284 Devotionis
1685 2254 1718 2284 &
1740 2252 1818 2284 Fidei
1839 2254 1994 2284 claruerunt
2008 2275 2018 2290 ,
2050 2261 2162 2292 tuaeque
2183 2251 2361 2290 splendorem

1293 2265 1433 2333 Prosapiae
1445 2302 1460 2322 a
1475 2293 1570 2330 quavis
1581 2292 1777 2323 obfuscatione
1792 2292 1916 2322 nebulosi
1931 2290 2067 2330 Contagii
2080 2291 2256 2331 praeservari,
2274 2287 2306 2321 ea
2326 2300 2363 2321 ue

1295 2333 1325 2362 in
1339 2332 1387 2362 Te
1402 2330 1553 2369 praelucere
1565 2330 1663 2368 clarius
1676 2331 1835 2369 cupientes,
1852 2332 1886 2362 &
1901 2339 1934 2360 ex
1952 2329 2080 2360 Paternae
2096 2327 2243 2360 Charitatis
2256 2329 2289 2360 &
2338 2330 2363 2359 i-

1297 2370 1429 2401 lectionis
1450 2367 1554 2400 affeetu
1567 2392 1578 2408 ,
1596 2379 1654 2407 quo
1676 2368 1725 2398 Te
1746 2369 1910 2408 Statumque
1929 2377 2010 2399 tuum
2030 2365 2241 2406 prosequimur,
2257 2366 2366 2399 nostras

1299 2417 1356 2440 tuae
1369 2407 1538 2439 Celsitudini
1552 2408 1669 2438 Litteras
1683 2406 1811 2438 direxiffe
1827 2407 2024 2437 meminimus:

1337 2447 1414 2478 Inter
1429 2455 1530 2477 caetera
1543 2446 1715 2477 recensentes
1727 2446 1843 2484 qualiter
1857 2444 1988 2476 Excessus
2002 2453 2069 2483 per,
2087 2442 2233 2474 Nobilem
2245 2444 2367 2482 Virum,

1301 2484 1504 2524 Ludowycum
1524 2485 1561 2515 de
1583 2484 1711 2522 Bavaria,
1729 2484 1819 2523 olim,
1837 2492 1867 2514 ut
1885 2484 2067 2520 asserebatur,
2086 2482 2250 2513 discorditer
2263 2484 2292 2512 in
2306 2481 2368 2512 Re-

1321 2535 1367 2555 em
1388 2524 1560 2554 Romanum
1581 2522 1714 2554 Electum
1728 2545 1739 2561 ,
1762 2522 1891 2553 adversus
1908 2521 2008 2552 Deum
2022 2521 2056 2552 &
2070 2521 2188 2551 eandem
2202 2519 2369 2551 Romanam

1330 2563 1457 2594 eclesiam
1468 2585 1479 2602 ,
1494 2571 1546 2600 ac,
1565 2561 1653 2592 felicis
1665 2560 1880 2599 recordationis,
1895 2560 2059 2599 Johannem
2081 2558 2188 2596 Papam
2202 2559 2370 2590 vicesimum

1302 2600 1457 2632 secundum
1471 2624 1481 2640 ,
1505 2599 1743 2630 Praedecefforem
1765 2599 1894 2629 nostrum
1910 2622 1921 2637 ,
1939 2608 1988 2636 per
2003 2597 2259 2629 Coacervationem
2273 2598 2370 2628 multi-

1304 2641 1423 2678 plicium
1438 2639 1470 2669 ὅτ,
1485 2640 1625 2669 atrocium
1647 2637 1829 2669 Offensarum
1844 2660 1854 2676 ,
1872 2639 1998 2677 nequiter
2015 2637 2179 2675 perpetrati,
2196 2645 2276 2666 tuum
2292 2644 2366 2674 prae-

1307 2678 1397 2710 teriise
1409 2677 1562 2715 nequibant
1579 2677 1720 2714 auditum,
1741 2686 1829 2714 quos,
1847 2676 1924 2706 velut
1937 2676 1989 2706 toti
2012 2673 2129 2705 Mundo
2142 2675 2288 2712 notorios,
2307 2683 2369 2705 non

1306 2727 1425 2755 omnes,
1442 2716 1510 2746 cum
1526 2715 1610 2754 longa
1629 2716 1662 2747 &
1678 2715 1784 2753 prolixa
1803 2715 1885 2744 nimis
1909 2723 2009 2744 eorum
2023 2712 2158 2742 Narratio
2171 2711 2314 2750 exntiffet,
2331 2711 2370 2744 set

1308 2765 1342 2786 ex
1355 2755 1395 2785 eis
1408 2755 1513 2794 aliquos
1526 2756 1554 2783 in
1569 2754 1671 2784 eisdem
1687 2753 1797 2783 Litteris
1811 2753 2002 2792 providimus,
2019 2759 2049 2781 ut
2061 2751 2194 2789 sequitur,
2206 2749 2372 2781 recitandos.

1347 2793 1430 2825 Idem
1448 2802 1571 2831 namque
1586 2792 1781 2832 Ludowycus‚
1800 2799 1898 2822 contra
1914 2789 2061 2820 Proceffus
2078 2787 2291 2819 Praedecefforis
2304 2788 2374 2819 e'us-

1311 2832 1379 2863 dem
1393 2833 1426 2863 &
1444 2831 1630 2861 inhibitiones
1649 2829 1729 2869 ipsius
1741 2852 1752 2868 ,
1770 2829 1806 2859 de
1821 2828 1949 2859 Consilio
1961 2828 2089 2858 Fratrum
2103 2826 2234 2866 suorum,
2252 2827 2313 2866 ejus
2327 2835 2376 2857 em

1312 2870 1459 2901 Romanae
1473 2869 1609 2900 Ecclefiae
1622 2867 1833 2906 Cardinaliutn,
1848 2867 1938 2898 saeros
1956 2867 1990 2897 &
2009 2866 2136 2903 habitos,
2154 2864 2272 2896 diversas
2289 2865 2378 2904 Spiri-

1312 2909 1396 2939 tuales
1415 2909 1448 2939 ὃς
1469 2906 1653 2947 Temporales
1674 2906 1778 2937 Poenas
1796 2907 1830 2937 ὃς
1851 2905 2007 2936 Sententias
2020 2928 2030 2942 ,
2055 2906 2247 2941 continentes,
2263 2903 2378 2935 intravit

1312 2947 1421 2978 Italiam
1436 2969 1446 2985 ,
1465 2947 1499 2977 ὃς
1521 2945 1671 2976 nonnullos
1691 2943 1853 2975 Haereticos
1866 2967 1877 2983 ,
1896 2943 1932 2974 de
1951 2942 2063 2973 Haeresi
2084 2942 2199 2982 publice
2213 2942 2247 2973 δί
2265 2942 2377 2972 notorie

1313 2985 1564 3022 Condempnatos,
1582 2984 1611 3013 in
1624 2983 1808 3014 Consortium
1831 2983 1953 3022 publicae
1967 2982 2182 3020 participationis
2196 2981 2319 3018 admisit,
2334 2988 2377 3011 te-

1314 3035 1382 3054 nens
1395 3025 1427 3055 ὃ(
1441 3023 1555 3054 asserens
1569 3021 1695 3052 Haereses
1707 3020 1881 3060 manifestas,
1899 3030 1932 3051 ac
1953 3020 2096 3058 fovendo,
2113 3020 2263 3058 secumque
2277 3027 2378 3049 tenen-

1314 3064 1353 3093 do
1366 3062 1542 3099 Haereticos,
1560 3061 1673 3098 publice
1689 3059 1928 3097 Dogmatizantes
1940 3058 2135 3099 praedidmrum
2157 3056 2315 3087 Haerefium
2328 3056 2378 3087 de-

1315 3100 1450 3132 testabiles
1465 3101 1497 3130 ὃς
1510 3098 1663 3130 horrendos
1679 3099 1827 3137 horrores,
1843 3098 1987 3128 Haeretica
2007 3106 2121 3136 quoque
2133 3095 2278 3134 Dogmata
2290 3095 2378 3125 scien-

1315 3149 1373 3177 ter,
1393 3141 1484 3169 immo
1500 3137 1591 3176 potitis
1606 3137 1769 3174 dementer,
1783 3138 1955 3176 approbans,
1971 3136 2021 3173 &,
2040 3135 2068 3164 in
2078 3135 2246 3164 evidentiam
2263 3133 2379 3172 Appro-

1315 3178 1435 3208 bationis
1449 3176 1624 3214 hujusmodi,
1639 3186 1670 3206 ea
1683 3186 1731 3213 per
1746 3175 1862 3206 Litteras
1874 3174 2003 3211 diversas,
2022 3172 2121 3212 Sigillo
2134 3172 2183 3203 suo
2197 3179 2270 3202 noto
2288 3172 2382 3203 muni-

1316 3226 1370 3254 tas,
1389 3215 1501 3246 deduxit
1517 3216 1544 3245 in
1559 3215 1678 3245 aliorum
1691 3214 1833 3252 publicam
1848 3215 2006 3243 notionem.
2359 3244 2363 3245 ⁷

1353 3255 1412 3286 sibi
1429 3255 1512 3284 etiam
1534 3263 1641 3283 nomen
1663 3252 1810 3291 imperiale
1830 3250 2014 3291 postmodum
2035 3247 2164 3288 usurpare
2177 3272 2188 3287 ,
2205 3249 2238 3280 &
2257 3248 2379 3279 admini-

1318 3293 1400 3324 strare
1415 3292 1484 3331 Jura
1502 3292 1617 3331 Imperii
1639 3293 1668 3321 in
1690 3291 1791 3321 eadem
1812 3289 1890 3319 Italia
1910 3290 1943 3320 &
1958 3287 2106 3326 Almania,
2122 3296 2221 3318 contra
2236 3286 2382 3317 Proceffus

1318 3333 1350 3361 ὃς
1364 3331 1575 3362 Prohibitiones
1598 3329 1749 3368 praediCms
1764 3354 1773 3367 ,
1798 3327 1951 3358 detestabili
1968 3328 2120 3357 temeritate
2145 3326 2314 3364 praesUOEPslt
2347 3332 2382 3355 ex

1319 3370 1387 3409 hiis,
1405 3378 1506 3409 praeter
1520 3368 1624 3399 Poenas
1637 3369 1714 3406 alias,
1730 3365 2044 3397 Excommunicationis
2060 3366 2092 3396 δε
2102 3364 2294 3394 Anathematis
2331 3372 2382 3393 en-

1318 3411 1415 3439 tentias
1436 3407 1606 3438 incurrendo
1623 3429 1634 3445 ,
1657 3408 1690 3437 &
1710 3406 1823 3436 tandem
1839 3404 1926 3434 Ausus
1942 3403 2060 3433 Ausibus
2074 3426 2084 3441 ,
2103 3403 2136 3433 &
2152 3401 2284 3432 Excessus
2297 3411 2383 3432 accu-

1320 3445 1453 3477 mulando
1466 3445 1645 3482 Excessibus,
1663 3445 1688 3475 se
1702 3444 1831 3474 conferre
1845 3453 1904 3473 non
1918 3443 2027 3479 expavit
2039 3440 2074 3471 ad
2095 3440 2226 3477 Urbem,
2245 3440 2293 3470 ubi
2304 3440 2334 3470 in
2348 3440 2383 3471 il-

1319 3485 1376 3516 lam
1391 3485 1525 3523 nequitiae
1539 3485 1665 3523 prorupit
1680 3483 1811 3513 insaniam
1821 3505 1831 3520 ,
1849 3490 1897 3519 ut,
1916 3480 2061 3510 meditatus
2075 3478 2155 3508 Urbi
2171 3479 2205 3508 &
2217 3476 2292 3508 Orbi
2303 3476 2384 3509 Uni-

1320 3524 1413 3555 versali
1427 3523 1586 3554 Schisinatis
1599 3522 1721 3552 suscitare
1736 3519 1928 3560 dispendium,
1946 3517 2090 3586 qtiondam
2109 3516 2295 3555 Ypocritam,
2313 3516 2386 3547 Dia-

1321 3563 1424 3593 bolicce
1438 3561 1666 3600 Praelirmptionis
1679 3559 1798 3596 Virum,
1815 3559 1933 3588 nomine
1980 3565 2071 3586 etrum
2085 3555 2121 3585 de
2137 3553 2290 3592 Corbaria,
2308 3555 2386 3586 velut

1322 3600 1570 3631 Abhominationis
1596 3598 1742 3628 horrendae
1769 3596 1956 3627 Simulacrum
1972 3617 1982 3632 ,
2007 3595 2035 3623 in
2055 3592 2221 3631 Apostolica
2240 3592 2314 3623 Sede
2333 3602 2387 3631 pro

1321 3639 1460 3669 Romano
1480 3636 1618 3667 Pontifice
1637 3636 1753 3666 statuere
1775 3635 1920 3665 moliretur
1934 3656 1943 3670 ,
1961 3633 2046 3670 idque
2065 3640 2202 3670 quantum
2215 3632 2244 3662 in
2263 3640 2299 3662 eo
2312 3632 2386 3671 luit,

1323 3677 1455 3716 produxit
1473 3677 1502 3705 in
1525 3676 1650 3714 Adrum,
1668 3675 1700 3705 &
1721 3683 1787 3703 eum
1803 3673 1855 3703 fuit
1870 3672 2021 3702 Veneratus
2037 3678 2068 3700 ut
2088 3668 2193 3709 Papam
2231 3668 2389 3701 Consecra-

1325 3717 1507 3753 tionemque,
1525 3715 1617 3744 immo
1632 3712 1720 3743 veritis
1735 3711 1968 3748 Execrationem,
1985 3718 2019 3739 ac
2041 3707 2182 3738 Diadema
2195 3692 2340 3748 fmperiale
2352 3709 2389 3739 de

1328 3754 1405 3785 facto
1420 3753 1523 3792 recepit
1536 3752 1658 3789 ibidem,
1676 3759 1706 3781 ut
1720 3750 1756 3780 de
1767 3750 1861 3780 multis
1872 3749 1927 3778 aliis
1939 3748 2036 3778 insanis
2050 3745 2244 3785 Proceffibus,
2265 3746 2389 3784 quinim-

1330 3802 1381 3822 mo
1400 3790 1565 3821 detestandis
1587 3788 1763 3827 Excessibus,
1781 3798 1830 3825 per
1852 3786 1984 3825 eosdem,
2004 3785 2186 3816 Lodovicum
2204 3785 2238 3817 &
2251 3784 2368 3816 Petrum
2381 3808 2391 3825 ,

1330 3830 1546 3868 praesumptione
1561 3828 1721 3867 perpetratis
1731 3827 1880 3863 haeretica,
1896 3832 2040 3856 taceretur.

1366 3868 1486 3907 Propter
1504 3877 1567 3906 quae
1587 3865 1680 3896 dietus
1699 3863 1890 3895 Praedeceffor
1910 3862 2058 3902 praefatum
2084 3860 2276 3893 Ludowicum
2301 3861 2361 3892 fore
2378 3871 2393 3891 a

1331 3907 1464 3937 Domino
1479 3905 1659 3935 denunciavit
1673 3905 1756 3933 omni
1769 3902 1894 3933 Honore
1906 3903 1939 3933 &
1954 3901 2102 3940 Dignitate
2117 3899 2278 3939 Privatum,
2297 3901 2346 3938 &,
2364 3901 2395 3929 in

1331 3955 1416 3983 eum,
1431 3952 1571 3974 tantarum
1592 3942 1751 3972 Haeresium
1771 3941 1804 3972 &
1825 3940 1990 3970 Scismatum
2012 3938 2128 3969 maculis
2143 3940 2298 3976 irretitum,
2316 3948 2393 3968 exet-

1331 3994 1398 4014 cens
1412 3982 1548 4012 Gladium
1565 3979 1739 4021 Apostolicae
1752 3978 1900 4010 Potestatis
1914 4001 1924 4017 ,
1942 3977 2036 4017 Eum,
2054 3987 2122 4008 cum
2137 3978 2271 4008 omnibus
2306 3977 2332 4006 ui
2347 3975 2397 4005 ad·

1333 4023 1470 4052 haeretent
1490 4019 1582 4050 eidem
1626 4017 1672 4049 vel
1693 4018 1853 4056 praestarent
1872 4014 2228 4054 Auxilium,-Confilium,
2244 4014 2289 4046 vel
2327 4022 2396 4043 avo-

1340 4071 1401 4091 rem
1417 4083 1427 4099 ‚
1451 4059 1497 4090 seu
1517 4068 1570 4099 pro
1621 4066 1728 4089 omano
1751 4056 1833 4126 Resff
1852 4064 1900 4087 aut
1919 4055 2094 4094 Imperatore
2112 4054 2228 4087 scienter
2249 4052 2397 4111 haberent,

1849 4102 1865 4134 3
2323 4097 2399 4122 tene-
