2562 4279
0 263 16 285 1.
30 249 71 282 D.

0 297 43 330 23.

0 338 53 361 .2.

636 154 748 196 ET
831 148 1102 192 ACTA
1182 143 1666 184 PUBLICA.

121 248 213 280 Unde
246 247 381 278 lurirntim
399 245 587 280 admiramur,
605 240 759 279 praesertim
780 238 849 269 cum
870 236 930 280 talia
951 243 1100 273 nunquam
1115 232 1151 262 de

85 287 190 319 nostro
244 286 359 317 onsensu
378 285 423 315 seu
438 283 593 314 Voluntate
606 278 806 318 processerint:
822 286 882 320 ‘nec
898 274 974 305 idem
991 272 1117 304 Andreas
1135 278 1150 298 a

91 327 177 357 nobis
190 326 268 363 super
283 325 333 354 hiis
347 325 495 362 quicquam
513 320 641 351 habuerit
655 319 685 347 in
700 316 857 360 Mandatis,
966 351 970 356 ‚

128 364 214 402 Nos,
232 364 358 394 volentes
381 359 525 399 periculis,
545 367 626 396 quae,
642 365 675 385 ex
691 350 983 398 hUJUsm0d¹aN0b¹3
997 350 1029 380 &
1041 347 1155 392 Populo

87 403 190 435 nostro
205 401 388 432 verilimiliter
402 405 534 437 poterunt
550 396 678 431 evenire,
696 392 788 423 modis
803 393 836 422 &
850 400 920 428 vus,
933 388 1035 433 quibus
1051 397 1157 426 poteri-

90 453 171 481 mus,
189 441 313 477 obviari,
334 436 555 468 Commiffiones
579 433 684 463 nostras
706 430 901 468 quascunque,
923 427 1017 471 eidem
1033 426 1156 457 Andreae

90 483 122 512 in
140 478 287 521 praemiffis
308 487 356 516 per
379 476 448 507 Nos
460 475 560 512 fadtas,
579 480 680 502 tenore
691 469 886 509 praesentium,
904 467 1024 497 totaliter
1038 474 1156 496 revoca-

91 529 223 588 tmVobis
234 555 367 586 omnibus
381 553 414 583 δε
429 550 537 589 singulis
550 549 667 579 firmiter
678 545 857 584 InhibenteS,
874 545 893 564 ²¹²
912 553 948 574 ne
963 543 1080 581 praefato
1094 541 1157 585 An-

93 597 187 635 dreae,
205 595 251 625 seu
274 592 370 629 alicui,
387 590 433 621 vel
452 588 601 628 aliquibuS,
619 587 655 616 ab
669 585 773 616 eodem
785 585 816 614 in
829 584 883 614 hac
898 590 974 621 parte
990 581 1158 619 Deputatis,

96 644 210 666 exnunc
243 629 439 662 uomodolibec
452 626 613 662 intendatis3
819 662 823 666 Ι
850 661 855 666 ⁷

133 673 182 704 Set
200 681 238 702 vo
260 671 296 706 is,
314 668 448 699 omnibus
469 666 501 696 δε
524 664 655 701 singulis,
678 661 795 692 firmiter
817 658 1010 702 injungendo,
1037 656 1160 701 Manda-

95 722 160 743 mus
178 708 272 748 quod,
288 707 406 741 Dilec‘to
430 705 463 735 &
485 703 573 733 Fideli
586 701 705 740 nostro,
723 699 882 730 Edmundo
898 697 1013 729 Comm
1026 696 1159 739 Kantiae,

95 749 182 781 Fratri
200 746 298 777 nostro
313 741 451 777 cariffirno
469 742 480 779 (
489 751 576 781 quem
593 741 710 771 Locum
725 738 856 769 nostrum
872 745 1017 768 tenentem
1030 737 1059 765 in
1073 743 1160 778 parti-

94 789 148 818 bus
169 784 311 816 Marchiae
332 782 460 819 Scotiae,
471 780 504 810 &
520 779 714 810 Comitatibus
728 777 869 815 praedietis
882 775 1108 818 Constituimus)
1126 783 1159 817 ,in

94 827 164 863 hiis,
178 834 258 862 quae,
277 822 359 853 vobis
368 843 378 859 ,
398 820 442 849 seu
459 820 592 856 cuiquam
608 816 735 849 vestrum
748 825 782 846 ex
796 823 870 855 parte
885 813 983 845 nostra
996 814 1162 856 injunxerit,

96 867 170 903 juxta
190 863 312 892 formam
333 856 579 889 Commiffionum
600 856 757 887 nostrarum
772 878 782 893 ,
809 854 902 884 eidem
923 853 1036 884 Comiti
1058 861 1086 880 m
1108 851 1161 880 hac

95 909 174 941 parte
194 900 347 935 faitarum,
366 897 481 935 pareatis
494 897 527 926 ὃς
544 896 710 933 intendatis,
729 894 858 932 quotiens
874 893 908 922 &
924 891 1037 932 quando
1054 899 1103 930 per
1118 891 1162 928 ip—

96 941 172 978 sum,
189 939 266 975 super
279 936 349 974 hiis,
367 944 402 964 ex
415 943 491 972 parte
504 934 619 973 nostri,
637 934 742 965 fueritis
758 931 926 972 praemuniti.

135 978 170 1010 In
181 978 272 1015 cujus,
285 975 345 1004 &c.
1000 1007 1015 1012 ..

169 1013 259 1046 Teste
273 1011 358 1052 Rege
371 1011 446 1052 apud
462 1010 732 1050 Pontemfrae'tum,
756 1019 798 1040 12.
813 1008 859 1039 die
875 1007 1026 1039 Februarii.

738 1090 792 1117 Per
806 1085 888 1126 ipficm
901 1088 1008 1123 Regem.

143 1215 203 1251 Ad
230 1219 365 1262 Papam,
383 1215 475 1261 sirper
494 1212 580 1259 Jure
605 1216 692 1259 Regis
713 1212 757 1245 ad
773 1214 922 1244 Portiones
937 1211 1099 1244 Provincia
1113 1234 1124 1250 ‚

501 1266 538 1301 ὠ·
558 1263 774 1309 forcalquerii.

160 1349 216 1382 ΑΡ
226 1349 267 1380 AE
281 1349 346 1381 Rex
362 1349 465 1380 devota
480 1347 586 1389 pedum
602 1347 696 1378 oscula
710 1347 866 1377 beatorum

210 1391 301 1428 Qio,
328 1390 357 1418 in
381 1388 484 1418 nostris
509 1386 663 1424 dirigendis
688 1386 841 1425 Negotiis,
867 1385 900 1416 &
926 1384 1050 1416 Honore
1078 1385 1175 1424 Regio

110 1429 290 1467 ampliando,
310 1427 486 1466 Apostolicae
507 1425 686 1464 Benignitatis
706 1424 927 1463 providentiam,
945 1424 1041 1455 innata
1055 1426 1176 1454 benivo-

105 1467 208 1506 lentia,
228 1467 387 1497 invenimus
407 1467 633 1503 promptiorem,
650 1474 686 1494 eo
707 1463 895 1494 confidentius
918 1464 947 1493 in
968 1464 1038 1500 hiis,
1057 1474 1120 1503 qua:
1135 1464 1176 1492 fa-

83 1527 88 1533 ·
108 1505 240 1537 miliarius
261 1504 330 1536 Nos
350 1506 540 1548 contingunt,
559 1504 592 1535 ἃ
614 1503 700 1542 magis
721 1502 840 1533 infident
862 1503 943 1532 nobis
957 1501 1055 1540 cordi,
1077 1502 1111 1531 ad
1126 1512 1176 1532 ve-

109 1546 192 1576 stram
207 1543 412 1574 Beatitudinem
429 1553 614 1579 recurrimus,
632 1550 772 1578 oportuna
785 1540 910 1579 praesidia
923 1542 1111 1580 implorando.

147 1585 221 1615 Sane
235 1582 342 1620 vestra,
362 1591 393 1613 ut
408 1582 566 1620 credimus,
582 1580 810 1619 Circtimspeftio
826 1589 883 1609 non
899 1580 1025 1618 ignorat,
1045 1581 1180 1618 qualiter,

107 1623 194 1659 bonae
209 1622 375 1659 memoriae,
390 1620 584 1664 Berengarius,
602 1618 747 1658 quondam
763 1619 872 1648 Comes
884 1617 1048 1648 Provinciae
1062 1619 1096 1648 &
1115 1618 1179 1647 Fol-

110 1662 225 1699 tacariI,
245 1660 380 1704 Qatuor
403 1659 501 1689 habuit
514 1659 610 1689 Filias·
631 1667 751 1696 quarum
766 1656 887 1694 Unam,
907 1657 990 1687 clarae
1004 1657 1180 1687 recordatio-

110 1701 172 1739 nis,
190 1699 325 1729 Domino
342 1697 493 1734 Henrico,
512 1707 590 1735 quon
612 1707 658 1726 am
679 1695 754 1729 Regi
770 1696 899 1735 Angliae,
918 1696 985 1727 Avo
1002 1695 1103 1726 nostro
1119 1706 1125 1725 t
1147 1696 1180 1725 δε

111 1739 222 1776 Aliam,
242 1737 347 1768 inclitae
367 1736 533 1774 memoriae,
557 1734 703 1773 Ricardo,
759 1736 803 1773 egi
824 1736 1045 1773 Rornanorum,
1064 1744 1098 1765 ac
1117 1734 1182 1764 Co-

110 1779 174 1809 miti
192 1776 365 1812 Cornubiae,
382 1774 471 1805 Fratri
485 1773 608 1812 ejusdem
622 1772 711 1812 Regis
726 1774 792 1812 (cui
806 1774 892 1804 etiam
904 1773 977 1812 Jure
990 1773 1181 1804 Haereditario

109 1815 305 1850 successimus)
325 1812 574 1844 Matrimonialiter
588 1810 730 1850 copulavit
745 1821 751 1840 :

153 1853 303 1892 Diet6que
324 1850 443 1882 Comite
465 1851 627 1881 Provinciae
641 1848 847 1888 postmodum,
865 1849 966 1890 absque
981 1850 1039 1880 aliis
1057 1850 1182 1889 Liberis,

115 1892 281 1934 decedente,
295 1890 382 1921 dietas
396 1890 531 1930 Qatuor
545 1889 642 1928 Filias,
658 1890 702 1919 seu
718 1889 890 1927 Progenitos
904 1899 938 1919 ex
951 1889 1069 1928 eisdem,
1086 1891 1123 1920 ab
1138 1890 1183 1920 in‘-

110 1931 231 1968 testato,
248 1940 279 1965 ut
291 1929 425 1967 refertur,
442 1929 552 1968 reliquit
567 1927 713 1959 Haeredes.

151 1969 261 2000 Verum
284 1969 349 2007 quia
385 1977 419 1998 ex
443 1966 626 1998 Succeffione
640 1965 841 2005 Haereditaria,
861 1975 945 1997 certae
961 1965 1107 1998 Portiones
1120 1967 1185 1997 Co-

112 2009 263 2039 mitatuum
283 2017 341 2046 prae
362 2007 500 2045 istorum,
520 2005 682 2038 Provinciie
706 2006 740 2036 δε
758 2004 924 2043 Foltacarii,
938 2004 1007 2042 Jure
1022 2004 1184 2036 Haeredita-

114 2049 175 2085 rio,
193 2047 228 2077 ad
247 2045 316 2076 Nos
335 2046 472 2082 pertinere
494 2045 664 2082 noscuntur,
686 2054 751 2082 quas
767 2043 877 2074 illustris
890 2043 1024 2081 Princeps
1039 2044 1186 2075 Dominus

114 2085 278 2121 Robertus,
296 2084 401 2114 Siciliae
423 2083 507 2121 Reiz,
523 2082 756 2121 consanguineus
778 2082 874 2112 noster
895 2081 1048 2113 carissimus
1066 2085 1132 2121 (qui
1148 2084 1184 2114 de

117 2122 230 2162 Qarta'
245 2122 377 2154 Filiarum
394 2121 751 2160 praedi&art11n,videlicet
761 2144 770 2159 ,
785 2121 929 2159 Beatrice,
943 2121 1088 2158 quondam
1098 2121 1186 2153 Uxo-

116 2173 148 2193 re
172 2161 273 2192 Karoli
295 2160 395 2199 primi,
413 2159 502 2200 Regis
520 2160 641 2199 Siciliae,
659 2160 780 2190 noscitur
800 2159 990 2196 descendisse)
1010 2159 1118 2192 detinet
1135 2171 1187 2192 oc-

119 2210 254 2238 cuparas,

156 2238 241 2276 Nos,
253 2237 304 2276 Jus
326 2237 454 2268 nostrum
478 2238 506 2267 in
525 2237 578 2268 hac
593 2245 669 2276 parte
683 2236 873 2276 advertentes,
891 2247 924 2268 ac
937 2237 1120 2269 desiderantes
1135 2248 1189 2269 no-

122 2278 166 2307 bis
180 2277 247 2307 inde
261 2276 442 2307 amicabiliter
456 2276 531 2314 fieri,
543 2276 623 2316 ‘quod
639 2275 701 2305 Lex
715 2276 748 2306 ἃ.
765 2275 952 2307 Consuetudo
966 2276 1066 2307 Patriae
1081 2276 1189 2308 dietant

119 2315 321 2346 rationabiliter
337 2314 499 2345 faciendum
510 2337 519 2352 ,

159 2354 305 2385 Sanc'titari
326 2353 428 2383 vestrae
447 2353 548 2384 votivis
570 2353 697 2390 precibus
709 2353 909 2391 supplicamus,
929 2353 1078 2392 quatintis,
1095 2354 1192 2393 pensa-

121 2401 171 2430 to,
189 2393 208 2423 sl
228 2392 338 2431 placet,
356 2393 385 2422 in
409 2391 552 2429 praemissis
570 2390 641 2428 Jure
662 2390 778 2429 nostro,
797 2393 945 2431 praefatum
960 2392 1075 2430 Regem
1089 2393 1193 2432 alloqui

121 2432 230 2468 velitis,
248 2432 326 2470 super
347 2430 426 2460 dieto
436 2430 506 2469 Jure
519 2430 634 2468 nostro,
652 2440 685 2459 ex
700 2439 776 2467 parte
791 2430 885 2461 nostra
895 2455 904 2468 ,
923 2431 956 2461 &
967 2432 1045 2469 juxta
1058 2432 1193 2470 speratam

122 2469 258 2540 fiduciam
272 2492 281 2507 ,
306 2468 437 2499 Consiliis
457 2470 490 2500 &
512 2468 740 2500 Exortationibus
758 2470 909 2500 salubribus
930 2470 1084 2508 inducere,
1111 2479 1194 2509 prout

144 2517 208 2540 eeet
226 2523 230 2524 ⁷

125 2542 132 2546 ²
164 2531 226 2578 Ut'
234 2544 384 2577 Portiones
403 2544 548 2588 disstorum
571 2545 788 2585 Comitatuum,
807 2546 841 2576 ad
858 2545 1005 2585 NosJure
1021 2547 1197 2578 haereditario

125 2587 300 2627 pertinentes
319 2588 440 2622 (attenta
460 2583 625 2624 Conlangui
647 2586 717 2615 itatis
740 2585 831 2615 Linea
852 2586 922 2615 inter
938 2597 990 2616 nos
1007 2594 1065 2616 tam
1082 2588 1199 2626 propin-

127 2623 184 2664 qua
198 2649 199 2652 ,
219 2624 321 2663 absque
335 2622 591 2666 rigore-processus
603 2596 747 2662 Jddiciarii
757 2646 765 2662 ,
779 2623 879 2653 Nobis
895 2625 962 2656 velit
977 2624 1119 2655 restituere
1128 2649 1136 2664 ,
1146 2635 1199 2664 pro

128 2663 272 2732 ampgioris
290 2661 450 2693 dileetioms
472 2661 598 2702 foedere,
618 2664 689 2692 inter
712 2663 802 2700 ipsum
823 2664 857 2694 ὃς
881 2663 1075 2694 Nosruberius
1097 2664 1201 2695 confo-

130 2712 188 2734 ven
210 2711 239 2732 ο.

170 2741 260 2777 Super
277 2739 330 2769 hiis
349 2747 460 2776 autem,
479 2738 602 2773 Dilecftis
623 2740 658 2770 &
673 2739 815 2770 Fidelibus
831 2739 948 2779 nostris,
968 2740 1130 2771 Venerabili
1148 2741 1202 2771 Pa-

131 2780 187 2818 tri,
206 2778 462 2823 RQVyntoni'ensi
477 2777 638 2821 Episcopo,
659 2779 691 2809 δε
709 2778 852 2818 Magistro
863 2780 988 2818 Johanni
1003 2780 1040 2810 de
1054 2781 1203 2819 stratford,

133 2817 349 2848 Archidiacono
375 2816 583 2854 meolnienh,
604 2817 735 2858 dignetur
755 2817 845 2848 vestra
866 2817 1027 2849 Clementia
1041 2818 1127 2849 fidem
1142 2829 1206 2850 cre-

134 2855 230 2886 dulam
251 2855 398 2892 adhibere;
415 2855 449 2885 &
472 2854 574 2885 Nobis
591 2858 690 2886 vestrae
713 2856 873 2888 &mititatis
894 2858 1088 2897 beneplacita,
1103 2859 1133 2888 in
1151 2859 1205 2889 hac

135 2902 233 2933 parte,
252 2893 417 2930 rescribere,
435 2893 456 2924 si
470 2893 589 2930 Libeat,
606 2904 656 2932 per
671 2895 796 2925 eosdem.

176 2931 352 2970 Conoervet‚
370 2933 431 2962 &c.

175 3008 247 3040 Dat.
271 3007 345 3050 apud
366 3006 632 3053 PontemfiraCtum,
651 3009 827 3042 duodecimo
847 3010 892 3041 die
908 3009 1060 3042 Februarii.

191 3151 286 3195 Super
311 3152 429 3184 Comitae
451 3149 674 3193 Richmundiae,
698 3154 734 3190 ὠ·
753 3154 883 3185 Domino
898 3152 934 3186 de
951 3154 1091 3198 Snliaw,
1109 3165 1164 3202 per

455 3202 554 3232 Scotos
575 3201 676 3246 Captis
687 3208 707 3243 ,'
718 3199 908 3236 Liber-andis.

178 3281 316 3328 Ohannes
333 3282 359 3313 E
380 3283 504 3322 iscopus,
522 3284 624 3316 Servus
647 3286 752 3317 Servor
760 3296 810 3317 um
832 3287 909 3326 Dei,
929 3288 1070 3319 carissimo
1086 3290 1114 3319 in
1128 3289 1214 3320 Chri-

162 3361 167 3365 ·
192 3321 237 3351 sto
263 3321 352 3365 Filio¹
377 3321 512 3366 dwardo,
531 3323 606 3363 Regi
622 3324 734 3364 Angliae
754 3326 868 3366 illustri,
886 3327 1019 3367 salutem,
1037 3329 1071 3359 ὃς
1086 3328 1214 3368 Aposto-

148 3360 235 3390 lxcam
248 3359 488 3390 Benedidhonem.

183 3398 312 3429 Insonuit
333 3405 422 3438 nuper
437 3400 548 3429 auribus
561 3400 680 3439 nostris,
700 3401 754 3431 Fili
767 3401 916 3434 Cariffime
953 3405 1071 3436 Rumor
1086 3405 1125 3434 im
1148 3405 1214 3436 laci-

144 3437 198 3467 dus
218 3437 252 3468 &
272 3436 405 3481 infestuS,
427 3437 508 3474 qu‘od
528 3438 655 3477 dudum,
673 3441 702 3469 in
715 3440 838 3477 quodam
855 3428 1022 3482 Coniiiem,
1039 3415 1214 3482 quempSco-

144 3484 260 3544 {eamr
272 3475 985 3554 arruisse-rsessa.pepe
1159 3483 1215 3528 1³³-

145 3537 351 3591 chemundiae‚’
361 3554 394 3583 &
418 3552 561 3583 Henricus
575 3538 720 3585 1’30‘mi'nus
733 3556 768 3586 de
782 3521 1215 3595 SuhagginxffiK-‚icffigiirtigspgss

141 3591 217 3634 ciae,
234 3600 288 3630 pro
310 3591 383 3636 Tuo
407 3592 440 3622 δε
460 3591 557 3631 Regni
569 3593 619 3635 *tui
639 3593 748 3624 honore
771 3595 798 3626 se
820 3595 932 3627 strenue
950 3597 982 3628 δε
997 3598 1115 3629 fideliter
1127 3608 1215 3640 expo-

147 3638 261 3669 nentes,
281 3629 383 3669 Capn,
402 3629 472 3660 Deo
485 3638 682 3670 perm1ttente,
696 3632 817 3664 fuerunt.

185 3668 267 3700 Cum
282 3677 375 3699 autem
390 3668 505 3700 honoris
519 3669 624 3700 interfit
639 3669 726 3710 Regii
740 3681 794 3711 pro
806 3672 990 3705 Liberatione
1004 3683 1149 3706 tantorum
1163 3676 1215 3706 Vi-

148 3716 247 3752 rorum
261 3730 271 3746 ,
294 3707 423 3753 [sibique
444 3709 478 3740 δε
501 3708 591 3738 eidem
615 3707 724 3755 Regno
748 3709 918 3744 Constantia
939 3714 1048 3744 invidia
1070 3713 1215 3754 fidelium,

147 3755 206 3802 vras-
224 3754 384 3786 exquirere,
401 3755 452 3786 per
471 3757 538 3785 quas
560 3747 686 3778 celeriter
709 3757 724 3778 a
737 3748 910 3788 Captivitate
920 3752 1081 3791 hujusmodi
1095 3753 1216 3784 liberen-

146 3790 192 3814 tur

183 3807 369 3868 ‚gereniratem
383 3832 462 3854 tuam
476 3833 606 3864 rogamus
619 3825 748 3856 attentius
761 3826 794 3857 &
806 3826 972 3868 hortamur,
988 3829 1132 3869 quatimJS,
1141 3831 1216 3862 circa

153 3858 366 3892 Liberationem
382 3862 556 3901 eandem,lic
573 3864 639 3894 velit
655 3864 787 3894 adhibere
800 3865 889 3905 Regia
904 3867 1079 3905 providentia
1087 3878 1173 3908 opem
1183 3871 1216 3901 δε

152 3906 269 3935 operam
289 3900 418 3946 efficaces
427 3926 436 3941 ,
454 3902 533 3943 quod
550 3902 614 3932 inde
628 3911 685 3933 tuae
699 3903 870 3935 sublimitati
883 3905 1000 3936 honoris
1013 3907 1150 3938 accrescat
1164 3918 1216 3939 cu-

153 3937 262 3980 mulus,
278 3939 396 3978 aliique,
415 3941 456 3972 tui
476 3942 513 3972 ὃς
523 3941 623 3979 Regni
639 3941 767 3981 praedicti
780 3942 903 3981 Fideles,
919 3943 1078 3982 hujusmodi
1092 3948 1130 3976 rei
1144 3947 1219 3977 invi-

154 3981 203 4018 mt}
221 3977 368 4022 exemplO,
385 3979 574 4011 accendantur
589 3980 742 4011 ferventius
756 3980 790 4016 ad
807 3982 847 4011 tui
862 3981 1062 4013 Devotionem
1079 3983 1112 4015 &
1126 3984 1220 4016 Obse-

153 4021 237 4051 quia,
255 4013 504 4060 spretis-‚periculin
521 4020 555 4050 &
568 4019 709 4049 laboribus
724 4029 785 4050 non
800 4021 901 4052 vitatis.

143 4068 145 4070 -
172 4061 174 4064 ·
192 4049 253 4083 Pro
275 4053 535 4092 praediffisautem
548 4081 559 4096 ,
584 4057 712 4091 Diledtus
735 4058 836 4099 Filius,
859 4059 961 4099 Aymo
976 4059 1013 4094 de
1029 4060 1219 4102 Jovenzano,

2195 139 2246 191 63

1191 227 1356 259 Canonicus
1376 228 1572 266 Augustenfis,
1591 227 1717 265 praediffl
1739 226 1866 259 Comitis
1879 225 2025 263 Clericus,
2042 223 2077 254 ad
2090 231 2168 254 tuam
2181 217 2352 261 prae-Ann-
2365 216 2406 248 D·

1192 267 1307 297 sentiam
1323 276 1392 296 cum
1408 267 1587 304 praesentibus
1600 266 1693 305 dirigit
1707 265 1823 297 Gressus
1837 265 1914 303 suos,
1930 273 2015 303 quern
2030 263 2163 302 patienter
2177 261 2256 292 audi-
2296 265 2381 296 1323.

1192 316 1222 336 re
1235 306 1268 336 ὃς
1284 304 1547 335 recommendatum
1563 305 1664 335 habere
1679 305 1743 336 velit
1760 305 1851 345 Regia
1865 303 2022 335 Celfitudo.
2275 297 2344 325 ΕΜ·
2361 305 2394 329 ’ψ

1246 420 1251 424 ⁵
1269 380 1338 412 Dat.
1360 380 1506 419 Avinion,
1528 388 1560 419 15
1578 379 1641 411 Kal.
1657 381 1774 422 Martii,
1792 380 1977 413 Pontificatus
1991 377 2083 410 nostri
2096 377 2186 408 Anno
2199 375 2260 415 sep·

1232 428 1314 450 timo.

1920 456 2010 495 sigillo
2025 453 2130 495 avulsb.

1245 604 1295 635 De
1312 601 1398 648 Jure
1415 604 1504 648 Regio
1521 602 1738 636 manutenendo
1749 629 1758 645 ‚
1784 615 1888 636 contra
1907 605 2014 651 Brigas
2031 608 2062 637 in
2078 605 2218 636 Romana

1682 653 1788 684 Curia.

1199 735 1414 797 VEnerabili
1434 737 1464 766 in
1481 734 1606 780 'Christo
1626 735 1703 766 Patri
1727 736 1862 780 Domino
1882 734 1922 766 G.
1947 735 2005 780 Dei
2024 736 2124 780 gratia,
2151 734 2264 780 Sandiae
2284 736 2360 765 Ann.
2378 733 2419 765 D.

1284 775 1384 806 Luciae
1407 786 1435 804 m
1458 775 1542 805 Sthce
1564 774 1701 804 Dracono
1720 774 1862 804 Cardinali
1877 797 1887 813 ,
1918 784 2013 805 amlco
2035 780 2084 805 luo
2104 773 2264 811 carissimo,
2310 782 2396 815 1323.

1199 812 1372 882 Ξένὲξτάυε,
1391 813 1511 853 ejusdem
1533 813 1638 852 gratia,
1666 813 1726 843 &c.
1748 813 1879 850 salutem,
1902 813 1936 843 &
1959 813 2072 844 sincerae
2094 813 2267 844 Dilectione
2287 817 2338 841 Aa.
2361 814 2404 840 16.

1238 862 1254 881 e
1286 863 1344 882 um.
2289 857 2318 880 E.
2338 861 2364 879 2.

1239 889 1319 921 Cum
1335 902 1372 921 nu
1395 900 1424 921 er
2289 895 2359 918 Rom.
2384 890 2426 917 16.

1239 901 1416 960 Affieetanies
1431 913 1551 967 ²Brigam
1563 951 1573 967 ,
1604 929 1676 958 inter
1695 938 1747 959 vos
1760 951 1770 967 ,
1794 928 1827 958 &
1842 950 1852 965 ,
1876 925 2024 957 DileStum
2047 925 2192 958 Clericum
2214 937 2268 958 no·
2288 934 2315 957 E.
2335 938 2360 955 2.

1204 966 1292 998 strum
1306 991 1316 1006 ,
1335 968 1507 1007 Magistrum
1532 967 1695 997 Robertum
1715 966 1751 996 de
1773 965 1896 1003 Baldok,
1915 973 2024 995 motam
2047 968 2124 1003 super
2144 965 2270 996 Ecclesia
2290 978 2327 997 m·
2348 965 2410 1002 941-

1206 1005 1400 1037 Lincolnienfi
1414 1006 1508 1036 eidem
1521 1005 1638 1036 Clerico
1651 1005 1752 1035 nostro
1767 1004 1904 1042 Collatae,
1919 1003 2022 1042 sedari,

1244 1044 1435 1075 Praebendam
1450 1044 1486 1074 de
1501 1044 1606 1082 Stoke,
2262 1075 2265 1077 ι

1245 1082 1280 1113 ln
1293 1082 1420 1114 Ecclesia
1433 1082 1625 1112 Lincolniensi
1640 1082 1774 1121 praedieta
1787 1089 1950 1119 vacantem,
1970 1081 2004 1111 &
2017 1081 2051 1110 ad
2067 1079 2193 1111 nostram
2209 1079 2276 1109 Do-

1208 1124 1355 1153 nationem
1373 1122 1564 1160 specstantem,
1591 1124 1699 1151 ratione
1720 1121 1939 1157 Temporalium
1958 1118 2139 1158 Episcopatus
2159 1118 2278 1149 Lincol-

1210 1162 1329 1199 niensis,
1345 1163 1375 1191 in
1392 1170 1477 1191 manu
1494 1159 1587 1190 nostra
1601 1160 1802 1198 existentium,

1249 1199 1341 1230 Vobis
1355 1200 1559 1230 contulerimus
1579 1209 1585 1228 z

1248 1238 1382 1278 Vosque,
1400 1239 1471 1269 'mter
1493 1247 1594 1268 caetera
1603 1260 1612 1276 ,
1633 1238 1823 1276 rogaverImus
1837 1235 1916 1274 quod
1931 1236 2085 1272 (revocatis
2099 1233 2282 1265 Gravamini-

1210 1278 1280 1315 bus,
1305 1277 1398 1308 eidem
1426 1275 1543 1307 Clerico
1570 1275 1670 1306 nostro
1693 1276 1727 1306 ad
1749 1276 1979 1313 procurationem
2003 1274 2123 1304 vestram
2145 1274 2238 1308 illatis)
2262 1272 2287 1302 fi>

1212 1316 1408 1347 Collationem
1429 1316 1573 1353 nostram,
1590 1315 1627 1344 de
1649 1314 1725 1345 dista
1740 1313 1899 1344 Praebendii
1915 1313 1951 1343 de
1968 1312 2056 1343 Stoke
2072 1312 2153 1342 vobis
2167 1312 2285 1349 fastam,

1211 1364 1359 1425 ‘ffoepmre
1380 1354 1486 1386 velletis
1509 1378 1520 1394 ,
1549 1363 1619 1385 tunc
1642 1353 1743 1384 Nobis
1762 1355 1842 1391 super
1863 1352 1922 1382 hoc
1945 1351 2126 1381 rescriberetis
2146 1350 2217 1380 velle
2235 1360 2286 1380 ve-

1241 1404 1305 1424 rum
1322 1404 1328 1423 ῖ
1987 1409 2007 1427 .

1250 1432 1306 1470 Et,
1323 1433 1387 1471 quia
1408 1432 1491 1462 nobis
1504 1431 1636 1462 nondum
1655 1429 1825 1470 fignificastis
1838 1437 1935 1460 utrum
1951 1427 2147 1459 Collationem
2159 1425 2287 1456 nostram

1214 1471 1392 1509 hujusmodi,
1408 1471 1492 1500 vobis
1508 1470 1630 1509 saetam,
1650 1479 1794 1508 acceptare
1809 1469 1955 1500 volueritis
1967 1477 2136 1505 necne,vos
2150 1464 2288 1496 affe&u0-

1215 1511 1243 1540 se
1266 1511 1432 1547 requirimus
1456 1510 1489 1539 &
1505 1518 1651 1547 rogamus,
1667 1510 1813 1548 quatinus,
1832 1518 1881 1545 per
1897 1507 1999 1538 vestras
2015 1506 2137 1545 Literas,
2155 1505 2188 1535 δε
2203 1505 2291 1534 Lato-

1216 1558 1277 1616 retin
1287 1549 1487 1592 przeientium,
1503 1548 1604 1586 nobis,
1621 1547 1701 1586 super
1717 1548 1792 1585 hoc,
1811 1547 1988 1578 voluntatem
2002 1545 2124 1577 vestram
2138 1543 2291 1585 fignificare

1217 1598 1253 1618 ve
1264 1596 1306 1617 ltls
1327 1597 1332 1616 z

1257 1625 1408 1664 Quoniam
1423 1646 1433 1661 ,
1457 1623 1477 1654 fi
1498 1633 1561 1653 eam
1583 1631 1729 1661 acceptare
1748 1623 1892 1654 nolueritis
1906 1646 1916 1661 ,
1939 1621 2128 1653 Praebendam
2153 1621 2239 1661 ipsam
2258 1619 2294 1650 de

1219 1664 1309 1696 Stoke
1324 1664 1369 1694 alii
1382 1663 1512 1694 conferre
1525 1664 1728 1703 proponimus,
1746 1664 1780 1694 ὃς
1799 1663 1903 1693 servare
1911 1661 1963 1700 Jus
1974 1660 2105 1692 nostrum
2121 1660 2249 1700 Regium
2263 1658 2296 1688 il-

1219 1704 1340 1736 libatum
1355 1703 1386 1733 in
1403 1702 1455 1732 hac
1470 1710 1555 1739 parte.

1258 1781 1328 1812 Dat.
1340 1778 1415 1820 apud
1432 1777 1702 1817 Pontemfraetum‚
1724 1778 1760 1808 16
1774 1777 1821 1809 die
1835 1777 1989 1809 Februarii.

1223 1915 1282 1950 Ad
1305 1919 1414 1964 Regem
1442 1916 1570 1959 Siciliae,
1589 1916 1682 1962 sirper
1706 1913 1894 1948 portionibus
1917 1918 2082 1950 Provincia
2112 1918 2148 1954 ὠ
2174 1913 2299 1948 Forcul-

1612 1967 1710 2011 querii
1728 1961 1922 2006 restituendis.

1314 2049 1453 2088 Agnifico
1472 2049 1618 2088 Principi,
1636 2048 1770 2079 Domino
1792 2047 1943 2086 RobertO,
1963 2046 2023 2078 Dei
2036 2048 2141 2088 gratia,
2159 2047 2236 2088 Regi
2248 2046 2298 2086 Je-
2316 2043 2394 2078 Anu}
2409 2041 2453 2073 D·

1324 2089 1438 2120 rusalem
1459 2089 1493 2119 ὃς
1509 2089 1613 2119 Siciliae
1626 2086 1745 2126 illustri,
1763 2086 1983 2126 Consanguineo
1997 2088 2046 2117 suo
2062 2086 2220 2125 cariffimo,
2238 2087 2299 2119 Ed·
2338 2090 2424 2122 1323.

1225 2128 1350 2164 wardus,
1367 2127 1490 2165 ejusdem
1504 2126 1608 2167 gratia,
1623 2127 1684 2158 &c.
1702 2126 1832 2164 salutem,
1848 2126 1900 2164 &‚
1921 2126 1955 2156 ad
1969 2134 2054 2165 vota,
2070 2125 2218 2157 Successus
2232 2136 2300 2164 pro·
2317 2126 2369 2149 An.
2385 2123 2428 2148 ¹⁶·

1224 2167 1318 2207 speros
1331 2167 1365 2197 δε
1377 2166 1483 2197 felices.
2284 2168 2288 2172 ·
2318 2165 2351 2188 Ε.
2369 2170 2395 2187 2.

1223 2231 1227 2233 .
1264 2205 1345 2236 Sicut
1366 2205 1448 2236 decet
1461 2204 1582 2245 Regiam
1598 2203 1802 2235 Cellitudinern
1818 2202 1943 2233 Deveria
1956 2203 1990 2234 &
2000 2202 2068 2241 Jura
2081 2203 2124 2234 sua
2136 2202 2255 2243 Regalia
2269 2203 2302 2234 il-
2320 2198 2456 2235 Claus-¹⁶·

1227 2244 1290 2275 laesa
1311 2245 1340 2274 in
1360 2244 1494 2274 omnibus
1515 2244 1680 2274 conservare
1700 2266 1710 2281 ,
1742 2243 1779 2273 fic
1800 2241 1933 2280 profesto
1956 2242 2014 2280 ejus
2034 2241 2152 2272 Honori
2171 2243 2302 2282 congruit
2321 2242 2350 2264 E.
2372 2246 2398 2263 2·

1227 2282 1361 2323 prompta
1374 2281 1569 2314 benivolentia
1584 2281 1727 2312 restituere
1741 2281 1819 2319 quod
1833 2281 2002 2319 cognoverit
2013 2280 2146 2311 alienum.

1266 2322 1340 2352 Sane
1362 2322 1469 2360 vestra,
1490 2330 1521 2351 ut
1544 2320 1705 2359 credimus,
1724 2320 1860 2350 Serenitas
1883 2320 1956 2349 bene
1971 2320 2054 2349 novit
2068 2320 2203 2357 qualiter,
2219 2320 2307 2350 bonae

1230 2361 1381 2391 memoriae
1391 2383 1400 2398 ,
1420 2360 1618 2399 Berengarius,
1635 2357 1781 2397 quondam
1797 2356 1907 2388 Comes
1922 2357 2084 2387 Provinciae
2098 2358 2131 2388 ὃς
2149 2358 2309 2397 Foltacarii,

1230 2408 1350 2440 quatuor
1364 2399 1461 2429 habuit
1477 2398 1500 2428 F
1502 2400 1573 2436 ilias,
1590 2407 1709 2436 quarum
1724 2396 1846 2433 Unam,
1866 2396 1950 2426 clarae
1965 2396 2181 2434 recordationis,
2199 2396 2311 2427 Henri-

1232 2449 1287 2476 co,
1303 2437 1450 2478 quondam
1470 2437 1545 2477 Regi
1568 2436 1700 2475 Angliae,
1720 2435 1788 2465 Avo
1804 2433 1918 2464 nostro:
1946 2435 1980 2466 ὃς
1996 2434 2108 2473 Aliam,
2127 2435 2233 2466 inclitae
2248 2445 2311 2466 me-

1233 2478 1351 2515 morize,
1370 2475 1518 2506 Ricliardo
1531 2476 1606 2515 Regi
1617 2469 1827 2506 Romanorum
1837 2496 1847 2510 ,
1866 2472 2035 2511 Comitique
2050 2473 2228 2511 Cornubiae,
2244 2474 2312 2505 Fra-

1229 2517 1271 2547 tri
1289 2515 1412 2554 ejusdem
1436 2513 1524 2554 Regis
1542 2516 1607 2551 (cui
1621 2514 1706 2544 etiam
1718 2513 1787 2552 Jure
1807 2512 2001 2543 Haereditario
2017 2512 2224 2548 Succeffimus)
2244 2512 2312 2544 Ma-

1236 2554 1434 2587 trimonialiter
1448 2553 1596 2591 copulavit
1616 2563 1622 2582 ε

1232 2612 1235 2616 -
1275 2593 1396 2623 *Dicto
1418 2592 1592 2630 Comiteque
1614 2591 1779 2621 Provinciae
1801 2591 1835 2621 ἅτ
1851 2590 2017 2627 Foltacarii,
2037 2589 2140 2629 absque
2153 2590 2210 2620 aliis
2226 2589 2313 2620 Libe-
2331 2596 2415 2625 *1112

1238 2635 1273 2664 ris
1295 2631 1480 2669 Decedente‚
1504 2630 1539 2661 de
1560 2629 1753 2661 Comitatibus
1774 2629 1915 2669 praedietis
1931 2628 2099 2667 Portiones,
2122 2628 2313 2660 Haereditario
2333 2646 2401 2676 997,

1234 2673 1322 2712 Jure,
1338 2670 1407 2701 Nos
1422 2671 1611 2709 contingunt,
1632 2679 1698 2707 quas
1713 2678 1865 2705 occupatas
1880 2668 2029 2698 noscimini
2043 2668 2167 2700 detinere
2184 2679 2190 2697 ;

1278 2711 1348 2742 Nos
1362 2734 1372 2748 ,
1401 2709 1436 2740 de
1456 2710 1573 2747 puritate
1595 2707 1777 2739 conscientiae
1797 2706 1898 2737 vestrae
1919 2706 2020 2745 Regiae
2034 2730 2043 2744 ‚
2074 2707 2107 2737 &
2128 2707 2254 2736 maxime
2273 2708 2313 2738 ob

1240 2749 1496 2788 Consanguinitatis
1520 2748 1639 2778 Lineam
1658 2747 1717 2776 tam
1738 2747 1945 2784 propinquam,
1970 2746 2099 2776 interime
2124 2742 2330 2784 confidentes‚‘

1241 2799 1274 2820 ae
1288 2789 1424 2826 sperantes
1437 2786 1516 2824 quod
1528 2787 1578 2825 Jus
1592 2784 1724 2816 nostrum
1742 2785 1835 2823 (quod
1850 2785 1932 2815 vobis
1947 2784 1988 2815 est
2000 2784 2159 2823 liquidum,
2172 2785 2240 2815 sicut
2254 2794 2315 2815 cre-

1242 2830 1352 2863 dimus)
1377 2825 1560 2856 amicabiliter
1587 2825 1675 2855 velitis
1693 2824 1792 2854 Nobis
1813 2822 1959 2854 restituere
1972 2846 1982 2862 ,
2007 2823 2101 2861 potius
2122 2824 2206 2862 quam
2230 2823 2316 2863 ipsam

1244 2865 1467 2897 Restitutionem
1489 2863 1647 2895 faciendam
1670 2863 1705 2894 de
1720 2864 1811 2902 rigore
1827 2863 1933 2902 (quem
1947 2863 2051 2894 evitare
2070 2862 2208 2894 vellemus
2221 2872 2317 2902 quate-

1244 2906 1296 2938 nus
1309 2906 1389 2935 bono
1404 2902 1495 2934 modo
1508 2902 1679 2943 poterimus)
1700 2901 1863 2940 expectare,

1282 2941 1532 2981 Magnificentiam
1553 2941 1676 2972 vestram
1689 2939 1847 2971 affestuofis
1864 2939 1992 2977 precibus
2006 2941 2172 2978 requirimus
2187 2941 2220 2971 δε
2237 2949 2318 2979 roga-

1247 2993 1327 3021 mus,
1344 2981 1490 3021 quatinus,
1515 2980 1550 3011 ad
1568 2980 1620 3019 Jus
1640 2979 1770 3010 nostrum
1794 2977 1957 3017 hujusmodi
1977 2978 2072 3009 debite
2091 2978 2317 3009 considerationis

1247 3023 1381 3054 intuitum
1402 3019 1569 3058 dirigentes,
1589 3019 1678 3050 dic'tas
1700 3016 1851 3048 Portiones
1872 3017 2076 3057 praedidtorum
2100 3016 2316 3055 Comitatuum,

1248 3061 1287 3092 adv
1304 3060 1389 3097 Nos,
1406 3059 1595 3089 Haereditario
1610 3057 1698 3097 Jure,
1717 3066 1747 3087 ut
1764 3056 1943 3096 praedicitur,
1961 3057 2146 3096 pertinentes,
2166 3056 2242 3086 bona
2260 3055 2316 3086 fide

1250 3099 1352 3131 Nobis
1365 3097 1508 3128 restituere
1522 3097 1589 3127 velit
1602 3096 1692 3127 vestra
1707 3094 1800 3132 Regia
1813 3095 1958 3126 Nobilitas
1973 3094 2182 3131 circumspecssta.

1236 3139 1239 3141 ’
1289 3137 1333 3168 Ac
1348 3137 1426 3174 super
1440 3136 1509 3173 hiis,
1525 3135 1646 3166 Diled’tis
1662 3136 1695 3166 &
1710 3134 1852 3164 Fidelibus
1866 3133 1982 3172 nostris,
2002 3132 2148 3162 venerabili
2162 3132 2255 3170 Patri,
2273 3132 2314 3163 R.

1250 3175 1451 3217 Wyntonienfi
1464 3174 1624 3214 Episcopo,
1642 3175 1675 3206 &
1691 3173 1832 3213 Magistro
1844 3173 1969 3212 Johanni
1987 3173 2023 3202 de
2038 3170 2196 3209 Stratford,
2214 3171 2320 3201 Archi-

1250 3216 1374 3248 diacono
1394 3214 1554 3244 Lincolniae
1567 3237 1577 3252 ‚
1610 3212 1850 3244 Ambaffatoribus
1872 3210 1971 3241 nostris
1984 3233 1992 3247 ,
2020 3211 2049 3240 in
2071 3209 2207 3240 Romana
2227 3210 2316 3240 Curia

1251 3253 1446 3290 existentibus,
1462 3252 1549 3282 fidem
1564 3252 1707 3282 credulam
1721 3251 1870 3287 adhibere,
1890 3260 1938 3287 per
1954 3248 2086 3288 eosdem,
2105 3248 2125 3279 sl
2140 3248 2238 3286 libeat,
2257 3248 2315 3280 vel-

1250 3294 1275 3325 le
1291 3292 1416 3326 vestrum
1431 3292 1467 3323 de
1482 3290 1627 3331 praemissis
1640 3290 1740 3321 Nobis
1756 3289 1934 3320 rescribentes

2321 2286 2359 2304 m.
2376 2284 2418 2310 ¹4·
2429 2273 2457 2303 d.

1288 3371 1356 3402 Dat.
1369 3369 1443 3410 apud
1458 3367 1708 3400 Pontemfraetum
1718 3390 1728 3405 ,
1748 3367 1793 3397 18.
1806 3365 1852 3396 die
1866 3364 2017 3395 Februarii.

1298 3513 1392 3555 Super
1406 3509 1526 3554 Treuga
1544 3518 1613 3539 cum
1632 3503 1857 3549 Flandrenstbus
1868 3532 1877 3546 ‚
1900 3508 1937 3542 ό*
1958 3503 2088 3536 Auxilio
2104 3505 2200 3537 Scaeis
2213 3514 2270 3535 non

1688 3553 1876 3600 impendendo
1881 3579 1888 3586 .

1252 3641 1393 3700 REX,
1410 3641 1567 3672 Nobilibus
1581 3641 1671 3678 Viris,
1689 3639 1819 3670 Gnidoni
1834 3638 1869 3668 de
1886 3635 2033 3674 Flandrizi,
2051 3635 2189 3666 Domino
2203 3636 2239 3667 de
2253 3635 2316 3674 Ry-
2332 3650 2399 3682 Am,
2423 3649 2456 3681 D

1327 3681 1472 3720 kenburgh
1488 3704 1497 3717 ,
1531 3681 1565 3710 &
1585 3680 1748 3709 Ostobono
1770 3677 1805 3706 de
1826 3675 1951 3707 Careffl)
1967 3699 1976 3715 ,
2005 3674 2161 3712 Praeposito
2182 3675 2316 3706 Ecclesiae
2352 3699 2364 3719 1
2390 3674 2408 3719 2'
2458 3675 2466 3682 '

1253 3718 1349 3750 saneti
1374 3719 1482 3749 Donati
1498 3718 1655 3755 Bruaensis,
1675 3715 1852 3746 Cancellario
1867 3715 2021 3752 Flandriae,
2039 3713 2157 3744 Nobilis
2171 3714 2232 3745 Viri
2254 3713 2314 3744 Lo·
2328 3699 2383 3756 A?
2402 3699 2438 3756 ,ζ

1253 3757 1382 3796 dowici,
1400 3758 1522 3788 Comitis
1542 3756 1680 3787 Flandria:
1695 3756 1727 3785 δε
1742 3753 1910 3792 Niverniae,
1926 3755 2002 3784 vices
2016 3752 2178 3793 gerentibus
2190 3754 2218 3783 in
2233 3753 2316 3783 Flan-
2328 3772 2350 3794 E
2375 3750 2394 3793 '2
2436 3749 2443 3756 ⁶

1255 3796 1332 3833 dria,
1351 3807 1382 3826 ac
1399 3796 1542 3833 Scabinis,
1561 3793 1790 3831 Consiliariis,&
1807 3792 2054 3830 Universitatibus,
2067 3791 2231 3831 Gandensi,
2246 3791 2316 3823 Bru-
2330 3789 2465 3841 (3275,stoe—

1253 3836 1344 3874 gensi,
1366 3835 1398 3865 ὃς
1413 3834 1547 3871 Yprenli,
1565 3833 1698 3870 salutem,
1714 3841 1782 3862 cum
1797 3831 1909 3862 sincerae
1923 3831 2094 3862 Dilestionis
2107 3830 2222 3870 affeetu,
2332 3828 2365 3872 E]
2379 3854 2404 3870 2,

1293 3873 1377 3911 Nos,
1394 3873 1428 3903 ad
1442 3872 1669 3909 Requisitionem
1685 3870 1791 3910 praefati
1806 3868 1949 3908 Comitis,
2331 3892 2367 3911 m·
2391 3890 2424 3917 ,4
2440 3879 2467 3909 d,

1294 3911 1393 3942 Nobis
1415 3921 1464 3950 per
1485 3911 1542 3940 suas
1565 3910 1672 3940 Literas
1693 3908 1868 3948 significantis
1883 3910 2014 3947 qualiter,
2033 3918 2086 3946 pro
2101 3908 2234 3939 evitandis
2247 3909 2320 3946 peri-
2427 3903 2432 3909 “

1257 3949 1342 3989 culis,
1359 3960 1423 3990 qua:
1446 3958 1480 3979 ex
1504 3947 1745 3985 Diss‘enfionibus,
1763 3948 1831 3977 inter
1853 3947 1966 3978 nostros
1987 3948 2021 3978 &
2040 3947 2102 3978 suos
2119 3947 2252 3978 Subditos
2269 3947 2321 3976 du-

1256 3989 1326 4018 dum
1346 3989 1463 4026 exortis,
1481 3995 1689 4025 provenerunt,
1708 3987 1741 4016 &
1763 3985 1848 4016 indies
1862 3988 2048 4026 proveniunt,
2067 3986 2233 4024 Treugam,
2251 3986 2322 4013 inter

1257 4027 1351 4059 dictos
1369 4026 1480 4058 nostros
1501 4025 1535 4056 ὃς
1556 4027 1616 4057 suos
1639 4025 1771 4057 Subditos
1782 4025 1864 4064 iniri,
1878 4025 1913 4056 &
1928 4035 1943 4057 a
1958 4024 2059 4056 Nobis
2071 4024 2194 4056 concedi
2207 4021 2323 4053 affecta-

1257 4066 1305 4096 bat
1312 4088 1323 4104 '
2222 4095 2327 4129 Eidem
