2562 4279
77 285 206 318 AnnVD.

95 334 182 365 1341.

73 369 142 392 Σίν.
164 373 189 400 3.

778 198 892 258 E'T
976 216 1247 258 ACTA

223 298 331 329 easdem
354 299 461 330 Literas
476 325 485 339 ,
512 300 548 332 de
569 301 649 331 disto
673 301 790 332 Secreto
812 302 911 341 Sigillo
933 302 970 333 sic
991 302 1167 342 consignatas
1183 326 1192 339 ,
1205 302 1282 339 juxta

224 348 302 374 vim,
321 339 353 367 δε
375 338 530 376 effectum,
552 350 583 369 ac
608 341 813 370 continentiam
836 340 1000 371 earumdem
1014 364 1024 378 ,
1048 349 1186 378 quatenus
1203 339 1284 369 vobis

225 375 262 405 de
285 376 480 408 Solutionibus
495 401 504 416 ,
523 378 766 415 AllocationibuS,
785 381 818 410 ὃς
834 379 968 415 Receptis
981 379 1158 415 hujusmodi,
1177 377 1286 408 consti-

225 415 304 451 terit,
322 415 357 444 ad
371 416 447 445 idem
462 416 642 446 Scaccarium
657 417 769 448 allocari
783 418 886 448 faciatis
901 418 927 445 in
943 415 1039 446 formai
1053 414 1215 454 supraditsti'i.

262 452 351 484 Teste
366 453 449 494 Rege
461 454 535 493 apud
549 455 854 493 Westmonasterium,
870 454 988 484 decimo
1004 456 1086 486 tertio
1100 455 1146 486 die
1163 454 1270 485 Martii.

732 533 786 560 Per
801 533 893 561 Breve
907 531 939 559 de
954 531 1072 560 Privato
1084 530 1183 569 Sigillo.

308 670 367 703 Ad
379 675 515 719 Papam,
540 682 643 705 contra
661 669 925 716 Archiepiftopum
945 670 1204 715 Cantuarienftm÷

1329 210 1810 260 PUBL'ICA.
2326 234 2388 275 95

1322 297 1501 329 Nicholaum
1515 300 1550 330 de
1562 300 1731 342 Cmtilupo,
1751 305 1881 337 modeste
1893 305 2102 346 mandavimus,
2121 305 2200 348 quod
2215 306 2248 340 ad
2263 318 2316 340 nos
2329 320 2378 341 ve-
2397 306 2472 337 Ana
2486 302 2528 337 D·

1364 374 1424 412 Ipse
1445 378 1514 406 verb
1536 378 1674 415 (quaerens
1693 380 1864 413 Occasiones
1882 391 1913 414 ut
1936 381 2111 422 Responsum
2125 382 2205 423 super
2218 380 2314 417 Gestis
2327 394 2377 427 per
2401 350 2512 421 ggii-ii,

1325 337 1384 366 nire
1399 337 1559 368 Londonize
1571 350 1628 370 non
1643 344 1764 373 tardaret⁴

1327 422 1393 442 eum
1406 412 1568 458 diffugeret)
1587 416 1691 461 Mortis
1706 418 1868 451 Periculum
1886 423 1935 452 fibi
1951 432 1999 460 per
2009 423 2144 462 Aliqum,
2158 425 2242 454 nobis
2256 424 2382 456 assisten—

1327 460 1387 488 τες,
1406 450 1627 485 Comminatum
1648 465 1739 487 minus
1758 462 1892 490 veraciter
1913 460 2055 499 allegavit,
2076 463 2139 499 quia
2154 472 2184 492 re
2198 462 2264 494 verti
2277 464 2380 494 hocin

1328 497 1456 533 mentem
1477 491 1755 536 nosti-amnniisquam
1773 498 1897 536 cecidit,
1921 509 1975 529 nec
1996 499 2108 538 alicujus
2122 500 2203 531 nobis
2217 500 2381 541 assistentis,

1326 536 1358 558 ut
1372 527 1530 567 credimuS,
1548 531 1630 562 subiit
1645 531 1820 571 Cogitatum.

1369 565 1488 603 Propter
1510 569 1607 607 quod,
1632 570 1666 600 ad
1689 574 1919 604 convincendum
1942 575 1998 612 ejus
2019 573 2157 606 Malitiam
2173 602 2181 615 ,
2199 577 2336 609 dileitum
2349 578 2383 610 δε

1329 601 1442 634 fidelem
1460 606 1591 650 nostrum
1604 631 1615 646 ,
1638 608 1822 652 Radulphum
1836 612 1871 642 de
1883 613 2022 652 Stafford,
2040 614 2163 651 Hospitii
2177 616 2267 646 nostri
2282 617 2382 648 Senes*

1328 642 1449 681 callum,
1467 644 1500 674 ad
1515 648 1606 682 ipium
1618 646 1831 690 destinavimus,
1851 659 1880 680 ut
1893 651 1919 680 ei
1934 651 2072 682 Securum
2086 652 2275 684 Condustum
2297 654 2386 686 offer-

1329 689 1373 710 ret
1392 682 1426 711 &
1447 682 1573 727 faceret,
1601 684 1707 715 Lireras
1717 687 1800 717 etiam
1815 688 1921 719 nostras
1936 688 2064 720 Parentes
2080 690 2159 728 super
2174 693 2232 722 hoc
2247 693 2296 723 fibi
2311 694 2382 724 feci·

1330 728 1393 748 mus
1407 720 1578 760 praesental‘l3
1594 723 1754 755 mandantes
1768 727 1872 756 iterum
1885 727 1965 765 quod
1978 728 2012 757 ad
2026 726 2094 759 Nos
2108 729 2286 767 personaliter
2301 742 2384 762 acce-

77 758 208 791 Ann-D-
271 763 443 797 Anc'tiffimo
464 768 494 796 in
517 764 636 796 Christo
656 763 756 802 Patri,
776 763 910 795 Domino
927 765 957 796 B.
977 764 1072 795 divin&
1088 763 1289 801 Providentia,
1329 757 1427 801 deret,
1453 758 1532 796 sUPCY
1545 759 1655 791 Statum
1678 761 1877 801 Negotiorssm
1898 765 2064 797 UOstl‘Offlm
2078 791 2089 805 2
2107 778 2172 805 <20ae
2186 768 2236 798 dl&
2249 769 2386 810 gesserat,

99 806 186 837 1341.
286 803 475 835 Sacrosanetae
497 803 642 834 Romana:
662 813 695 833 ac
710 802 884 833 Universalis
900 804 1036 834 Ecclesiae
1049 804 1173 833 Summo
1188 803 1289 832 Ponti-
1329 805 1381 825 ¹³05
1396 797 1602 843 ¹¹¹f01‘m2turus3

75 841 130 866 An.
151 846 194 872 15.
228 842 293 879 fici,
312 842 483 881 Edwardus,
501 841 622 880 ejusdem
640 841 746 879 gratia,
766 842 831 872 Rex
840 843 967 873 Francjae
982 843 1016 872 &
1032 841 1160 880 Angli-3,
1177 842 1211 872 &
1221 839 1288 871 Do-
1367 834 1428 872 Ipse
1440 846 1510 879 vero
1525 836 1719 877 Dedignanter
1734 838 1910 878 Respondit,
1929 840 2007 879 quod
2023 842 2059 872 Se
2074 839 2191 882 N'obis,
2207 845 2258 875 nisi
2271 845 2300 875 in
2317 845 2384 877 Ple-

73 880 104 904 Ε.
128 884 153 911 3.
230 882 323 911 minus
338 881 505 917 Hiberniae,
523 880 627 909 devota
641 880 749 910 Pedum
762 881 856 911 oscula
870 882 1025 911 beatorum,
1330 882 1370 916 no
1393 872 1580 920 Parliainento
1593 899 1602 914 ,
1627 876 1706 915 quod
1727 886 1796 908 tunc
1819 880 1979 910 commodi:
2000 890 2161 912 convocare
2178 885 2358 921 nequivimus
2373 908 2384 924 ,

73 918 146 943 Rom.
165 920 195 951 ¹5
203 935 208 940 ·
265 919 338 958 Etsi,
355 929 437 950 more
449 918 561 948 Devoti
576 918 639 948 Filii
650 919 808 957 Catholici,
827 919 1014 950 desideremus
1026 918 1144 948 Parrum
1157 917 1291 958 Spiritua-
1331 920 1451 955 m¹¹111me
1464 913 1645 957 praesentaret.
2360 945 2362 947 ,

74 956 107 980 Ε·
129 961 155 989 3·
174 962 211 981 ⁷7¹·
229 958 300 988 lium
324 956 454 995 pudenda
475 955 576 987 Velare
590 979 600 995 ,
625 966 691 994 quae
710 966 804 988 tamen
820 981 829 996 ,
854 958 962 988 nedum
977 959 1006 987 in
1020 956 1111 987 nostri
1125 956 1289 987 Contume-
1367 949 1472 995 Slcque
1484 952 1560 996 idem
1570 953 1825 997 Archiepiscopus,
1840 964 1928 993 quem
1943 956 2010 987 sicut
2018 955 2131 987 Patrem
2145 958 2290 990 dileximus
2297 968 2374 999 ,con

74 1000 105 1026 4·
230 996 298 1026 liam
313 1019 321 1033 ⁷
346 996 385 1026 set
405 995 434 1024 in
455 1003 538 1034 grave
558 994 646 1025 nostri
670 997 704 1027 &
724 996 890 1026 nostrorum
905 1020 913 1033 ³
931 996 1120 1033 conspicimus
1135 994 1291 1025 redundare
1333 988 1427 1032 versus
1446 999 1475 1019 m
1492 989 1646 1022 Vitti‘icum
1661 1015 1670 1030 ,
1694 993 1771 1023 illam
1792 995 1873 1023 nobis
1890 993 2120 1025 Retributionein
2133 997 2285 1037 impendit,
2304 1008 2390 1038 quarn

229 1033 392 1064 Periculum
428 1043 487 1063 non
503 1033 649 1071 poffumus
663 1033 896 1065 Coriniventibus
910 1034 1030 1065 Occulis
1042 1033 1215 1071 pertransire.
1335 1025 1404 1056 MUS
1420 1037 1449 1056 m
1467 1027 1539 1072 Ρθῖῖῑ,
1553 1054 1562 1072 2
1580 1030 1698 1067 Serpens
1720 1032 1748 1061 in
1762 1031 1847 1070 Slffll,
1865 1033 1898 1063 &
1911 1032 1987 1070 Ignis
2002 1034 2031 1063 in
2046 1033 2187 1073 GffiffliO,
2204 1036 2258 1066 sUiS
2272 1039 2391 1069 consue·-

266 1071 340 1102 Sane
356 1057 484 1110 dudum,
502 1074 530 1102 in
548 1071 638 1102 Annis
653 1072 861 1104 Adolescenti-e
875 1098 885 1112 ,
903 1073 937 1103 ad
952 1073 1049 1112 Regni
1063 1071 1176 1102 Solium
1189 1071 1290 1102 exalta-
1331 1073 1434 1096 Vemnt
1448 1065 1615 1110 Hosplslbus
1628 1069 1767 1100 exhibere-

75 1113 93 1147 J}
105 1114 208 1149 V.237.
225 1111 268 1149 ti,
283 1110 407 1148 providis
429 1112 462 1142 &
482 1111 500 1130 ³1²
520 1112 586 1140 sanis
608 1110 740 1141 Consiliis
753 1112 837 1148 dirigi
851 1113 1010 1150 cupientes,
1031 1111 1095 1149 quia
1108 1110 1290 1148 Johannem,
1370 1102 1472 1141 Nam>
1490 1104 1555 1135 hcet
1577 1106 1765 1138 defideremus
1783 1118 1849 1138 cum
1872 1107 2002 1140 Lenitate
2015 1111 2048 1141 δί
2061 1109 2221 1141 Clementi&
2235 1113 2391 1151 gubernare

225 1158 296 1180 tunc
316 1149 558 1188 Wyntoniensem
581 1149 755 1188 Episcopum
770 1174 780 1189 ,
804 1160 880 1180 nunc
900 1153 971 1179 vero
988 1148 1220 1179 Cantuariensem
1235 1149 1292 1178 Ar-

226 1187 457 1225 chiepiscopum,
478 1187 628 1218 Fidelitatis
640 1189 673 1218 &
689 1189 874 1219 Discretionis
890 1188 1015 1218 Dotibus
1036 1188 1220 1218 credebamus
1235 1197 1292 1217 cze-

230 1227 294 1256 teris
317 1228 484 1264 praeminere
499 1250 508 1265 ,
534 1226 625 1265 ipsum
646 1229 680 1257 in·
697 1226 898 1258 Consiliarium
917 1226 1046 1256 nostrum
1060 1227 1236 1263 praecipuum
1252 1235 1295 1255 as-

225 1265 389 1302 sumplimus
405 1290 413 1303 ,
440 1267 473 1296 ὃς
498 1265 662 1296 Arduorum
682 1264 861 1302 agendorum
882 1264 1044 1295 nostrorum
1059 1264 1243 1302 principalem
1259 1265 1292 1294 δε

229 1305 393 1372 Ρῑῑίτηῃὲἰυτιι
415 1304 602 1335 Βὶῑεέὶοῑεῐη
618 1326 628 1342 ,
660 1303 712 1334 sibi
730 1303 903 1334 Dileetionis
923 1302 1070 1334 foecundae
1091 1302 1294 1341 plenitudinem

228 1353 248 1372 o
262 1348 309 1372 ten
333 1352 419 1373 entes

268 1380 407 1419 Cumque
419 1380 610 1419 postmodum
623 1379 769 1418 Regnum
782 1380 909 1411 Franciae
929 1380 964 1410 ad
979 1390 1030 1410 nos
1046 1379 1138 1410 fuisset
1149 1379 1218 1418 Jure
1232 1379 1296 1410 suc-

229 1419 352 1449 cefforio
367 1420 554 1457 devolutum,
573 1420 608 1451 &
622 1429 673 1457 per
687 1419 855 1450 Dominum
868 1418 1031 1457 Philippum
1045 1419 1082 1448 de
1097 1418 1212 1448 Valesio-
1222 1428 1294 1447 con-

231 1468 272 1487 tra
290 1457 436 1496 justiciam·
455 1466 630 1496 occupatum
643 1481 653 1496 ,
668 1457 746 1487 idem
762 1458 1001 1496 Archiepiscopus
1014 1457 1097 1486 nobis
1115 1467 1172 1494 pne
1187 1457 1295 1487 caeteris

231 1497 372 1528 consuluit
385 1497 419 1527 ad
435 1497 576 1527 Guerram
593 1505 692 1527 contra
705 1496 817 1527 did’tum
830 1496 992 1534 Philippum
1007 1495 1223 1532 assumendum,
1232 1505 1296 1532 per-

230 1535 344 1566 suadetis
367 1535 474 1566 Foedus
497 1546 567 1566 cum
583 1534 764 1572 Principibus
777 1535 962 1565 Alemanniae*
977 1544 1091 1572 propter
1106 1534 1164 1563 hoc
1181 1543 1296 1571 magna-

232 1575 346 1605 nimiter
360 1574 517 1604 ineundum
552 1574 588 1605 ὃς
601 1575 769 1612 promittens
783 1573 862 1612 quod
875 1573 1032 1612 Experisas,
1051 1572 1085 1602 ad
1100 1572 1156 1602 hoc
1171 1572 1297 1601 neceii‘a-

230 1616 298 1651 rias,
319 1614 401 1643 nobis
416 1614 510 1643 babun
532 1622 611 1643 anter
631 1613 735 1644 faceret
755 1611 928 1649 ministrari„
941 1613 977 1641 ita
993 1611 1073 1649 quod
1088 1619 1197 1641 tantum
1211 1610 1301 1640 habe--

231 1661 326 1682 remus
342 1651 378 1681 de
393 1651 521 1684 PersoniS
535 1652 646 1682 Bellicis
660 1652 793 1690 cogitare.
897 1678 900 1680 .
1203 1687 1207 1691 Ι

267 1690 328 1721 Sub
344 1691 421 1728 cujus
436 1690 634 1721 Promiffionis
649 1689 769 1728 fiducia,
789 1688 865 1719 Mari
879 1687 1011 1725 transito,
1031 1687 1155 1717 Manum
1169 1686 1296 1717 misimus

228 1728 263 1759 ad
277 1729 377 1767 ardua,
397 1729 538 1767 Expensas
551 1728 694 1759 Inmensas
703 1751 712 1766 ,
728 1736 759 1758 ut
771 1728 901 1765 oportuit
908 1749 926 1768 ,-
936 1726 1080 1756 facientes.

268 1767 318 1798 Set
332 1791 342 1806 ,
373 1767 444 1798 ficut
470 1769 638 1806 experientia
655 1767 779 1805 docuit,
802 1767 832 1795 in
855 1764 977 1795 Illuioris
999 1764 1105 1794 Baculo
1129 1763 1296 1794 Arundineo

234 1805 323 1844 (Cui,
337 1805 602 1844 juxtaSententiam
616 1805 836 1843 Propheticam,
855 1803 875 1833 fi
892 1804 1002 1833 innixus
1017 1803 1099 1833 fuerit
1114 1802 1236 1840 Homo,
1256 1804 1299 1832 in-

232 1846 317 1877 trabit
330 1846 358 1874 in
374 1844 500 1877 Marium
515 1846 588 1883 ejus,
606 1843 639 1875 &
652 1843 806 1882 perforabit
819 1842 894 1878 earn)
910 1841 1043 1872 fiduciam
1058 1841 1210 1879 posuimus.

268 1883 352 1914 Nam
369 1907 378 1922 ,
404 1883 472 1914 curn
493 1884 529 1913 ab
545 1893 580 1913 eo
593 1881 758 1920 promissam
772 1881 985 1918 expeffliremus
999 1879 1173 1919 Pecuniam,
1191 1879 1298 1910 nullam

231 1923 342 1960 penitus
356 1923 438 1952 nobis
454 1922 534 1952 misit.

269 1959 390 1997 Propter
411 1959 513 1998 quod,
538 1959 717 1990 Necessitate
735 1956 876 1995 compulsi
892 1981 901 1995 ,
928 1957 1002 1995 quasi
1024 1956 1216 1995 lmportabilia
1228 1966 1306 1989 con·

232 2000 363 2029 traximus
380 1998 482 2031 ¹Onera
506 1999 682 2029 Debitorum
696 2020 707 2034 ,
729 1997 845 2034 fuitque.
859 1995 1023 2035 Negotium
1046 1995 1178 2026 nostrum
1192 1995 1301 2033 quoda-

232 2037 326 2066 modo
347 2036 535 2075 Desperatum
549 2049 559 2075 ς
576 2037 653 2075 quod
669 2061 678 2074 ,
696 2036 716 2065 si
732 2034 906 2065 Promissam
921 2034 1110 2065 habuiffemus
1127 2034 1302 2071 Pecuniam,

233 2075 346 2112 fuiss'et,
365 2084 395 2106 ut
417 2075 557 2114 creditur,
571 2086 622 2116 per
636 2075 695 2105 Dei
707 2075 824 2114 gratiam
834 2097 843 2111 ,
861 2073 1031 2104 laudabiliter
1045 2072 1301 2104 Consimmatum.

241 2123 244 2126 ⁴
272 2113 392 2152 Propter
415 2113 493 2151 quod
514 2124 669 2144 remeantes
692 2114 722 2143 in
742 2112 874 2152 Angliam
888 2137 897 2151 ,
924 2122 1087 2143 convocato
1112 2111 1302 2142 Par-liamento

233 2152 335 2182 nostro
357 2151 513 2189 Genemli,
537 2152 660 2191 pericula
673 2175 683 2189 ,
710 2152 811 2189 quibus
833 2151 948 2188 expoliti
970 2151 1091 2188 fuimus,
1109 2150 1247 2187 Prae-latis,
1269 2151 1303 2181 &

236 2189 425 2228 Proceribus,
442 2201 476 2221 ac
491 2193 600 2222 caeteris
617 2191 639 2221 F
641 2190 758 2220 idelibus
780 2189 898 2228 nostris,
915 2189 1022 2220 ibidem
1037 2189 1304 2228 Convenientibus,

235 2228 354 2259 fecimus
369 2230 509 2267 intimari,
529 2231 577 2268 qni
592 2230 674 2259 nobis
689 2237 827 2266 magnum
842 2229 1007 2259 concessere
1022 2228 1201 2266 Subsidium,
1212 2227 1303 2267 quod,

234 2268 255 2298 si
278 2268 446 2300 fideliter&
469 2277 600 2307 tempore
620 2278 754 2304 congruo
778 2267 945 2297 Colleetum
969 2266 1122 2304 eXtitiss'et,
1147 2268 1226 2297 &in
1241 2266 1302 2297 usus

233 2306 384 2337 destinatos
399 2306 494 2337 debite
507 2307 710 2345 dispensatum,
727 2307 761 2336 ad
778 2305 990 2344 expeditionem
1004 2305 1088 2335 dietae
1103 2305 1227 2335 Guerrae
1240 2328 1250 2343 ,
1268 2306 1303 2336 ὃς

235 2345 410 2376 Debitorum
429 2345 592 2376 nostrorum
615 2345 794 2376 Solutionem
809 2367 819 2381 ,
845 2353 982 2384 magnum
996 2343 1214 2374 Adminiculum
1230 2354 1304 2381 prae-

235 2384 370 2423 stitisset,
393 2386 488 2415 immo
508 2384 694 2414 verifimiliter
714 2382 890 2420 suffeciffet;
915 2383 991 2413 idem
1012 2384 1083 2413 vero
1107 2383 1305 2420 Archiepisco-

259 2433 307 2461 us,
325 2424 383 2453 tam
407 2423 440 2453 ad
457 2422 586 2454 festinam
602 2422 819 2453 CollecItionem
842 2421 912 2452 (11ἃί
931 2421 1070 2459 Subsidii,
1087 2422 1173 2458 quarn
1183 2422 1304 2452 aliorum

235 2433 434 2492 Proventuum
449 2461 616 2501 Regalium,
634 2460 761 2499 promifit
774 2459 928 2490 efficaciter
942 2461 1121 2497 interponere
1132 2468 1223 2498 partes
1230 2460 1306 2499 suas,

237 2499 272 2530 &
287 2499 368 2537 quod
385 2510 417 2530 ea
429 2501 576 2531 transmitti
591 2501 626 2532 ad
641 2511 693 2530 nos
706 2499 808 2530 faceret
822 2499 955 2537 indilate3

274 2536 315 2568 Et
334 2537 373 2568 sic
394 2539 496 2569 iterum
518 2539 570 2570 sub
583 2538 775 2569 Promiffione
795 2536 863 2568 dieti
880 2536 1094 2577 Arcbiepiscopi
1107 2562 1115 2575 ,
1135 2537 1169 2568 &
1183 2537 1307 2567 aliorum

236 2575 442 2607 Ministrorum
463 2577 629 2609 nostrorum
644 2602 654 2616 ,
681 2577 835 2614 Praeceptis
855 2576 888 2607 &
906 2575 1076 2607 Direetioni
1090 2576 1170 2613 ipsius
1186 2575 1307 2606 Archie-

236 2615 346 2653 piscopi
361 2614 568 2646 intendentium
583 2638 594 2654 ,
617 2616 855 2647 transfretavimus
878 2616 907 2645 in
932 2614 1091 2645 Flandriam
1105 2626 1115 2652 ς
1136 2613 1159 2644 Ρ
1171 2624 1187 2644 R
1203 2623 1307 2645 [ΕΟΡ-

239 2661 387 2684 TENTA
411 2662 603 2685 cAELr'rUs
629 2663 677 2684 DE
698 2653 896 2684 NAvioio
917 2661 1074 2684 PARTIS
1094 2653 1308 2683 oniznsaa

239 2690 270 2723 V
280 2700 376 2722 rca'o
388 2701 410 2722 R
420 2701 461 2722 tA
487 2692 620 2730 gratiosa.

280 2729 332 2768 Et,
353 2730 456 2760 exinde
469 2731 698 2770 progredientes,
717 2729 816 2761 Castra
830 2731 926 2760 metati
938 2729 1033 2760 sumus
1044 2731 1135 2769 prope
1153 2728 1309 2764 Civitatem

240 2768 476 2805 Tornacensem,
491 2770 521 2798 in
535 2769 613 2806 cujus
628 2768 788 2799 Obfidione
801 2768 905 2800 diutius
927 2768 1115 2807 persistentes,
1132 2768 1310 2806 sperabamus

240 2805 345 2843 indies,
365 2805 529 2848 Ministerio
548 2807 616 2837 dieti
640 2806 856 2847 Archiepistzopi
870 2828 882 2845 ,
906 2807 1082 2838 Succursum
1097 2808 1202 2838 habere
1216 2806 1311 2837 Pecu-

244 2846 300 2875 niae
315 2846 348 2876 ὃ(
363 2844 485 2875 Ξιὼίιάϋ
497 2845 655 2883 supradidiit

281 2883 331 2913 Set
353 2883 470 2913 tandem
483 2906 493 2922 ,
520 2884 578 2922 Spe
598 2882 741 2922 concepta
760 2882 905 2920 frustrati,
927 2882 995 2914 licet
1013 2893 1066 2923 per
1080 2883 1204 2914 diversos
1221 2883 1311 2913 Nun·

242 2922 304 2952 cios
319 2944 330 2960 ,
351 2923 385 2953 &
408 2921 526 2952 Litteras
538 2945 548 2960 ,
572 2922 690 2960 praefato
712 2921 960 2960 Archiepiscopo,
979 2922 1014 2952 &
1028 2922 1085 2952 aliis
1099 2921 1240 2951 Ministris
1256 2932 1311 2952 no-

244 2960 304 2990 stris
319 2983 328 2998 ,
356 2959 604 2999 fignificaverirnus
624 2960 810 2999 indigentiam
825 2961 859 2990 δε
878 2960 1006 2991 Pericula
1017 2983 1027 2999 ,
1045 2961 1146 2998 quibus
1161 2961 1202 2990 ob
1218 2960 1313 2991 Defe-

246 2999 329 3030 &um
349 2998 485 3029 Pecuniae
507 2999 613 3030 fuimus
634 2999 755 3030 involuti
771 3021 781 3037 ,
805 2998 839 3028 &
859 2997 1016 3029 Honorem
1036 3008 1125 3037 quem
1138 3008 1172 3029 ex
1187 2999 1310 3030 adventu

245 3037 382 3068 Pecuniae
402 3037 579 3077 sperabamus
595 3061 604 3077 ,
627 3045 776 3069 onerantes
795 3046 844 3066 eos
867 3044 898 3066 ur
913 3059 923 3075 ,
941 3036 976 3067 ad
991 3037 1210 3067 succurrendum
1227 3039 1310 3068 nobis

1333 1140 1484 1186 Subjestos
1499 1167 1508 1180 ,
1534 1144 1589 1174 inse
1608 1154 1702 1175 tamen
1722 1146 1756 1175 ad
1779 1147 1986 1185 Suggillandam
2001 1148 2179 1186 Opinionem
2193 1152 2338 1190 nostram,
2356 1154 2392 1183 δε

1334 1179 1531 1211 Devotionem
1549 1182 1707 1213 Procerum
1723 1184 1756 1214 &
1769 1184 1906 1214 Fidelium
1923 1186 2087 1217 nostrorum
2102 1188 2117 1217 a
2132 1189 2214 1218 nobis
2227 1189 2392 1221 subtrahen-

1334 1218 1419 1257 dam,
1437 1220 1470 1264 ᾃ
1484 1220 1659 1251 Seditionem
1673 1223 1701 1252 in
1717 1222 1853 1259 Subjesto
1867 1224 1949 1252 nobis
1967 1224 2080 1261 Populo
2097 1225 2327 1266 Concitandam,
2343 1228 2393 1259 In-

1334 1266 1498 1288 nocentiam
1521 1259 1645 1290 nostram
1660 1283 1669 1297 ,
1697 1271 1729 1292 ac
1751 1260 1984 1291 Consiliariorum
2004 1264 2038 1293 &
2055 1264 2257 1296 Ministrorum
2279 1266 2394 1298 nostro-

1337 1305 1417 1339 rum,
1434 1296 1575 1328 Convitiis
1593 1299 1693 1329 lacerat
1705 1311 1719 1337 's
1741 1299 1920 1337 praedicando
1936 1300 2066 1339 publice,
2083 1302 2116 1332 &
2130 1312 2177 1339 per
2193 1303 2249 1333 suas
2264 1304 2396 1336 Parentes

1338 1333 1454 1378 Litteras
1477 1337 1612 1373 publicari
1634 1337 1793 1368 mandando
1809 1363 1818 1376 ,
1844 1337 1922 1375 quod
1937 1349 1987 1376 per
1999 1338 2172 1370 potestatem
2187 1342 2314 1373 nostram
2327 1354 2393 1375 mo-

1335 1371 1427 1402 dernis
1449 1377 1625 1412 temporibus
1645 1378 1815 1414 opprimitur
1835 1377 1960 1414 Populus
1975 1400 1986 1416 ,
2010 1376 2109 1408 Clerus
2134 1380 2318 1412 confunditur
2333 1406 2342 1420 ,
2358 1383 2392 1412 ὃς

1337 1409 1469 1456 ΙΞςςΙεῖΓιαἡ
1484 1414 1564 1443 variis
1582 1413 1787 1457 lixadlioiiibus
1802 1425 2005 1453 praegravatur:
2026 1426 2151 1454 quorum
2164 1417 2191 1447 V
2194 1421 2333 1449 extationes
2346 1421 2393 1451 seu

1337 1447 1540 1494 Oppressiones
1562 1453 1593 1489 (ii
1616 1463 1680 1490 quas
1704 1454 1802 1484 nostro
1825 1463 1953 1492 ternpore
1975 1454 2099 1485 indebite
2113 1455 2300 1494 sustinuerint)
2315 1459 2399 1497 ipsius

1337 1487 1546 1533 Archiepiscopi
1569 1490 1663 1521 Pravis
1679 1490 1825 1530 Consiliis,
1845 1493 1877 1523 <Sc
1892 1492 2148 1524 Adinventionibus
2163 1493 2297 1533 Callidis,
2315 1498 2396 1535 sunt,

1336 1536 1395 1569 prae
1409 1536 1515 1570 caeteris
1526 1553 1533 1565 ,
1552 1529 1737 1568 ascribendae,
1757 1532 1819 1569 quia
1833 1532 1888 1568 ipse
1902 1531 2065 1570 Praecipuus
2079 1533 2169 1563 exritit
2185 1533 2328 1564 Pastorum
2344 1535 2399 1565 hu-

1333 1565 1456 1602 jusmodi
1471 1567 1657 1597 Adinventor.

1379 1603 1433 1633 Per
1445 1605 1522 1647 cujus
1537 1604 1698 1635 Consilium
1707 1604 1905 1644 improvidum
1919 1607 1954 1637 &
1967 1607 2130 1638 Suasionem
2148 1608 2402 1648 Subdolam,diirn

1339 1651 1447 1672 eramus
1462 1652 1491 1671 in
1506 1643 1593 1673 Annis
1609 1643 1771 1675 Minoribus
1787 1645 1948 1684 constituti,
1967 1655 2009 1676 tot
2022 1646 2199 1678 Donationes
2245 1649 2402 1681 Alienatio-

1339 1690 1388 1709 nes
1401 1704 1409 1718 ,
1436 1681 1469 1710 &
1492 1680 1603 1724 Gratias
1622 1682 1742 1712 fecimus
1760 1683 1920 1714 Exceffivas
1934 1708 1943 1721 ,
1970 1685 2046 1721 quod
2059 1695 2107 1721 per
2120 1695 2163 1715 eas
2178 1671 2327 1718 AErariurn
2343 1698 2400 1718 no-

1340 1718 1429 1748 strum
1444 1719 1637 1757 multipliciter
1658 1720 1702 1750 est
1716 1720 1890 1752 Exhaustum
1903 1744 1913 1759 ,
1938 1722 1970 1752 ὃς
1986 1722 2126 1753 Redditus
2140 1723 2224 1763 Regii
2238 1725 2301 1756 sunt
2313 1735 2399 1756 enor-

1340 1758 1422 1787 miter
1437 1757 1603 1797 Diminuti3

1380 1795 1598 1839 Immotlpsum.
1608 1820 1617 1835 ,
1642 1806 1743 1835 praeter
1757 1796 1972 1828 Conscientiam
1988 1797 2113 1829 nostram
2123 1822 2132 1838 ,
2152 1799 2314 1840 Magnas&
2328 1802 2401 1833 Pro·

1340 1833 1417 1875 (ligas
1435 1834 1531 1865 fecilie
1553 1835 1730 1866 Donationes
1739 1859 1753 1875 ,
1777 1838 1811 1867 δε
1836 1838 1919 1867 varias
1943 1836 2132 1868 Pecuniarum
2154 1838 2284 1869 Summas
2293 1862 2307 1878 ,.
2320 1841 2402 1871 nobis

1341 1873 1475 1911 DebitaS,
1492 1873 1525 1903 ad
1540 1883 1624 1913 grave
1639 1874 1808 1912 Dampnum
1823 1875 1972 1914 nostrum,
1990 1877 2184 1913 comperimus
2191 1877 2319 1908 Personis
2328 1877 2395 1908 Ma-

1342 1912 1369 1942 le
1387 1912 1490 1942 meritis
1505 1913 1673 1950 Remisisseg
1693 1924 1819 1950 quaerens
1834 1915 1862 1944 in
1877 1913 1976 1944 nostro
1990 1914 2148 1952 Dispendio
2161 1915 2292 1946 Lucrum
2305 1917 2403 1955 suum,

1343 1952 1376 1981 &
1399 1950 1513 1994 suorum
1535 1951 1670 1994 indignos
1691 1953 1723 1982 ὃς
1745 1951 1879 1989 inutiles,
1905 1962 1954 1990 per
1974 1952 2075 1983 Sordes
2091 1954 2125 1983 &
2143 1952 2286 1992 Munera,
2301 1954 2405 1985 nostris

1343 1989 1462 2027 publicis
1478 1991 1604 2027 praetecit
1618 1989 1750 2028 Officiis,

1381 2026 1419 2058 Et
1441 2028 1491 2058 alia
1507 2051 1517 2067 ,
1540 2039 1601 2058 non
1624 2028 1797 2059 numeranda
1821 2028 1857 2059 de
1875 2028 1950 2059 facili
1965 2053 1975 2066 ,
1994 2028 2072 2060 Mala
2082 2029 2168 2068 fecit,
2186 2031 2339 2062 commissa
2351 2031 2404 2062 sibi

1343 2065 1487 2097 Potestate
1499 2068 1609 2105 prorsus
1622 2068 1751 2098 Abuteris
1766 2069 1793 2097 in
1809 2067 1896 2098 nostri
1909 2078 1942 2098 ac
1956 2067 2140 2098 Subditorum
2156 2069 2318 2100 nostrorum
2333 2071 2402 2100 inae-

1344 2104 1482 2135 stimabile
1502 2105 1699 2144 praejudicium
1722 2107 1755 2138 ὃς
1779 2105 1946 2138 Gravamen
1960 2129 1970 2146 ,
1989 2113 2060 2144 quae
2080 2116 2178 2137 contra
2197 2117 2264 2139 eum
2283 2109 2407 2148 probare·

1346 2143 1518 2175 confidimus
1533 2144 1592 2174 {atis
1607 2145 1691 2175 clare.

1383 2182 1421 2212 Et
1442 2184 1506 2220 quia
1525 2185 1704 2214 connicimus
1716 2206 1726 2222 ,
1752 2184 1848 2214 immo
1866 2193 1918 2221 pto
1929 2191 2010 2214 certo
2025 2191 2171 2223 tenemus,
2188 2185 2285 2224 quod,
2304 2195 2407 2224 quam-

1344 2220 1393 2250 diu
1408 2220 1544 2252 Eccleiiae
1557 2221 1748 2253 Cantuariensi
1763 2221 1905 2259 praesideat
1919 2246 1928 2260 ,
1946 2223 2019 2252 inter
2033 2222 2102 2252 Nos
2119 2223 2153 2253 δε
2169 2223 2278 2254 Fideles
2293 2224 2409 2255 nostros-

1345 2259 1479 2290 seminare
1497 2259 1636 2290 Zizannia
1658 2262 1691 2292 ὅς
1705 2260 1861 2291 Diffidium
1880 2270 1940 2290 non
1959 2260 2074 2291 cessabit
2089 2284 2098 2298 ,
2124 2262 2204 2302 super
2218 2262 2270 2293 hiis
2285 2263 2319 2293 &
2332 2263 2410 2302 aliis,

1346 2297 1443 2337 Regni
1472 2299 1560 2329 nostri
1583 2300 1722 2337 Quietem
1744 2300 1778 2331 ὃς
1798 2299 1907 2330 Statum
1920 2298 2074 2329 Pacificum
2088 2301 2347 2339 concernentibus,
2360 2300 2407 2331 di-

1345 2337 1423 2367 le<sto
1447 2336 1565 2369 Clerico
1585 2338 1684 2369 nostro
1698 2361 1708 2376 ,
1731 2337 1874 2375 Magistro
1887 2337 2012 2375 johanni
2030 2337 2174 2378 Wawayn
2203 2367 2205 2371 ,
2224 2349 2256 2370 ac
2272 2339 2412 2377 ‚diletsto

1345 2376 1429 2406 nobis
1442 2376 1470 2405 in
1485 2375 1602 2407 Christo
1612 2400 1620 2415 ,
1639 2376 1728 2406 Fratri
1739 2377 1868 2407 Thomae
1880 2377 1917 2406 dc
1931 2375 2019 2406 Insula
2034 2399 2044 2414 ,
2062 2375 2154 2407 Priori
2170 2363 2304 2408 F⁷ratrum
2315 2377 2408 2408 Ordi-

1345 2415 1387 2444 nis
1415 2414 1638 2446 Praedicatorum
1661 2415 1831 2454 Wyntonice
1846 2438 1856 2454 ,
1888 2415 2046 2452 aperuimus
2066 2414 2175 2452 plenius
2196 2415 2329 2446 Mentem
2354 2427 2410 2447 no-

1347 2452 1456 2490 stram,
1484 2452 1568 2492 Qos
1592 2455 1626 2484 ad
1650 2453 1809 2484 sanctitatis
1831 2453 1932 2484 vestrae
1947 2452 2065 2483 Curiam
2081 2462 2196 2493 propter
2210 2455 2267 2485 hoc
2283 2455 2410 2493 providi-

1347 2501 1411 2521 mus
1433 2492 1684 2530 transmittendos,
1708 2501 1739 2523 ut
1759 2491 1836 2529 prius
1857 2493 1921 2522 haec
1936 2515 1946 2530 ,
1971 2490 2134 2522 Venerabili
2155 2493 2219 2523 viro
2232 2517 2249 2532 ,t
2267 2492 2409 2533 Magistro

1348 2530 1510 2560 Willielmo
1531 2530 1567 2560 de
1590 2531 1745 2570 Norwyco
1767 2531 1889 2560 Decano
1906 2529 2265 2569 Lincolniensivinfinuent,
2283 2532 2316 2563 &
2329 2531 2412 2570 post·-

1348 2568 1472 2599 modslm
1486 2569 1563 2599 idem
1578 2569 1713 2600 Decaiius
1724 2570 1757 2601 δε
1772 2569 1820 2606 ipsi
1832 2568 1932 2599 vestrae
1948 2567 2120 2599 Clementiae
2136 2570 2212 2608 (quae
2227 2570 2344 2600 Plenam
2359 2570 2411 2601 ha-

1349 2608 1398 2638 bet
1413 2608 1442 2637 in
1457 2607 1592 2644 potestate
1608 2607 1764 2645 Medelam)
1783 2607 1902 2638 referant
1917 2607 2026 2644 plenius
2041 2608 2074 2638 &
2088 2607 2249 2646 declarent3

1387 2646 1520 2685 Qibus,
1538 2646 1618 2684 super
1638 2646 1674 2677 iic
1695 2646 1821 2677 dicendis
1845 2656 1943 2676 coram
1965 2644 2128 2676 Eminentia
2142 2646 2241 2676 vestrae
2256 2646 2413 2677 Cellitudi-

1350 2686 1392 2714 nis
1406 2708 1416 2722 ,
1439 2685 1569 2723 dignetur
1585 2685 1676 2715 vestra
1694 2685 1849 2724 Benignitas
1863 2684 2079 2715 Exauditionem
2094 2684 2246 2724 Benignam
2259 2685 2293 2716 δε
2308 2684 2412 2716 Fidem

1350 2723 1506 2753 Credulam
1526 2724 1660 2754 adbibere
1674 2736 1680 2754 ι
1707 2734 1822 2754 necnon
1838 2722 1937 2753 Nobis
1954 2746 1964 2761 ,
1981 2723 2015 2753 &
2032 2722 2139 2759 Regno
2152 2723 2266 2761 nostro,
2286 2724 2346 2762 ne„
2359 2732 2414 2761 per

1351 2761 1432 2799 ipfius
1452 2761 1665 2800 Arcliiepiscopi
1688 2762 1806 2792 Moram
1827 2762 1988 2798 longiorem
2004 2762 2033 2790 in
2048 2761 2108 2797 ipso
2124 2785 2133 2798 ,
2151 2763 2208 2800 ejus
2222 2761 2417 2800 Tranquilitas

1351 2800 1526 2838 perturbetur
1542 2824 1551 2838 ,
1578 2802 1611 2831 ὃς
1633 2801 1687 2830 aliis
1711 2800 1801 2839 (quod
1823 2800 1901 2835 abiit)
1916 2799 2098 2830 formidandis
2115 2798 2249 2831 Periculis
2264 2810 2413 2839 exponan-

1351 2849 1419 2907 tur&
1432 2839 1583 2906 prpvidere
1584 2838 1667 2908 &celei
1674 2840 1725 2870 iter
1737 2839 1773 2869 de
1786 2847 1917 2877 congruo
1931 2837 2073 2868 Remedio
2089 2838 2122 2869 &
2135 2847 2244 2876 optato.

1421 2887 1460 2906 on
1472 2886 1564 2914 ervet,
1606 2886 1644 2907 ἐ.

1426 2914 1494 2946 Dat.
1513 2915 1587 2954 apud
1603 2915 1741 2955 Langele,
1761 2914 1876 2946 decimo
1893 2922 2000 2953 quarto>
2008 2914 2053 2945 die
2066 2913 2174 2946 Martii.

323 3077 328 3081 ,
568 3078 573 3083 ,
588 3078 593 3083 ,
665 3077 671 3082 ,
832 3076 836 3081 ,
975 3076 980 3081 ,
1445 3043 1471 3070 ³&
1498 3045 1592 3088 Super
1611 3040 1748 3083 Custodia
1766 3045 1954 3090 Adargaretae
1972 3041 2009 3076 de,
2025 3047 2134 3077 Monte
2151 3044 2318 3075 Hermerii.
2426 3051 2560 3088 ⁸V,239„

244 3076 389 3114 celeriter,
409 3086 531 3107 omnem
547 3076 719 3116 diligentiam
735 3074 897 3113 poffibllern
916 3074 1105 3113 adhiberent;
1126 3075 1181 3113 Ipfi
1198 3084 1309 3115 tamen,

246 3114 359 3145 Fucati's
381 3114 483 3145 Verbis
504 3115 538 3146 ὃς
552 3114 640 3146 Vanis
656 3113 892 3145 Promiffionibus
907 3123 960 3144 nos
978 3113 1131 3152 ducentes,
1151 3115 1244 3144 immo
1257 3124 1308 3145 ve-

244 3153 302 3182 rius
322 3152 492 3184 seducentes
504 3178 514 3192 ‚
536 3154 624 3184 nichil
639 3178 649 3192 ,
671 3153 717 3183 vel
733 3151 890 3182 Modicum
906 3176 915 3190 ,
940 3153 1024 3182 nobis
1038 3152 1144 3183 realiter
1159 3152 1237 3189 (licet
1251 3152 1309 3183 hoc

244 3191 338 3221 facere
354 3194 519 3230 potuerunt)
540 3191 748 3223 transmiserunt
763 3202 773 3229 3
790 3191 827 3221 ita
840 3191 920 3228 quod
935 3200 984 3228 per
997 3190 1057 3221 Eos
1071 3201 1131 3221 non
1148 3190 1222 3220 stetit
1236 3192 1308 3229 quin

244 3228 333 3268 Nos,
349 3228 475 3260 Consors
487 3230 597 3270 nostra,
616 3232 650 3263 ὃς
666 3230 754 3261 nostri
772 3229 886 3267 Liberi,
904 3238 972 3260 tunc
985 3228 1170 3267 inipraedietis
1184 3231 1305 3267 partibus

245 3267 395 3298 existentes
411 3293 421 3305 ,
446 3266 591 3300 fuissemus
610 3269 737 3307 periculo
758 3267 944 3299 Confusionis
963 3277 1097 3298 exrremae
1111 3268 1244 3307 subjeffl,
1273 3268 1308 3299 ad

244 3306 324 3344 quod
343 3308 386 3344 (ut
400 3306 521 3344 videtur)
536 3318 638 3338 eorum
653 3308 774 3338 intentio
787 3307 938 3337 ferebatur.

282 3344 376 3376 Unde
390 3368 400 3383 ,
425 3345 540 3384 quando
561 3346 772 3384 Triumphandi
789 3345 870 3383 super
890 3345 1026 3375 Inimicos
1048 3344 1161 3375 nostros
1175 3345 1309 3376 arrideret

245 3384 330 3413 nobis
351 3383 547 3421 grarioiiffime
568 3384 637 3423 Spes
652 3385 811 3422 propinqua
848 3383 989 3422 compulsi
1002 3383 1104 3414 fuimus
1119 3383 1242 3422 Treugis
1249 3385 1308 3422 jam

246 3422 320 3452 initis
342 3422 501 3453 consentire
515 3434 524 3460 3
551 3425 617 3460 quia
628 3446 637 3460 ,
663 3432 731 3453 tunc
752 3423 788 3451 ab
801 3406 911 3459 Optato
925 3422 1098 3460 defecimus,
1115 3423 1243 3460 oportuit
1259 3424 1311 3452 ite-

248 3470 312 3491 rum
327 3460 472 3492 Humeros
487 3460 600 3492 nostros
616 3461 773 3499 supponere
791 3459 949 3491 Cumulatis
963 3460 1108 3491 Oneribus
1124 3460 1310 3491 Debitorum.

288 3498 440 3530 Venientes
460 3502 530 3530 vero
551 3499 585 3529 ad
604 3499 674 3529 Nos
696 3498 782 3529 nostri
801 3498 910 3528 Fideles
924 3522 933 3536 ,
952 3498 1191 3535 peregrinationis
1207 3499 1309 3530 nosttae

250 3536 400 3576 Comites,
415 3539 449 3569 ὅς
472 3537 592 3568 Laboris
611 3537 701 3567 nostri
715 3535 883 3575 participes,
900 3535 1055 3567 traiffirunt
1068 3537 1216 3568 nobiscum
1231 3538 1310 3576 super

250 3575 399 3606 Remediis
413 3576 516 3615 quibus
531 3576 675 3614 possemus
688 3575 873 3607 commodius
888 3575 1028 3613 respirare.

290 3614 328 3645 Et
346 3615 437 3646 visum
460 3614 502 3645 est
525 3614 660 3645 omnibns
679 3613 873 3644 incommoda
893 3613 1029 3651 praedieta
1050 3623 1100 3654 per
1114 3612 1258 3652 Culpam,
1274 3624 1311 3644 ne

249 3654 376 3684 dicamus
391 3653 551 3692 Malitiam,
567 3653 675 3692 praefati
686 3652 899 3690 Archiepiscopi
914 3652 976 3689 (sub
992 3652 1071 3689 cuius
1083 3652 1254 3682 Direc'tione
1267 3661 1313 3683 to-

241 3701 276 3728 ,ta
298 3693 437 3731 pendebat
459 3692 555 3732 Regni
578 3691 744 3729 Dispositio)
767 3690 973 3730 principaliter,
992 3701 1024 3721 ac
1040 3701 1089 3728 per
1104 3689 1228 3729 Culpam
1242 3691 1312 3722 alio-

249 3741 313 3762 rum
334 3731 537 3762 Ministrorum
558 3730 726 3761 nostrorum
738 3753 749 3769 ,
767 3739 839 3768 quos
854 3739 903 3768 per
917 3731 974 3768 ejus
988 3728 1150 3759 Consilium
1164 3729 1312 3761 constitui-

249 3779 327 3808 mus,
346 3769 486 3801 accidisse·

287 3808 382 3839 Unde
396 3834 405 3847 ,
431 3809 558 3839 volentes
579 3808 614 3838 ab
630 3808 670 3838 eis
685 3807 805 3845 habere,
824 3806 893 3836 ficut
908 3805 1020 3844 decuit,
1036 3806 1208 3845 Rationem,
1227 3816 1317 3845 quos-

250 3845 316 3876 dam
338 3858 371 3878 ex
389 3848 450 3886 ipsis
467 3871 476 3886 ,
496 3857 567 3885 quos
582 3856 617 3877 ex
629 3846 713 3877 caufis
729 3845 922 3883 probabilibus
935 3845 971 3875 de
986 3844 1066 3876 Mala
1083 3844 1312 3877 Administratio-

251 3884 501 3921 ne,Subversione
511 3884 843 3924 Justitiae,Subdit0rutn
859 3883 1024 3913 nostrorum
1040 3883 1070 3913 O
1112 3882 1249 3922 reffione,
1263 3894 1312 3915 ac-

253 3925 412 3959 ceptatione
435 3925 592 3955 Munerum
610 3946 619 3961 ‚
643 3924 676 3955 &
699 3923 756 3953 aliis
775 3920 901 3951 Offenfis
920 3923 1048 3960 gravibus
1062 3893 1198 3961 sfispeetos
1214 3923 1313 3952 habui-

253 3969 335 3999 muS,
352 3973 368 3992 a
381 3964 433 3993 suis
446 3965 564 3994 fecimus
580 3961 695 3992 Officiis
708 3961 852 3998 amoveri,
870 3960 905 3991 &
918 3960 952 3990 ali
975 3970 1026 3990 uos
1041 3959 1090 3990 sub
1102 3967 1161 3990 tuta
1174 3959 1312 3991 Custodia

253 3999 398 4037 detineri,
423 4004 488 4040 quia
500 4027 510 4040 ,
537 4002 556 4032 si
579 4003 607 4031 iri
628 4000 678 4031 suis
698 3999 813 4030 Officiis
832 3998 959 4028 remansit
1009 4007 1037 4035 t,
1056 3999 1105 4028 vix
1123 3998 1201 4030 ausus
1219 3999 1313 4030 fuisset

252 4037 349 4075 aliquis
363 4048 463 4070 contra
476 4051 526 4071 eos
542 4040 656 4071 Veritati
669 4037 885 4069 Testimonium
901 4037 1058 4075 perhibere.

292 4077 311 4095 ²*
331 4075 368 4107 Et
390 4079 454 4115 quia
472 4078 562 4109 dic'tus
582 4077 817 4115 Archiepiscopus
829 4075 1029 4114 Negotiorum
1042 4075 1207 4106 nostrorum
1220 4074 1313 4106 Noti-

252 4115 323 4147 tiam
342 4115 440 4146 habuit
460 4116 616 4155 pleniorem
630 4140 642 4157 ,
666 4116 716 4148 sibi
734 4125 784 4155 per
796 4139 806 4154 ,
827 4114 965 4146 dilectum
984 4114 1020 4146 ὃς
1041 4112 1154 4147 fidelem
1165 4112 1314 4156 nostrum,

1352 3125 1483 3185 REX
1499 3149 1508 3163 ,
1534 3125 1660 3157 Dileetae
1682 3127 1731 3157 sibi
1756 3127 1924 3165 Margaretae
1936 3150 1945 3165 ,
1972 3137 2041 3165 quae
2057 3126 2110 3157 fuit
2130 3125 2218 3156 Uxor
2233 3125 2411 3158 Thomaede
2430 3135 2562 3167 Ans-„D⁴

1431 3166 1539 3195 Monte
1552 3164 1694 3196 Hermerii
1703 3189 1713 3204 ,
1731 3166 1863 3196 Salutem.
2449 3184 2537 3216 1-341«

1391 3204 1469 3243 Qiia
1484 3203 1692 3242 concessimus,
1709 3205 1815 3235 dilecto
1829 3205 1863 3235 «Sc
1878 3203 1951 3233 fideli
1966 3203 2081 3241 nostro,
2094 3202 2260 3233 willielmo
2272 3203 2308 3233 d'e
2317 3202 2412 3234 Mon·
2423 3218 2476 3242 An,
2496 3223 2540 3249 1-5·

1350 3250 1378 3273 te
1395 3243 1509 3279 Acuto,
1529 3241 1642 3273 Comiti
1655 3242 1755 3273 Sarum
1770 3267 1779 3281 ,
1797 3244 1830 3273 &
1845 3242 2011 3273 Marescallo
2032 3241 2144 3280 Angliae
2158 3265 2167 3279 ,
2186 3240 2314 3272 Centum
2328 3241 2413 3272 Mar-
2422 3257 2450 3280 E.
2470 3263 2496 3289 3,

1351 3291 1397 3311 cas
1416 3291 1469 3319 pro
1492 3280 1699 3312 Sustentatione
1721 3281 1888 3320 Mai-garena
1901 3303 1910 3317 ,
1936 3280 2013 3310 Filiae
2036 3281 2069 3311 &
2090 3279 2220 3310 l-laeredis
2232 3280 2358 3310 Thomae
2371 3280 2407 3310 de
2422 3291 2562 3328 Claufitst·

1351 3319 1459 3350 Monte
1482 3318 1628 3350 Hermerii
1649 3320 1776 3350 defundii
1791 3344 1800 3357 ,
1826 3321 1873 3357 qui
1888 3319 1923 3348 de
1945 3319 2026 3348 nobis
2045 3319 2135 3349 tenuit
2150 3319 2179 3348 in
2203 3317 2320 3356 Capite,
2337 3318 2409 3349 infra
2427 3335 2521 3366 534„
2534 3338 2559 3358 ι,

1351 3358 1482 3389 AEtatem
1500 3358 1534 3388 &
1557 3359 1585 3387 in
1606 3357 1745 3389 Custodia
1768 3358 1862 3388 nostra
1881 3357 2020 3387 existentis
2032 3380 2042 3395 ,
2060 3358 2093 3388 &
2108 3356 2200 3386 eidem
2213 3354 2342 3394 Comiti,
2361 3357 2410 3387 sub
2428 3379 2464 3397 m,
2487 3377 2534 3406 33·

1351 3396 1428 3428 certa
1447 3395 1560 3434 forma,
1578 3396 1702 3427 liberata:
1715 3421 1724 3434 ,
1743 3396 1932 3434 percipiendas
1947 3396 2056 3434 lingulis
2069 3395 2158 3425 Annis
2171 3394 2206 3424 us
2223 3404 2256 3424 ue
2271 3394 2410 3434 adlegiti-
2520 3401 2522 3403 ’

1352 3446 1430 3466 mam
1454 3434 1584 3465 AEtatem
1603 3434 1734 3465 Heredis
1758 3435 1902 3471 praedie'cae
1916 3457 1925 3472 ,
1951 3434 1969 3464 si
1990 3443 2074 3471 penes
2088 3433 2177 3470 ipsum
2220 3434 2345 3465 omitern
2356 3442 2407 3475 per

1351 3483 1463 3506 tantum
1480 3482 1591 3510 tempus
1607 3482 1765 3511 remaneat,
1783 3473 1819 3503 de
1834 3473 1885 3503 illis
1901 3472 2040 3503 Ducentis
2052 3473 2084 3502 ὃς
2101 3470 2138 3502 Vi
2160 3471 2209 3500 inti
2224 3470 2335 3509 Libris,
2343 3481 2411 3510 quas

1351 3524 1403 3544 vos
1423 3522 1476 3550 pro
1499 3509 1645 3541 Custodia
1662 3511 1862 3542 Maneriorutn
1883 3511 1919 3540 de
1934 3509 2084 3540 Eorlestok
2096 3511 2124 3539 in
2169 3510 2288 3539 omitatu
2303 3509 2411 3541 Wilte-

1352 3552 1414 3588 siae,
1433 3552 1466 3581 &1
1489 3550 1525 3580 de
1548 3549 1730 3580 Stokenham
1745 3551 1773 3579 in
1793 3549 1940 3580 Comitatu
1956 3548 2115 3586 Devoniae,
2133 3557 2201 3578 curn
2217 3548 2413 3587 pertinentiis,

1353 3600 1425 3628 quoe·
1437 3589 1549 3619 fuerunt
1571 3588 1693 3626 ejusdem
1708 3589 1834 3618 Thomz
1848 3612 1857 3626 ,
1885 3588 1919 3617 &
1934 3587 2010 3625 Qae
2030 3588 2139 3617 ratione
2162 3584 2288 3616 Minoris
2305 3585 2413 3619 AEtatis

1353 3627 1495 3667 praedietae
1515 3626 1646 3656 Haeredis
1664 3628 1692 3656 in
1714 3625 1804 3657 Manu
1822 3625 1919 3656 nostra
1932 3624 2070 3667 existunt,
2087 3624 2168 3655 vobis
2180 3633 2230 3668 per
2245 3623 2314 3654 Nos
2327 3635 2415 3656 com-

1352 3667 1432 3698 miffa
1446 3689 1455 3704 ,
1481 3665 1597 3695 reddere
1619 3666 1753 3695 tenemini
1766 3666 1926 3701 annuatim,
1946 3666 2030 3701 nique
2043 3662 2077 3693 ad
2093 3662 2268 3702 Legitimam
2280 3662 2413 3697 AEtatem

1353 3705 1476 3744 ejusdem
1490 3703 1637 3740 Haeredis,
1986 3740 1991 3745 ι
2008 3740 2013 3745 ’

1393 3744 1483 3774 Vobis
1505 3741 1668 3772 mandamus
1690 3741 1768 3778 quod
1789 3740 1881 3771 eidem
1903 3739 2015 3770 Comiti
2036 3739 2123 3770 dietas
2136 3737 2265 3770 Centum
2281 3739 2414 3780 Marcas,

1353 3783 1463 3822 singulis
1477 3781 1583 3818 Annis,
1601 3789 1654 3817 pro
1668 3778 1872 3809 Sustentatione
1888 3779 2029 3820 praeditstge
2043 3777 2194 3815 Haeredis,
2210 3787 2263 3815 pro
2280 3785 2413 3819 tempore

1353 3832 1412 3860 quo
1426 3819 1512 3858 ipsam
1526 3820 1554 3847 in
1570 3816 1712 3849 Custodia
1723 3818 1844 3856 ejusdem
1861 3816 1986 3847 Comitis
1998 3819 2035 3847 iic
2055 3817 2159 3846 morari
2173 3818 2340 3856 contigerit,
2357 3816 2412 3848 sol-

1353 3861 1440 3897 vatis,
1461 3860 1493 3889 δε
1511 3856 1579 3887 Nos
1594 3857 1692 3895 vobis,
1710 3857 1739 3885 in
1758 3856 1907 3886 Solutione
1925 3855 2066 3886 &starum
2087 3854 2285 3888 Ducentarum
2305 3856 2339 3888 ὃς
2360 3855 2415 3888 Vi*

1354 3899 1423 3967 ginti
1446 3897 1598 3965 Lifg'mmm
1611 3918 1621 3932 ,
1645 3894 1685 3925 ad
1695 3894 1873 3929 Scaecarium
1893 3893 2022 3924 nostrum
2031 3916 2045 3932 ²
2058 3893 2184 3926 debitam
2199 3893 2413 3928 Allocationem

1376 3937 1456 3966 abere
1499 3935 1615 3964 ciemus.

1389 3973 1479 4010 Teste
1492 3972 1576 4012 Rege
1587 3969 1663 4014 apud
1678 3970 1824 4012 [angelea
1839 3971 1958 4004 decimo
1972 3971 2072 4010 quinto
2086 3969 2132 4003 die
2147 3969 2255 4003 Martii-

105 4088 125 4107 *
134 4085 236 4123 V.23S.
2041 4048 2097 4082 ‘Per
2109 4047 2190 4092 ipsum
2202 4048 2306 4087 Regem.
