2562 4279
601 127 1848 183 CONVENTIONES‚-L1TERAE,

1269 216 1362 247 ediens
1384 215 1493 256 fuisstet,
1507 225 1539 248 ut
1559 215 1594 246 ea
1614 215 1763 246 occasione
1779 214 1938 246 observatus
1958 213 2052 248 fuisset
2068 215 2161 250 dietus
2173 217 2250 259 dies,
2267 218 2302 252 &
2322 211 2448 248 Ann.D.

1283 256 1401 286 radiatus
1413 256 1522 286 habitus
1537 264 1589 293 pro
1603 254 1804 285 reformatione
1817 253 2036 291 praemifforum.
2343 253 2428 291 1326.

1287 293 1379 325 Unde
1397 293 1495 326 vestrae
1517 292 1678 323 Prudentiae
1699 291 1885 331 fignificamus
1899 291 1980 330 quod
2016 302 2045 323 er
2057 292 2126 324 Nos
2139 304 2201 325 non
2214 295 2305 336 stetit,
2323 294 2390 324 Edv.
2408 301 2435 319 3-

1250 333 1318 371 quin
1340 343 1387 371 ea,
1405 342 1470 371 quae
1490 331 1529 362 fic
1547 331 1690 362 Condi&a
1709 332 1836 374 fuerant,
1854 331 1969 361 fuiffent
2002 331 2078 362 ebite
2090 332 2256 372 adimpleta,
2271 336 2305 366 ὃς

1250 370 1331 408 quod
1366 373 1432 401 arati
1447 371 1558 408 sumus,
1575 371 1608 400 &
1623 370 1729 407 semper
1746 378 1849 399 erimus
1862 369 1964 407 vobis,
1983 378 2016 400 ac
2031 371 2136 401 caeteris
2156 371 2288 403 omnibus

1249 410 1286 438 de
1298 381 1400 439 nolitis
1413 409 1535 439 Subditis
1549 407 1804 446 conquerentibus,
1822 417 1872 447 per
1890 408 1967 451 viam
1985 407 2121 447 Justitiae,
2137 410 2184 440 seu
2200 397 2305 441 amica³

1249 446 1312 477 bilis
1326 446 1520 491 Concordiae,
1537 448 1567 477 in
1581 447 1713 478 omnibus
1727 445 1821 477 facere
1833 445 1910 483 quod
1920 444 2029 484 justum
2044 446 2128 478 fuerit
2147 448 2182 479 ὃς
2203 448 2306 479 conso·-

1249 495 1320 515 ssum
1333 494 1441 516 l‘athssl.

1287 523 1354 554 Dat.
1368 524 1441 562 apud
1453 524 1637 563 Norwycum
1647 548 1656 562 ,
1675 522 1811 556 vicesimo
1824 521 1949 554 secundo
1962 521 2010 554 die
2023 522 2154 563 Januarii.

158 160 175 187 1
186 158 233 199 50

10 232 87 264 Ἀτ-ιη.
97 229 138 262 D.
193 228 230 260 Et
244 237 296 259 nos
308 227 344 258 de
359 223 522 256 nominibus
542 221 674 259 illorum,
692 231 779 261 quos,
796 220 935 260 praemissa
956 221 1123 259 occafione,
1142 228 1205 250 are-

28 270 112 308 1326.
154 266 219 298 stari
231 266 395 303 contigerit,
413 265 446 294 &
459 261 543 293 caufis
558 260 758 291 arestationum
778 260 954 299 hujusmodi,
970 260 1007 291 de
1024 269 1153 297 tempore
1174 259 1203 288 in

6 312 74 338 lav.
94 319 122 337 2.
154 315 279 343 tempus,
297 314 346 341 per
361 301 463 334 vestras
477 300 601 338 Literas,
619 298 790 330 certificetis:
809 301 843 331 &
863 299 970 329 Literas
989 297 1203 337 praejudiciales,

154 345 189 374 &
211 343 358 380 suspectas,
377 337 534 377 hujusmodi
554 336 588 367 ad
608 347 662 368 nos
682 338 796 369 mittatis
819 347 886 369 cum
906 336 1063 376 celeritate,
1080 335 1136 375 qua
1150 345 1204 378 po-

141 382 255 417 teritis,
273 389 303 410 ut
316 378 382 409 inde
395 376 454 407 fieri
465 376 598 407 faciamus
613 375 691 414 quod
705 375 741 407 de
754 375 890 407 Concilio
905 375 1005 406 nostro
1020 376 1081 406 fore
1103 374 1204 407 viden-

153 429 215 449 mus
230 417 399 448 faciendum.

193 455 334 486 Volumus
346 463 457 491 autem,
475 453 510 484 &
524 452 698 483 Vicecomiti
712 451 812 483 nostro
827 451 990 483 Comitatus
1010 451 1152 492 praedicti,
1169 460 1202 481 ac

155 495 288 525 omnibus
309 493 418 524 Ballivis
438 494 473 523 &
493 491 622 521 fidelibus
634 491 751 529 nostris,
769 491 848 528 super
862 489 1012 521 Costeram
1027 490 1205 529 praedictam,

155 533 272 571 damus,
292 539 390 562 tenore
404 530 596 568 praesentium,
614 530 646 559 in
661 530 814 567 mandatis,
832 529 913 568 quod
928 530 1025 567 vobis,
1042 529 1075 560 &
1091 528 1205 559 cuilibet

154 570 300 608 vestrum,
315 571 343 600 in
359 568 520 607 praemiffis,
536 567 710 598 intendentes
723 568 792 605 sint,
811 568 845 599 &
865 568 1037 606 auxiliantes,
1057 567 1206 605 quotiens,

153 610 189 639 ὃ(
202 609 314 647 quando
326 617 375 646 per
387 618 455 645 vos,
473 607 521 638 vel
534 607 657 645 aliquem
672 605 817 644 vestrum,
835 605 915 644 super
927 607 984 637 hoc
993 629 1003 645 ,
1021 614 1054 636 ex
1068 613 1144 643 parte
1151 613 1204 634 no—

153 647 226 685 stra,
244 647 345 678 fuerint
359 646 530 684 praemuniti.

191 685 228 716 Et
241 684 320 723 quod
335 684 412 714 idem
424 684 596 715 Vicecomes
608 684 705 715 omnia
719 692 857 721 corpora,
875 692 924 720 per
937 692 1005 719 vos,
1023 681 1067 711 vel
1076 681 1204 724 *aliquem

151 723 295 761 vestrum,
313 722 454 763 praemissa
466 723 632 761 occasione,
649 721 780 758 arestata,
798 722 814 750 a
831 722 930 756 vobis,
950 722 982 751 ὃς
1004 719 1133 762 quolibet
1155 729 1205 749 ve-

151 761 258 799 strum,
277 762 408 799 recipiat,
426 761 460 792 &
474 771 506 791 ea
518 762 548 791 in
562 761 677 792 Prisona
690 759 786 791 nostra
798 759 873 791 salvo
889 757 1022 790 custodiri
1036 757 1135 795 faciat,
1151 756 1205 787 do-

151 809 204 830 nec
218 799 291 830 aliud
306 799 372 830 inde
387 801 608 838 praeceperimus.

186 837 218 869 In
234 839 329 877 cujus,
347 839 407 869 &o

223 876 313 908 Teste
327 876 413 915 Rege
426 876 498 915 apud
513 876 624 915 Haule,
642 877 724 907 tertio
739 875 784 906 die
795 874 925 913 Januarii.

1274 660 1301 688 *ἒ
1327 662 1384 697 Ad
1398 660 1646 711 Burgimagistros
1661 664 1822 712 Brugenfts
1839 664 1875 698 de
1884 665 2066 712 Suff'erentia
2077 667 2278 715 proroganda.
2325 679 2341 696 ⁸*
2359 681 2412 708 1v.

2331 717 2364 744 18
2385 740 2393 747 .

1251 746 1302 802 R
1319 748 1343 778 E
1353 747 1384 778 X
1397 771 1406 787 ,
1425 748 1532 779 dilectis
1552 748 1625 793 sibi,
1642 749 1861 790 Burgimagistris
1874 774 1885 790 ,
1902 750 2046 789 Scabinis,
2065 749 2254 792 Consulibus,
2270 754 2304 786 &
2325 718 2454 788 A118n.D.

1303 800 1307 802 ·
1329 795 1382 817 tori
1399 786 1608 818 Commumtati
1621 788 1657 819 de
1670 788 1776 826 Bruges
1797 789 1826 818 in
1841 788 1986 828 Flandria,
2004 789 2138 821 Salutem.
2345 796 2432 834 1326.

1272 822 1374 867 ‘Super
1395 836 1447 864 eo,
1468 825 1546 863 quod
1567 827 1649 856 nobis
1671 836 1720 870 per
1733 826 1835 857 vestras
1846 827 1947 859 litteras
1960 827 2122 867 intimastis,
2161 829 2256 861 ualiter
2267 830 2302 861 ad
2320 837 2372 861 An.
2392 843 2437 868 ¹9-

1248 862 1342 901 diem,
1360 863 1493 894 statutum
1510 873 1563 901 pro
1578 864 1780 895 reformatione
1793 864 1984 905 Concordiae,
2002 867 2074 897 inter
2094 838 2204 899 nogros
2227 868 2301 900 Sub-
2318 875 2348 899 Ε.
2370 882 2398 903 2.

1248 901 1339 939 ditos,
1358 902 1392 932 &
1406 901 1566 940 Homines,
1584 903 1617 933 &
1632 901 1808 933 Mercatores
1820 912 1900 935 terrae
1919 905 2074 944 Flandriae,
2091 905 2169 944 super
2188 906 2302 946 Damp-
2320 909 2407 948 Claus.

1249 941 1291 969 nis
1306 941 1339 970 &
1355 940 1478 978 Injuriis,
1496 941 1564 970 hinc
1580 940 1645 971 inde
1656 941 1743 979 datis,
1761 941 1908 981 videlicet,
1922 943 1957 973 ad
1971 943 2087 974 Festum
2099 944 2195 976 Sanffi
2209 945 2303 976 Hilla-
2326 957 2367 984 ¹9-
2384 953 2414 976 Ξ.
2430 959 2457 978 2.

1249 979 1281 1007 rii
1296 980 1429 1016 proximo
1446 979 1735 1017 praeteritum‚certos
1748 978 1887 1010 Nuncios
1898 990 1967 1012 cum
1981 981 2123 1014 Potestate
2137 983 2305 1023 sufficienti,
2327 996 2364 1016 m.
2382 988 2457 1024 ητα.

1250 1025 1336 1055 prout
1358 1017 1526 1048 condictum
1546 1017 1633 1047 fuerat
1647 1041 1658 1054 ,
1681 1016 1867 1048 transmittere
1886 1019 2041 1050 nullatenus
2062 1021 2191 1059 potuistis
2205 1045 2215 1062 ,
2240 1023 2306 1054 tum

1251 1064 1368 1093 propter
1381 1056 1531 1086 absentiam
1547 1055 1671 1086 Domini
1685 1055 1771 1086 vestri
1794 1054 1916 1087 Comitis
1935 1057 2088 1098 Flandriae,
2106 1060 2169 1091 tum
2189 1070 2306 1100 propter

1251 1093 1409 1124 intestinam
1424 1093 1625 1132 Discordiam,
1644 1094 1715 1124 inter
1728 1094 1791 1125 Vos
1805 1094 1839 1124 &
1861 1094 1967 1126 Villam
1988 1095 2025 1127 de
2044 1096 2186 1131 Gandavo
2206 1101 2307 1131 exhor-

1251 1139 1327 1171 tam,
1345 1133 1525 1172 supplicando
1540 1140 1570 1164 ut
1582 1142 1634 1162 vos
1649 1132 1729 1173 super
1742 1132 1800 1163 hoc
1814 1133 1917 1164 habere
1938 1133 2057 1165 velimus
2078 1137 2219 1169 excusatos
2233 1163 2243 1177 ,
2270 1140 2306 1170 &

1250 1172 1337 1202 alium
1358 1172 1433 1202 diem
1448 1196 1458 1210 ,
1490 1182 1545 1211 pro
1564 1170 1702 1202 Tractatu
1723 1170 1881 1210 hujusmodi
1902 1172 2027 1203 ineundo
2041 1197 2051 1211 ,
2081 1173 2239 1216 affignare;
2271 1177 2307 1208 ad

1251 1220 1356 1248 quem,
1372 1210 1530 1249 hujusmodi
1542 1209 1755 1248 Impedimentis
1770 1210 1954 1247 ceffimtibus,
1972 1219 2065 1242 certos
2079 1211 2307 1254 Nuncios,cum

1251 1247 1395 1280 Potestate
1407 1249 1545 1289 plenaria,
1561 1249 1746 1286 procurabitis
1759 1248 1851 1279 modis
1865 1250 1999 1280 omnibus
2012 1249 2151 1282 destinari.

1290 1286 1398 1317 Vestrae
1420 1288 1579 1319 Dileffioni
1601 1288 1731 1318 volumus
1751 1296 1854 1319 notum
1869 1287 1946 1327 fore,
1964 1288 2045 1327 quod
2059 1288 2129 1319 Nos
2142 1289 2304 1323 Excuiatio-

601 955 655 983 Per
668 951 748 991 ipsum
764 954 874 989 Regem,
892 948 930 985 όν
946 948 1099 979 Concilium.

203 1080 263 1115 Ad
284 1083 420 1127 Papam,
455 1078 491 1113 de
514 1092 571 1112 non
599 1076 776 1111 concedendo
799 1076 1053 1123 Dispenfiitionem
1077 1076 1153 1119 Rege

585 1131 667 1159 incon
682 1126 754 1158 ulto.

0 1212 74 1243 Ann-
87 1211 127 1243 D·
147 1214 295 1276 PAPAE
315 1214 382 1245 Rex
394 1212 498 1245 devota
509 1210 728 1257 Pedumboscula
739 1212 898 1242 beatorum.
962 1250 967 1255 ι
1097 1247 1101 1253 ¹

18 1252 102 1290 1326-
232 1251 387 1284 Crescente
400 1254 553 1284 hominum
566 1251 686 1288 malitia,
702 1250 734 1280 &
750 1250 827 1279 mole
841 1258 1039 1287 peccaminum
1059 1256 1103 1278 exi
1123 1254 1203 1284 ente,

0 1294 48 1318 An.
73 1301 114 1325 ¹9·
150 1292 276 1330 undique
290 1291 362 1335 mala
373 1291 533 1333 prosiliunt,
572 1288 664 1318 ullulat
684 1288 767 1327 Seges
782 1287 949 1325 Zizanniae,
967 1297 1000 1318 ac
1023 1286 1096 1317 Scan
1118 1285 1158 1315 ala
1170 1295 1204 1315 o-

0 1333 27 1356 Ε.
49 1339 73 1357 2.
150 1332 271 1367 fiuntur,
290 1338 407 1361 vertitur
419 1329 499 1359 Fides
513 1330 542 1358 in
583 1326 723 1364 erfidiam,
740 1327 791 1364 δε,
807 1335 841 1356 ex
855 1326 970 1356 Amoris
992 1324 1146 1362 desiderio,
1165 1324 1205 1353 la-
1250 1335 1299 1356 nes
1312 1326 1415 1356 vestras
1430 1326 1574 1364 praedictas
1588 1324 1754 1357 sufficientes
1766 1327 1799 1357 &
1810 1326 1895 1365 justas
1907 1328 2306 1368 reputamus,&vos‚quoad

0 1371 68 1394 Rom.
87 1376 128 1401 19,
151 1378 212 1399 tens
227 1368 328 1399 odium
343 1368 431 1398 Arma
443 1368 533 1397 sumit.
1101 1401 1106 1406 ι
1250 1373 1310 1394 non
1325 1364 1495 1395 Miffionem
1510 1365 1651 1394 dierorum
1667 1365 1873 1403 Nunciorum,
1889 1366 1922 1396 ad
1943 1366 2051 1397 dietum
2073 1366 2167 1404 diem,
2180 1376 2309 1399 tenemus

0 1409 27 1432 E.
49 1415 74 1433 2·
93 1415 129 1433 m·
189 1407 282 1438 Ecce!
303 1408 378 1437 enirn
395 1429 404 1444 ,
420 1405 502 1435 Pater
524 1403 674 1435 reverende
686 1427 695 1440 ‚
713 1411 744 1433 ut
764 1403 854 1434 vestra
874 1403 948 1433 bene
967 1403 1048 1433 novit
1069 1399 1204 1431 Circum·
1250 1403 1411 1441 excusatos,
1429 1413 1461 1439 ac
1475 1403 1553 1433 diem
1567 1403 1742 1433 Ascenfionis
1757 1403 1923 1435 Dominicae
1937 1406 2074 1442 proximo
2091 1405 2235 1444 futurum,
2253 1416 2308 1444 pro

1250 1440 1409 1477 hujusmodi
1421 1442 1559 1473 Tractatu
1572 1441 1754 1480 inchoando,
1772 1442 1823 1480 &,
1840 1452 1890 1481 per
1903 1442 1963 1474 Dei
1975 1444 2109 1483 gratiam,
2126 1444 2310 1482 perducendo

1250 1479 1368 1511 feliciter
1382 1479 1416 1511 ad
1431 1479 1583 1518 effectum,
1601 1480 1733 1511 duximus
1746 1479 1933 1512 statuendum.

1288 1518 1325 1549 Et
1349 1520 1412 1556 quia
1436 1528 1546 1557 ternpus
1567 1518 1763 1558 Sufferentiae,
1781 1518 1843 1549 alias
1864 1520 1936 1551 inter
1954 1519 2024 1552 Nos
2037 1521 2071 1553 &
2089 1520 2154 1552 Vos
2165 1523 2258 1560 initae,
2277 1523 2308 1554 in

1250 1556 1335 1587 Festo
1356 1557 1471 1588 Paschae
1490 1559 1624 1596 proximo
1647 1557 1742 1588 futuro
1765 1557 1874 1588 finietur
1890 1582 1899 1597 ,
1924 1557 2015 1597 Nos,
2044 1559 2086 1590 ob
2106 1560 2310 1600 affectionem,

1249 1604 1335 1633 quam
1359 1595 1392 1626 ad
1413 1607 1466 1627 vos
1488 1597 1632 1634 praecipue
1653 1597 1794 1635 gerimus,
1813 1596 1847 1627 &
1867 1598 1908 1627 ob
1929 1597 2112 1636 desiderium,
2131 1599 2210 1637 quod
2221 1599 2308 1630 habe-

1249 1643 1312 1665 mus
1326 1642 1356 1665 ut
1371 1644 1469 1665 mutua
1483 1634 1649 1665 Concordia
1661 1637 1693 1666 ὃς
1709 1634 1894 1665 Communio
1909 1636 1977 1667 hinc
1989 1636 2055 1666 inde
2069 1636 2202 1668 habeatur
2212 1661 2221 1676 ,
2233 1646 2309 1668 tem-

0 1452 24 1480 3·
150 1444 273 1483 spectio,
291 1455 344 1483 pro
356 1445 558 1474 reformatione
570 1441 650 1472 Pacis
663 1442 696 1472 &
711 1441 887 1472 Concordiae
907 1442 995 1479 inter,
1013 1439 1204 1482 Magnificum

151 1483 331 1521 Principem,
349 1482 379 1512 R
415 1492 462 1512 em
475 1481 617 1519 Franciae,
637 1479 761 1510 Fratrem
785 1480 931 1518 nostrum,
949 1481 982 1511 ὃ(
1003 1478 1087 1515 Nos,
1107 1477 1204 1508 vestris

150 1491 517 1560 optemperantesefidonitis
532 1542 541 1557 ,
564 1529 597 1549 ac
619 1518 808 1548 Nunciorum
830 1518 992 1550 vestrorum
1015 1518 1099 1555 (quos
1117 1516 1150 1546 ea
1169 1515 1204 1545 de

148 1558 230 1591 causa
242 1560 276 1590 ad
290 1569 377 1597 partes
391 1558 504 1596 Angliae
519 1559 552 1589 &
567 1557 694 1587 Francice
707 1555 872 1593 destinastis)
890 1555 1016 1586 Consilia
1033 1555 1204 1593 prosequen-

148 1607 202 1633 tes,
220 1600 314 1636 primo
329 1597 501 1628 Consortem
516 1595 658 1632 nostram,
675 1605 708 1625 ac
729 1594 848 1624 demum
869 1594 1056 1632 Edwardum,
1078 1593 1166 1623 filium
1186 1594 1201 1610 *¹*

146 1637 274 1667 nostrum
296 1636 524 1675 Primogenitum
541 1657 550 1672 ,
574 1634 608 1663 ad
625 1633 713 1664 dietas
733 1641 823 1677 partes
842 1632 967 1663 Franciae
986 1632 1202 1669 transmifimu53

0 1593 12 1610 ²
30 1595 80 1623 IV.

1 1631 62 1667 187.

144 1675 281 1713 sperantes
296 1699 305 1713 ‚
335 1684 384 1712 per
404 1683 505 1704 eorum
527 1672 699 1710 praesentiam
714 1694 724 1709 ,
750 1679 822 1701 mter
845 1671 968 1702 Fratrem
991 1670 1144 1708 nostrum,
1168 1671 1202 1701 ὃς

146 1713 215 1744 Nos
229 1714 309 1751 (ficut
324 1714 357 1743 δε
373 1712 454 1743 nob1s
469 1709 694 1741 certitudinaliter
708 1708 877 1747 promissum
891 1709 990 1746 fuerat)
1009 1709 1088 1739 Pacis
1102 1710 1136 1739 &
1161 1708 1203 1738 A-

145 1753 262 1782 micitiae
283 1750 405 1781 Foedera
422 1750 526 1780 debere
546 1749 712 1787 integraliter
731 1748 896 1786 reformari,
917 1749 972 1784 set,
989 1747 1023 1777 ad
1043 1756 1131 1785 quem
1154 1756 1203 1777 ex-

144 1791 216 1858 itam
231 1789 285 1828 ipsa
298 1790 409 1828 negotia
422 1788 483 1819 sunt
496 1786 741 1825 deducta-,vestrae
756 1785 966 1817 Mansuetudini
977 1786 1134 1823 scripiimus
1141 1795 1201 1816 non

144 1838 162 1859 e
199 1829 255 1859 diu.

181 1866 292 1898 Verum
306 1867 368 1904 quia
381 1868 440 1897 tam
454 1865 528 1896 dieta
549 1863 677 1895 Consors
698 1864 810 1902 nostra,
829 1866 917 1903 quam
937 1863 1029 1895 dietus
1049 1863 1133 1894 Filius
1148 1872 1202 1892 no-

144 1905 199 1936 ster
211 1929 221 1944 ,
240 1913 400 1935 exterorum
415 1904 536 1935 consiliis
552 1902 643 1941 (quod
653 1902 830 1941 displicenter
842 1904 998 1939 referimus)
1013 1903 1071 1940 jam
1095 1910 1199 1944 regun-

143 1952 204 1974 tur:
224 1945 257 1975 ὃς
271 1942 395 1973 Nobiles
411 1944 444 1974 ὃς
462 1941 612 1978 1113811346
629 1942 714 1979 (quos
729 1943 854 1979 ipsorum
870 1941 1022 1979 obsequiis
1044 1941 1078 1971 &
1098 1939 1201 1969 Conli-

141 1982 184 2011 liis
196 1981 434 2019 deputaveramus)
448 1980 587 2010 licenciati
601 1980 637 2010 ab
651 1981 707 2017 eis,
724 1980 758 2010 ad
774 1979 840 2010 Nos
854 1981 885 2009 in
896 1979 1029 2019 Angliam
1045 1977 1199 2016 redierunt,

141 2020 279 2057 nobisque
290 2019 371 2050 datur
385 2019 497 2057 intelligi
512 2017 592 2056 quod
606 2018 691 2055 aliqui
705 2017 816 2047 dietum
832 2017 936 2048 Filium
957 2016 1106 2053 nostrum,
1124 2026 1197 2046 con-

140 2066 181 2089 tra
197 2058 325 2088 nostrum
337 2057 475 2087 assensum
489 2057 522 2088 &
538 2056 715 2088 voluntatem
724 2080 735 2094 ,
753 2057 880 2087 maritare
893 2064 1074 2096 proponunt,
1092 2054 1195 2093 dequo

139 2097 302 2135 turbamur,
320 2106 374 2127 nec
388 2096 552 2133 immerito,
568 2096 602 2126 δε
615 2104 784 2134 movemur,

179 2134 289 2165 Vestrae
310 2133 473 2165 Beatitudini
497 2133 543 2171 (ad
564 2143 650 2172 quarn
665 2156 676 2172 ,
700 2133 776 2164 velut
795 2133 830 2165 ad
853 2133 987 2173 singulare
1007 2133 1167 2171 Refugium
1182 2158 1192 2172 ‚

1248 1682 1300 1710 pus
1313 1673 1492 1704 Sufferentiae
1506 1674 1648 1711 praedi&ae
1663 1673 1839 1710 (dumtamen
1854 1674 1888 1704 ad
1902 1674 1960 1704 hoc
1975 1685 2028 1705 vos
2042 1675 2075 1706 &
2092 1677 2186 1706 caeteri
2200 1675 2309 1706 Homi-

1250 1721 1298 1741 nes
1316 1711 1352 1742 de
1367 1712 1492 1742 Flandria
1505 1712 1678 1750 praebueritis
1693 1711 1842 1748 assensum)
1858 1722 1908 1750 per
1922 1712 2027 1743 Unum
2042 1713 2177 1752 Annum,
2196 1715 2213 1745 ὲ
2227 1715 2308 1746 dieto

1250 1750 1334 1780 Festo
1347 1750 1459 1781 Paschae
1474 1750 1698 1788 numerandum,
1718 1752 1951 1789 prorogavimus,
1970 1752 2004 1782 &
2025 1751 2144 1783 eandem
2162 1752 2309 1784 Sufferen-

1248 1789 1336 1825 tiam,
1354 1789 1374 1818 si
1387 1799 1450 1819 eam
1465 1788 1631 1826 proclamari
1644 1789 1763 1819 feceritis
1778 1797 1812 1818 ex
1825 1797 1901 1826 parte
1925 1789 2033 1827 vestra,
2051 1800 2119 1820 curn
2139 1792 2222 1821 nobis
2241 1791 2309 1822 inde

1246 1826 1425 1895 {onstiteriss
1443 1827 1628 1866 proclamari,
1645 1828 1679 1858 &
1700 1827 1810 1865 teneri,
1830 1837 1879 1865 per
1897 1835 1992 1859 toturn
2014 1828 2152 1868 Regnum
2175 1829 2306 1861 nostrum

1274 1875 1388 1896 cremus.

1285 1903 1352 1934 Dat.
1367 1904 1440 1942 apud
1456 1903 1657 1943 Norwycum,
1673 1903 1811 1936 vicesimo
1825 1905 1907 1936 tertio
1921 1904 1968 1936 die
1976 1905 2108 1944 Januarli.

1276 2050 1325 2081 Dc
1335 2047 1540 2095 proficiscendo
1558 2059 1660 2081 contra
1676 2049 1869 2095 Alienigenas
1882 2073 1892 2091 ‚
1918 2050 1949 2080 in
1972 2049 2127 2081 comitiva
2142 2045 2271 2092 IfhbelLae

1486 2101 1617 2144 Reginis,
1642 2097 1728 2142 infra
1745 2100 1880 2144 Regnum
1898 2099 2055 2130 venientes.

140 2174 248 2211 semper
269 2172 446 2209 recurrimus)
468 2171 653 2210 supplicamus
675 2171 827 2202 affectione
842 2195 852 2211 ,
868 2173 924 2211 qua
946 2171 1092 2210 possumus
1105 2196 1114 2211 ,
1133 2183 1195 2202 am-

139 2212 223 2250 pliori
238 2236 247 2251 ,
265 2212 394 2250 quatinus
409 2234 418 2249 ,
436 2210 456 2240 si
477 2221 530 2248 pro
553 2209 767 2248 Dispensatione
786 2210 879 2248 aliqua
900 2210 1075 2249 impetranda
1088 2233 1096 2248 ,
1115 2209 1195 2249 super

139 2249 354 2289 Conjunctione
369 2249 569 2281 matrimoniali
583 2249 664 2287 ipsius
676 2249 737 2279 Filii
750 2249 858 2287 nostri,
874 2259 943 2280 cum
957 2249 1048 2288 aliqua
1062 2248 1098 2279 de
1112 2249 1195 2279 Con-

140 2288 325 2326 sanguinitate
340 2288 403 2326 suci,
421 2298 471 2326 per
483 2287 802 2326 quoscumque,vestrae
816 2287 961 2319 Sanctitati
975 2288 1124 2326 contigerit
1130 2287 1192 2325 sup-

139 2327 236 2365 plicari
252 2349 262 2364 ,
284 2337 346 2357 eam
365 2326 474 2364 prorsus
494 2326 630 2364 denegare
649 2326 830 2364 dignemini,
862 2327 1008 2364 quousque
1030 2336 1084 2356 nos
1102 2326 1193 2363 hujus—

141 2365 221 2396 modi
241 2365 425 2403 Copulationi
446 2363 583 2394 assensum
606 2365 823 2401 praebuerimus,
842 2364 876 2395 &
899 2365 979 2395 vobis
1002 2364 1068 2394 inde
1087 2365 1192 2394 miseri-

143 2412 206 2433 mus
226 2413 322 2441 preces
343 2402 473 2440 nostras3
505 2401 657 2439 praesertim
676 2403 746 2432 cum
766 2412 820 2432 nec
837 2402 899 2440 Juri
917 2412 971 2432 nec
991 2402 1107 2433 Rationi
1122 2413 1192 2433 con-

141 2442 234 2473 veniat
247 2441 342 2478 quod,
359 2441 461 2478 absque
474 2439 567 2469 nostra
581 2440 724 2471 voluntate
739 2441 771 2470 δε
787 2440 910 2478 assensu,
927 2442 1008 2471 alicui
1023 2442 1174 2472 maritetur.

1242 2183 1322 2245 LE
1343 2182 1412 2226 Roy
1424 2194 1459 2215 au
1473 2183 1610 2215 Visconte
1624 2184 1659 2214 de
1673 2183 1929 2222 Northamptone,
1948 2183 2053 2215 Salutz.
2319 2178 2397 2210 Ann-
2406 2182 2451 2215 D:

1335 2222 1450 2262 Come,
1468 2223 1632 2263 n'adgaires‚
1651 2233 1699 2260 per
1713 2222 1800 2253 assent
1816 2224 1849 2253 &
1863 2222 1974 2261 request
1993 2222 2041 2253 des
2058 2221 2199 2261 Prelates,
2216 2220 2300 2254 Con*-
2317 2234 2319 2237 ⁴
2336 2221 2431 2260 1326-

1241 2271 1296 2301 teS,
1316 2263 1349 2293 ὃς
1365 2263 1485 2299 Barons,
1504 2264 1537 2293 ὃ(
1551 2262 1630 2292 altres
1647 2261 1759 2292 Grann
1772 2260 1808 2291 de
1822 2260 1918 2291 nostre
1933 2260 2232 2300 Roialme,euffeoms
2245 2271 2296 2292 en·
2319 2261 2370 2286 14⁷¹·
2385 2269 2430 2295 ¹9·

1240 2310 1312 2332 veez
1333 2301 1361 2331 la
1380 2301 1482 2338 Reyne
1499 2311 1526 2330 as
1548 2301 1646 2337 parties
1665 2299 1701 2329 de
1714 2299 1838 2337 France,
1857 2309 1909 2337 pur
1923 2299 2044 2338 appaiser
2057 2300 2090 2330 as
2105 2310 2156 2330 uns
2168 2299 2295 2338 debares,
2315 2300 2342 2324 E.
2364 2306 2392 2325 2·

1240 2339 1360 2378 lesquelz
1373 2340 1398 2370 le
1414 2339 1482 2378 Roy
1497 2339 1533 2368 de
1548 2338 1571 2367 F
1573 2348 1654 2368 rance
1666 2339 1743 2368 avoit
1757 2348 1824 2368 meu
1837 2337 1935 2369 devers
1951 2348 2023 2369 nous
2037 2338 2081 2369 sur
2103 2348 2117 2368 a
2131 2338 2297 2369 Ducheede
2314 2334 2402 2372 Claxs.

1240 2378 1382 2417 Guyenn,
1401 2388 1449 2416 par
1465 2377 1524 2408 seur
1538 2377 1570 2407 δε
1585 2376 1646 2407 sauf
1655 2375 1784 2408 Conduit
1798 2376 1836 2408 du
1851 2376 1892 2407 dit
1907 2376 1967 2407 Roi
1977 2376 2013 2407 de
2026 2375 2192 2415 France,de
2206 2375 2296 2415 yaler,
2320 2379 2401 2407 ¹9-E.
2415 2379 2446 2407 22

1240 2416 1390 2454 demorer,
1408 2418 1440 2448 ἃ
1455 2416 1579 2446 revenit:
2317 2421 2353 2439 m.
2373 2423 2416 2451 ¹4·

1276 2454 1314 2486 Et
1333 2456 1393 2492 puis
1416 2465 1506 2495 apres,
1526 2463 1574 2492 par
1594 2453 1698 2492 assent,
1716 2455 1750 2485 ὃς
1772 2463 1820 2494 par
1841 2453 1867 2484 le
1886 2453 1987 2485 consail
2004 2453 2030 2484 la
2050 2452 2108 2483 dite
2119 2450 2238 2492 Reyne,
2255 2453 2294 2484 les
2310 2450 2374 2486 dors·

0 3128 69 3158 Arm.
86 3126 124 3157 D.

15 3165 100 3204 1326.

0 3209 45 3232 dn.
66 3213 108 3238 ¹9·

0 3247 24 3270 Ε.
46 3253 72 3269 2.

0 3281 84 3316 Claus.

0 3328 43 3351 ¹9·
59 3321 88 3345 Ε.
103 3326 128 3343 2.

0 3364 87 3391 m.15.
101 3356 127 3383 d.

176 2478 326 2510 Caeterum
340 2503 350 2517 ,
368 2478 452 2509 Pater
474 2478 577 2508 Sanc‘ie
590 2502 599 2515 ,
618 2479 686 2508 cum
708 2478 808 2516 pluries
829 2479 912 2509 diistae
934 2479 1068 2510 Consorti
1088 2479 1193 2509 nostrae

141 2517 385 2554 mandaverimuS,
400 2525 431 2546 ut
451 2516 485 2546 ad
505 2515 573 2546 Nos
593 2517 694 2547 rediret
713 2518 742 2546 in
764 2517 897 2554 Angliam
920 2518 1015 2555 (prout
1034 2518 1098 2548 alias
1111 2519 1193 2549 vobis

142 2557 324 2586 meminimus
337 2566 387 2586 nos
399 2553 543 2591 scripsiffe)
559 2564 612 2585 nec
626 2554 679 2592 ipsa
686 2555 828 2593 hucusque
835 2556 929 2586 venire
936 2557 1071 2586 curaverit
1081 2558 1193 2594 (quam-

140 2604 228 2633 quam
248 2593 336 2624 Causa
356 2603 417 2624 non
439 2593 570 2623 subfuerit
583 2616 592 2631 ,
612 2593 691 2623 Deus
713 2595 818 2632 novit,
837 2604 890 2624 nec
913 2594 1040 2625 Mundus
1059 2596 1168 2633 ignorat
1183 2619 1193 2633 ,

140 2643 227 2670 quare
240 2633 266 2662 se
281 2633 296 2663 ὲ
312 2633 394 2663 nobis
406 2631 520 2662 deberet
535 2631 706 2669 subtrahere,
723 2641 769 2662 aut
786 2632 915 2662 nostrum
937 2632 1120 2663 Consortium
1141 2633 1193 2663 de-

138 2671 254 2708 clinare)
270 2671 375 2709 placeat
388 2670 545 2708 quaesumus
565 2670 664 2700 vestrae
686 2669 909 2707 Mansuetudini,
924 2671 998 2708 juxta
1019 2670 1119 2701 Officii
1143 2681 1194 2702 ve-

141 2709 189 2738 stri
204 2709 332 2740 debitum
342 2733 351 2747 ,
369 2709 421 2740 tale
434 2709 467 2739 &
483 2709 541 2738 tam
555 2707 661 2738 salubre
674 2708 851 2738 Remedium
868 2718 1009 2746 apponere
1022 2710 1050 2738 in
1063 2709 1116 2740 hac
1130 2719 1193 2746 par-

141 2756 186 2784 te,
203 2747 281 2786 quod
296 2749 431 2778 auferatur
447 2746 578 2783 Exempli
591 2747 743 2785 pernicies,
760 2747 793 2778 &
805 2745 923 2778 Paterna
943 2747 1104 2785 provisione
1124 2748 1192 2779 hinc

142 2785 210 2815 inde
226 2786 393 2816 Animarum
408 2784 483 2816 saluti
497 2784 662 2816 consulatur.

181 2822 358 2862 Conservet,
373 2824 434 2855 &a

217 2899 285 2931 Dat.
301 2900 374 2938 apud
387 2899 495 2939 Haule,
513 2902 596 2931 tertio
609 2901 654 2931 die
666 2901 795 2940 Januarii.

209 3024 268 3059 Ad
284 3028 427 3059 Comitem
447 3025 633 3069 Hollandiae,
651 3026 740 3072 fitper
761 3026 897 3072 Qerela
914 3028 1137 3061 Mercatorum.

198 3111 255 3142 EX
269 3136 279 3150 ,
297 3111 401 3142 Nobili
418 3112 481 3142 viro
494 3134 504 3150 ,
520 3110 656 3148 Domino
674 3109 842 3141 Guillielmo
857 3134 866 3149 ,
883 3110 1026 3142 Hanoniae
1042 3135 1052 3149 ,
1070 3112 1193 3143 Hollan-

215 3150 285 3188 dire,
303 3151 336 3180 ὃ(
351 3149 486 3181 Selandiae
505 3149 636 3186 Comiti,
654 3149 688 3179 δε
710 3148 845 3179 Domino
867 3149 976 3188 Frisiae,
995 3150 1139 3189 Salutem,
1157 3151 1191 3182 &

145 3188 259 3218 sincerae
273 3189 428 3219 dilectionis
440 3187 586 3219 affectum.

187 3226 304 3257 Litteras
326 3226 428 3258 vestras
443 3250 453 3264 ,
478 3227 561 3256 nobis
587 3235 635 3264 per
655 3225 831 3263 praesentium
856 3225 980 3263 Bajulum
998 3226 1170 3264 praesentatas
1185 3252 1194 3266 ,

145 3267 320 3309 recepimuS,
339 3266 372 3296 ὅ(
389 3274 454 3303 quae
468 3266 684 3296 continebantur
697 3265 727 3294 in
743 3263 844 3294 eisdem
859 3265 1014 3295 audivimus
1035 3265 1120 3302 quam
1143 3267 1194 3295 be-

144 3306 239 3343 mgne.

182 3343 271 3381 Super
285 3353 321 3373 eo
334 3350 446 3381 autem,
461 3342 538 3380 quod
552 3342 635 3372 nobis
655 3339 810 3378 scripsistis,
827 3340 933 3378 aliquos
951 3340 1081 3371 homines
1103 3340 1194 3379 Opidi

142 3380 227 3411 vestri
247 3381 282 3411 de
305 3380 417 3419 Zirize,
436 3391 485 3419 per
506 3380 703 3410 Malefaetores
717 3379 752 3409 de
766 3378 875 3416 Regno
887 3379 1001 3417 nostro,
1019 3379 1082 3416 post
1097 3378 1193 3410 datum

142 3419 159 3448 a
173 3420 256 3450 nobis
276 3417 464 3449 Condu&um
482 3419 615 3448 omnibus
639 3416 849 3447 Mercatoribus
865 3417 900 3447 de
921 3416 1066 3447 Dominio
1081 3417 1193 3456 vestro,

142 3456 225 3488 fuisse
244 3458 370 3495 nequiter
390 3457 550 3487 interfectos
561 3456 639 3494 supra
652 3455 750 3493 Mare,
770 3455 898 3486 &Bonis
910 3455 960 3486 suis
973 3455 1120 3493 spoliatos,
1139 3456 1192 3486 sic-

145 3503 179 3525 ut
200 3504 234 3525 ex
257 3495 381 3534 Qierela
393 3495 516 3533 ipsorum
531 3496 719 3532 opidanorum
734 3492 893 3523 vestrorum
908 3494 990 3524 vobis
1005 3495 1131 3524 extiterat
1144 3493 1195 3524 de-

146 3533 351 3571 monstratum3
391 3544 428 3564 uo
448 3542 583 3571 praetextu
597 3532 690 3570 diem,
708 3531 896 3570 condictum,
913 3531 957 3562 seu
973 3531 1123 3570 statutum,
1142 3542 1194 3569 pro

146 3571 350 3602 reformatione
415 3571 558 3610 ncordiae,
577 3572 649 3602 inter
661 3570 773 3601 nostros
784 3571 817 3600 &
829 3570 935 3600 vestros
949 3570 1098 3608 Subditos,
1115 3571 1193 3608 super

146 3607 288 3646 Dampnis
306 3611 339 3640 &
357 3608 482 3648 injuriis,
500 3609 647 3640 hincinde
660 3609 744 3647 datis,
763 3608 862 3638 servari
874 3618 933 3638 non
946 3608 1064 3645 fecistis,

187 3646 345 3676 Dilectioni
358 3648 456 3678 vestrae
470 3648 600 3679 volumus
616 3656 717 3678 notum
729 3647 804 3684 fieri,
822 3646 902 3684 quod
924 3646 992 3676 Nos
1014 3655 1106 3676 certos
1125 3645 1194 3676 fide-

147 3683 186 3712 les
200 3684 326 3722 nostros,
341 3685 375 3714 ad
387 3686 561 3717 tractandum
575 3696 643 3716 cum
657 3685 780 3715 Nunciis
794 3685 906 3721 vestris,
924 3686 952 3714 in
968 3683 1092 3714 Civitate
1114 3684 1195 3714 Lon-

148 3720 257 3758 doniae,
273 3723 306 3752 ad
325 3723 400 3753 diem
424 3724 574 3763 statutum,
593 3725 611 3754 si
630 3734 678 3754 eos
701 3722 826 3754 voluistis
838 3722 1001 3761 destiniiffe,
1019 3722 1097 3760 super
1112 3722 1193 3759 plena

148 3756 365 3801 Resonnatione
380 3764 451 3798 pacis
465 3763 497 3792 ὃς
509 3762 692 3799 concordiae,
710 3763 780 3792 inter
794 3761 887 3800 Ipsos,
903 3761 1010 3791 vestros
1031 3761 1064 3791 &
1080 3760 1192 3791 nostros

147 3795 278 3838 SubitOS,
295 3798 327 3839 δε
340 3798 373 3827 ad
388 3800 605 3830 satisfaciendum
621 3811 672 3837 pro
687 3800 786 3830 nostris
803 3800 940 3837 Subditis,
957 3800 1007 3836 δε,
1025 3800 1090 3830 vice
1104 3798 1193 3837 versa,

147 3833 308 3876 hujusmodi
328 3835 549 3867 Satisfaffionem
561 3861 571 3876 ,
605 3838 758 3868 secundum
779 3839 890 3868 rationis
906 3839 1072 3876 exigentiam
1084 3859 1094 3875 ,
1123 3838 1194 3867 reci-

148 3870 285 3908 piendum
297 3871 522 3909 assignaveramus
537 3886 604 3906 curn
618 3876 759 3907 Potestate
769 3876 890 3913 plenaria
911 3878 938 3905 in
959 3877 1011 3906 hac
1033 3884 1125 3913 parte,
1143 3876 1194 3913 &‚

149 3908 170 3938 si
190 3918 254 3952 quae
275 3918 373 3939 contra
395 3910 601 3951 Conductum,
618 3914 634 3942 a
654 3915 737 3944 nobis
757 3915 871 3952 datum,
889 3914 1002 3944 fuissent
1020 3923 1069 3953 per
1083 3912 1194 3943 nostros

149 3946 284 3990 Subditos
298 3955 456 3984 attemptata
471 3950 654 3987 (quamquam
670 3953 751 3981 nobis
765 3952 830 3981 inde
844 3953 1019 3989 querimonia
1034 3950 1121 3982 delata
1134 3961 1193 3981 non

146 3993 236 4014 exntit
253 3983 337 4027 usq-ue
351 3985 450 4028 modo)
468 3986 630 4018 Intentionis
645 3989 748 4019 nostrae
760 3990 866 4028 extitit,
884 3990 918 4020 &
932 3989 1039 4027 existit,
1056 3988 1137 4027 quod
1152 3999 1197 4027 ea,

147 4030 210 4053 ante
225 4032 339 4061 omnia,
355 4022 466 4054 fuiffent
480 4024 574 4055 debite
591 4026 755 4066 emendata,
770 4028 821 4065 &‚
839 4036 869 4059 ut
884 4028 965 4059 nobis
978 4027 1067 4061 visum
1081 4027 1193 4065 est,ex-

1240 2493 1381 2532 Messages
1402 2494 1428 2524 le
1445 2493 1538 2531 Pape,
1556 2494 1589 2524 &
1612 2501 1671 2523 noz
1693 2489 1835 2530 Messages
1856 2501 1885 2522 es
1897 2491 1997 2529 parties
2010 2491 2046 2521 de
2059 2489 2183 2530 France,
2201 2491 2234 2522 &
2247 2501 2297 2530 par

1238 2532 1325 2563 assent
1339 2533 1388 2563 des
1401 2532 1462 2562 ditz
1476 2531 1612 2569 Prelates,
1631 2529 1758 2568 Conres,
1776 2531 1810 2561 δε
1825 2529 1946 2567 Barons‚
1965 2530 1999 2559 &
2012 2528 2091 2559 altres
2115 2527 2248 2560 Grauntz
2267 2540 2298 2561 a.

1239 2571 1382 2609 vantditz,
1399 2572 1431 2601 &
1445 2571 1540 2600 auxint
1553 2579 1602 2606 par
1617 2568 1704 2598 assent
1718 2567 1756 2598 du
1771 2567 1812 2596 dit
1826 2568 1895 2606 Roy
1908 2567 1944 2597 de
1957 2567 2079 2604 France,
2097 2567 2221 2598 euffoms
2242 2567 2297 2599 do-

1239 2618 1294 2639 nez
1309 2620 1324 2640 a
1335 2609 1457 2639 Edward
1465 2631 1475 2646 ,
1494 2607 1585 2637 nostre
1598 2607 1681 2636 chere
1694 2604 1770 2643 Filz,
1790 2605 1813 2635 la
1827 2605 1884 2635 dite
1898 2605 2037 2643 Duchee,
2055 2615 2103 2642 par
2125 2605 2150 2635 la
2170 2615 2209 2636 ou
2223 2616 2297 2638 nous

1239 2648 1332 2678 fumes
1353 2646 1465 2685 prestz,
1483 2645 1525 2676 sur
1546 2646 1570 2675 la
1591 2653 1683 2682 mere,
1700 2643 1808 2675 d'avoir
1830 2644 1906 2682 passe
1921 2653 1973 2682 pur
1990 2643 2085 2674 nostre
2098 2643 2235 2684 Homage
2246 2645 2299 2679 fai-

1240 2696 1285 2716 re:

1277 2723 1315 2754 Et
1329 2732 1371 2755 tut
1383 2721 1435 2755 soit
1449 2733 1502 2755 ceo
1516 2732 1571 2762 que
1584 2720 1681 2753 nostre
1693 2720 1734 2752 dit
1749 2719 1811 2752 Filz
1824 2722 1862 2753 eit
1873 2722 1922 2753 fait
1935 2721 1985 2752 son
2008 2722 2099 2756 homa,
2118 2731 2134 2752 e
2153 2721 2297 2762 avantdit,

1240 2763 1275 2794 &
1295 2772 1350 2801 que
1365 2773 1437 2793 nous
1450 2772 1529 2793 eoms
1545 2761 1657 2792 mandes
1671 2770 1686 2791 a
1700 2760 1725 2790 la
1738 2760 1795 2791 dite
1805 2758 1924 2801 Reyne,
1939 2761 1973 2792 &
1986 2770 2001 2790 a
2015 2760 2070 2797 lui,
2110 2771 2125 2790 e
2144 2762 2224 2792 venir
2246 2761 2297 2792 de-

1241 2811 1303 2831 vers
1324 2811 1396 2832 nous
1414 2801 1594 2840 Jadurneins,
1612 2800 1655 2830 ele
1678 2799 1739 2829 n'ad
1758 2799 1843 2829 volue
1863 2800 1960 2837 venir,
1978 2808 2014 2829 ne
2026 2798 2129 2829 soeffre
2142 2799 2239 2829 nostre
2253 2799 2297 2830 dit

1242 2839 1324 2870 Filza
1338 2841 1419 2869 venir
1430 2849 1444 2869 a
1459 2850 1548 2878 nous,
1568 2848 1627 2869 mes
1640 2848 1739 2868 avoms
1753 2837 1969 2875 entenduz,par
1982 2846 2041 2868 noz
2055 2837 2136 2868 feaux
2150 2838 2183 2869 &
2197 2838 2294 2877 loeux,

1241 2888 1297 2916 que
1306 2880 1454 2918 veignent,
1473 2878 1559 2916 q’ele,
1577 2887 1625 2915 par
1639 2876 1697 2907 fole
1709 2876 1810 2906 consail
1819 2876 1898 2912 ,s'est
1913 2876 1990 2906 done
2002 2886 2037 2907 au
2050 2875 2153 2907 consail
2168 2875 2194 2906 le
2207 2875 2295 2906 Mor-

1240 2919 1341 2954 timer,
1361 2916 1458 2947 nostre
1473 2916 1575 2946 Enemi
1590 2917 1702 2946 notoire
1715 2915 1748 2945 ὅ(
1764 2913 1902 2953 Rebelle,
1919 2916 1953 2946 δε
1968 2914 2016 2945 des
2030 2915 2127 2952 altres,
2145 2921 2205 2943 noz
2218 2912 2295 2944 Ene-

1241 2957 1295 2985 mis
1316 2956 1349 2986 &
1370 2954 1506 2985 Rebeaux
1528 2955 1600 2984 celes
1620 2955 1735 2992 parties,
1751 2954 1785 2984 ὃς
1799 2962 1848 2991 par
1861 2962 1932 2991 eux,
1950 2953 1983 2984 ὃ(
1997 2953 2036 2983 od
2051 2961 2103 2982 eux
2139 2951 2188 2982 fait
2198 2951 2295 2984 Attret

1242 2995 1275 3025 &
1292 2993 1418 3024 Alliance
1431 2994 1478 3024 des
1493 2992 1609 3032 Gentz,
1627 2993 1663 3022 de
1673 2992 1745 3022 celes
1759 2992 1874 3030 parties,
1891 2993 1925 3023 &
1938 2992 1986 3022 des
1999 2998 2087 3021 autres
2109 2974 2294 3030 iistraunges,

1241 3033 1370 3063 auxibien
1385 3030 1433 3062 des
1449 3041 1508 3062 noz
1523 3031 1639 3062 Enemis
1654 3031 1688 3062 &
1701 3030 1854 3068 Rebeaux,
1871 3039 1958 3060 come
1968 3028 2016 3058 des
2034 3036 2142 3065 autres,
2160 3037 2175 3057 a
2194 3029 2295 3067 venir,

1242 3071 1281 3102 od
1296 3071 1391 3102 nostre
1403 3072 1443 3102 dit
1459 3071 1519 3101 Filz
1533 3069 1672 3108 Edward,
1689 3068 1877 3099 afforcement
1890 3068 1933 3098 sur
1954 3065 2050 3096 nostre
2071 3075 2144 3096 terre
2163 3064 2297 3106 d’Engle-

1241 3119 1328 3148 terre,
1349 3121 1363 3140 a
1377 3119 1476 3150 grever
1490 3110 1523 3140 δε
1539 3108 1665 3140 destruet
1679 3116 1737 3137 noz
1750 3108 1839 3136 bones
1853 3105 1968 3142 Germ,
1987 3105 2020 3135 &
2035 3104 2130 3135 nostre
2143 3103 2250 3143 Poeple
2256 3105 2293 3136 de

1242 3149 1348 3179 mesme
1358 3149 1383 3178 la
1396 3157 1485 3185 terre,
1502 3149 1536 3179 ὃς
1549 3158 1564 3177 3
1579 3154 1680 3176 mettre
1694 3145 1718 3174 la
1733 3153 1803 3175 terre
1817 3153 1852 3174 en
1866 3142 1990 3182 daunger
2012 3143 2045 3174 &
2066 3143 2223 3181 subjection
2242 3143 2294 3174 dee

1243 3187 1356 3224 Aliens,
1374 3187 1407 3217 &
1422 3186 1458 3216 de
1471 3195 1530 3216 noz
1544 3185 1699 3221 Rebeaux,
1714 3192 1728 3212 a
1742 3181 1837 3212 nostre
1851 3181 2007 3219 dessionur,
2026 3182 2183 3220 prejudice,
2200 3181 2290 3221 peril,

1241 3226 1275 3256 &
1291 3225 1483 3255 desheritance
1499 3223 1534 3253 de
1553 3233 1625 3252 nous
1646 3223 1679 3252 &
1698 3220 1733 3251 de
1748 3221 1842 3250 nostre
1857 3218 2009 3258 Coroune,
2028 3221 2062 3251 &
2075 3228 2156 3259 grant
2175 3219 2292 3260 damage

1240 3264 1275 3293 &
1290 3263 1463 3292 destruetion
1478 3261 1513 3292 de
1525 3260 1620 3291 nostre
1633 3259 1734 3297 poepl:
1747 3258 1880 3290 avantdit.

1279 3300 1384 3338 Nous,
1402 3300 1537 3330 voillantz
1553 3300 1627 3330 rieux
1649 3297 1819 3336 Prejudices,
1839 3296 1924 3328 Perils
1936 3320 1946 3336 ,
1962 3298 1995 3328 &
2008 3297 2236 3337 Dissieritances,
2252 3297 2292 3328 es-

1242 3339 1330 3370 chure
1346 3364 1356 3377 ,
1370 3349 1442 3369 vous
1465 3336 1695 3368 Commandoms
1707 3360 1716 3374 ‚
1735 3336 1895 3367 firmement
1915 3336 2093 3405 enjoFignantz
2108 3361 2118 3374 ,
2136 3338 2200 3375 q'en
2222 3344 2291 3367 toux

1241 3378 1279 3407 les
1293 3378 1381 3414 lieux,
1399 3388 1435 3407 en
1449 3376 1543 3408 vostre
1555 3376 1665 3414 Baillie,
1682 3375 1811 3406 auxibien
1832 3374 1952 3405 dedeinz
1998 3375 2147 3413 ranchises,
2166 3383 2253 3406 come
2268 3373 2289 3392 *²

1240 3416 1357 3453 dehors,
1377 3415 1456 3445 facez
1471 3424 1643 3453 apertement
1655 3416 1742 3452 crier,
1761 3414 1795 3444 &
1816 3413 1911 3453 depart
1933 3422 2005 3443 nous
2030 3413 2232 3449 commander,
2245 3410 2290 3442 sur

1240 3463 1382 3493 quantque
1394 3454 1412 3484 il
1446 3463 1543 3484 urront
1555 3453 1666 3484 forfaire
1678 3452 1774 3483 devers
1794 3462 1883 3491 nous,
1903 3462 1958 3490 que
1979 3459 2066 3490 toux,
2083 3453 2122 3482 les
2144 3449 2288 3488 Coumes,

1240 3492 1385 3529 Barouns,
1442 3492 1578 3529 hivalers,
1605 3493 1638 3523 δε
1661 3492 1740 3521 altres
1767 3490 1868 3521 Gentz
1893 3490 2048 3527 d'Armes,
2071 3489 2216 3520 Artaiours
2237 3487 2288 3518 des

1240 3531 1340 3560 Gentz
1353 3530 1483 3561 d’Armes
1518 3530 1699 3568 Hobelours,
1717 3530 1750 3560 &
1763 3529 1843 3559 altres
1856 3527 1956 3560 Gentz
1969 3538 1986 3558 a
1999 3527 2066 3566 Pie,
2082 3526 2122 3557 od
2141 3526 2180 3556 les
2199 3534 2287 3564 gentz

1239 3569 1313 3598 iffint
1335 3579 1382 3606 par
1403 3578 1457 3600 eux
1479 3553 1611 3606 ssirraiez,
1630 3569 1719 3599 soient
1740 3567 1841 3598 Prestz
1855 3591 1865 3606 ,
1882 3568 1916 3599 &
1939 3564 2127 3604 Apparraillez
2148 3563 2230 3607 d'aler
2242 3588 2253 3602 ,
2269 3574 2288 3595 a

1240 3607 1332 3637 Force
1346 3608 1379 3638 &
1395 3608 1515 3645 Armes,
1532 3616 1633 3638 contre
1645 3608 1720 3638 rieux
1744 3606 1841 3636 Aliens
1859 3605 1966 3636 estraun
1987 3613 2031 3641 63,
2048 3602 2082 3633 &
2102 3601 2232 3632 Enemies
2250 3602 2288 3633 de

1238 3655 1327 3684 nous,
1347 3646 1380 3676 ὅτ
1392 3645 1428 3675 de
1442 3645 1578 3684 Realrne,
1596 3645 1655 3684 q’ils
1668 3645 1775 3683 soient,
1793 3654 1842 3683 par
1850 3652 1909 3684 *eux
1922 3645 1979 3673 arei
1993 3651 2023 3671 et
2043 3641 2076 3670 δε
2097 3639 2253 3678 destruere,
2270 3650 2289 3671 a

1240 3692 1311 3713 tores
1323 3684 1360 3713 les
1375 3683 1461 3720 foitz‚
1479 3683 1538 3721 q‘ils
1553 3691 1670 3721 orront,
1687 3693 1726 3713 ou
1739 3684 1866 3713 saveront
1878 3681 1914 3712 de
1927 3680 1991 3723 lour
2003 3687 2111 3717 venue3
2231 3717 2236 3722 ι

1273 3721 1352 3752 Iffint
1366 3722 1464 3759 que,s1
1478 3722 1502 3751 la
1516 3721 1573 3751 dite
1588 3722 1689 3761 Reyne
1701 3722 1735 3753 &
1751 3721 1847 3752 nostre
1855 3716 1916 3749 Filz
1927 3724 2059 3755 veignent
2071 3726 2107 3746 en
2120 3724 2180 3760 noz
2191 3715 2292 3756 Niess,

1239 3760 1332 3797 queles
1345 3770 1416 3790 nous
1429 3759 1609 3790 manderoms
1627 3770 1678 3799 pur
1699 3769 1770 3797 eux,
1787 3758 1939 3790 seulement
1960 3754 2000 3785 od
2018 3755 2082 3785 lour
2096 3753 2233 3793 Meigne,
2252 3757 2287 3787 &

1239 3799 1315 3827 bone
1329 3808 1454 3836 manere,
1472 3799 1505 3828 &
1519 3797 1804 3836 obeisaunce,selonc
1817 3794 1912 3826 nostre
1923 3793 2040 3824 volunte
2052 3792 2086 3822 &
2099 3792 2195 3822 nostre
2203 3803 2287 3824 com-

1239 3835 1420 3866 mandement
1433 3860 1443 3875 ,
1465 3837 1606 3874 adonques
1625 3837 1663 3866 les
1686 3837 1827 3867 receivent
1849 3831 2081 3863 honurablement
2100 3830 2133 3861 ὃς
2154 3832 2286 3863 curtoise-

1240 3882 1336 3912 ment,
1351 3884 1437 3904 corne
1451 3883 1567 3912 appent:

1278 3911 1332 3950 Et,
1349 3913 1368 3942 fi
1381 3921 1435 3942 eux
1449 3914 1579 3952 veignent
1592 3923 1628 3943 en
1642 3913 1721 3943 altres
1740 3910 1843 3949 Niefs‚
1861 3907 1900 3939 od
1919 3906 1967 3938 tiel
2007 3907 2082 3946 oeir,
2094 3916 2136 3951 ,en
2157 3907 2287 3939 deibbei-

1240 3950 1333 3980 saunte
1345 3959 1458 3980 manere
1471 3960 1571 3981 contre
1585 3951 1679 3980 nostre
1690 3949 1803 3982 volente
1811 3971 1821 3986 ,
1832 3955 1917 3978 come
1930 3945 1970 3975 est
2004 3945 2060 3975 esus
2072 3944 2142 3984 dist,
2156 3947 2288 3986 adonque

1243 3988 1366 4025 (sauvent
1384 3988 1422 4018 les
1442 3998 1524 4028 corps
1542 3989 1579 4019 de
1597 3988 1694 4018 nostre
1711 3988 1753 4018 dit
1773 3987 1852 4023 Filz,
1869 3985 1904 4015 &
1924 3983 1960 4014 de
1979 3983 2004 4014 la
2022 3983 2123 4023 Reyne
2137 3985 2288 4016 tantsoule-

1240 4027 1332 4064 ment)
1350 4034 1450 4059 contre
1464 4026 1503 4058 les
1517 4027 1597 4059 altres
1611 4026 1709 4058 Auens
1730 4024 1903 4063 efflaungec,
1920 4031 1976 4061 que
1994 4021 2155 4057 vendrount
2175 4023 2297 4092 enclffllr

2308 3393 2324 3410 ⁴
2344 3394 2396 3422 IV.

2309 3431 2370 3466 189.
