2562 4279
16 249 100 285 *Am
111 248 155 281 D.

18 295 98 358 Ἰιῑῖξῖιῗ
103 287 137 365 83.

22 794 131 824 0v.o.

23 1922 103 1955 'Anti
120 1920 161 1954 D.

45 1962 133 2002 1338.

54 2012 79 2030 n.
92 2011 135 2029 12.

25 2078 146 2107 Alcman.

32 2125 43 2143 ι
50 2126 75 2143 2.

24 2198 52 2229 p.
69 2174 106 2220 ι..

27 2239 65 2258 m.
85 2238 131 2268 24.

31 3695 103 3749 JV.
118 3705 145 3733 7.

766 162 877 203 ET
960 161 1218 204 ACTA

202 244 293 277 Vobis
306 246 337 277 in
351 246 422 278 Fide
433 247 467 280 &
480 244 660 285 Dilecstione,
678 248 779 288 quibus
792 249 877 280 nobis
889 248 1042 286 tenemini,
1061 247 1230 277 mandamus

172 286 250 321 quod
272 285 364 316 eidem
386 282 543 317 Admirallo
558 309 568 324 ,
591 287 625 317 δε
649 286 825 324 Deputandis
845 287 881 317 ab
902 297 938 317 eo
952 309 962 324 ,
988 287 1018 316 in
1039 286 1231 323 Arestatione,

170 321 354 363 Provifione,
373 325 407 355 &
416 325 582 356 Munitione
588 325 736 364 Navium,
753 326 824 355 infra
836 325 1011 356 Dominium
1026 324 1151 354 vestrum
1163 333 1236 362 prae·

169 361 300 402 dietum,
317 371 352 394 ac
367 362 516 394 Elediione
536 363 759 394 Marinariorum
781 365 814 395 &
829 364 948 394 aliorum
967 362 1134 392 Hominum
1149 385 1158 399 ,
1182 371 1236 399 pro

170 398 328 440 Regimine
340 402 374 433 &
387 401 533 432 Dutffione
545 401 706 432 earumdem
720 424 730 439 ,
755 412 787 432 ac
806 403 838 432 in
859 400 994 432 omnibus
1008 400 1063 430 aliis
1077 400 1111 430 &
1125 400 1235 439 singulis

172 439 519 479 praemiffis,lntendentes
533 440 586 470 sitis
594 439 784 478 ,consulentes
798 440 831 470 ὃς
844 439 1018 476 auxiliantes,
1037 438 1182 476 quotiens,
1201 439 1234 468 ὃς

170 478 306 517 quando,
323 478 357 509 δι’,
371 487 454 515 prout
468 478 545 508 idem
558 478 744 515 AdmiralluS,
770 478 815 508 seu
830 479 866 507 ab
880 487 916 507 eo
929 476 1109 516 Deputandi,
1126 486 1178 508 vos
1191 477 1235 507 su-

168 526 220 554 per
234 516 292 547 hoc
307 517 410 556 requiri
424 517 542 547 fecerint
554 526 588 547 ex
601 524 678 555 parte
694 516 802 554 nostra,

208 554 316 585 Taliter
329 556 359 584 in
371 554 516 594 praemiffis
530 565 580 586 vos
593 554 726 584 habentes
745 553 822 592 quod
842 552 999 591 Paffagium
1017 552 1148 583 nostrum
1164 576 1174 591 ,
1199 554 1233 584 ὃς

167 592 262 623 nostra
278 594 312 624 &
326 592 424 631 Regni
438 594 527 623 nostri
542 593 654 632 negotia
672 592 825 629 supradicta
842 592 938 630 (quod
957 591 1037 629 absit)
1055 593 1174 622 minime
1191 601 1234 621 re-

169 630 312 675 tardentur
326 653 336 670 ,
360 641 409 669 per
427 631 505 671 quod
524 639 652 671 oporteat
672 639 724 660 nos
744 630 780 660 ad
800 630 858 661 hoc
877 639 995 661 manum
1012 639 1154 670 apponere
1173 634 1235 669 gra-

168 677 292 700 viorem.

205 707 295 738 Teste
307 716 339 739 ut
353 709 440 746 supra.

278 784 298 805 ³*
318 783 431 815 Eodem
445 784 536 816 modo
555 782 721 814 mandatum
735 782 775 814 est
791 782 966 824 subscriptis,
981 783 1129 821 videlicet,

171 861 302 931 Jolquteni
317 861 349 892 de
362 861 498 900 Moubray
509 883 520 900 ,
546 863 662 890 Domino
677 861 709 890 a'e
727 862 827 890 Gewer
839 883 849 900 ,
875 859 924 891 vel
941 861 996 900 ejus
1010 863 1111 891 Locum
1131 862 1237 890 tenenti

207 913 217 931 ι
235 913 245 930 ι
278 912 313 931 m.

208 976 298 1008 Teste
313 985 344 1008 ut
357 975 446 1015 supra.

172 1057 282 1091 Hugoni
296 1052 321 1083 le
341 1051 502 1092 Despensbr,
517 1055 632 1083 Domino
647 1053 679 1083 de
698 1052 884 1092 Glanmorgan
902 1051 941 1089 ὀ·
957 1055 1174 1091 Morgannowe,
1190 1049 1241 1081 vel

206 1092 265 1131 ejus
278 1094 381 1122 Locum
393 1095 496 1122 tenenti
508 1091 614 1121 ibidem.

208 1167 301 1201 Teste
315 1178 347 1201 ut
360 1169 446 1208 supra.

212 1245 286 1277 Item
302 1245 464 1277 mandatum
480 1246 520 1278 est
536 1246 694 1285 Majoribus
708 1246 741 1277 &
764 1246 874 1277 Ballivis
893 1245 1047 1284 subscriptis
1059 1268 1069 1283 ,
1093 1244 1130 1275 de
1147 1245 1241 1274 inten-

174 1284 271 1315 dendo
289 1283 349 1319 &a
371 1285 503 1315 Waltero
522 1285 558 1316 de
577 1285 689 1325 Manny
704 1308 713 1323 ‚
739 1285 896 1316 Admirallo
918 1284 1009 1314 Flotae
1027 1283 1180 1321 Navium,
1205 1283 1241 1312 ab

175 1323 239 1354 Ore
252 1325 342 1363 Aquae
354 1323 523 1361 Thamisiae,
540 1323 632 1354 versus
644 1331 732 1361 partes
747 1323 874 1354 Boreales
888 1345 897 1359 ‚
922 1322 1056 1362 assignato
1071 1322 1105 1352 ad
1120 1322 1241 1352 arestan-

176 1362 247 1392 dum
260 1372 362 1392 omnes
376 1363 410 1393 &
424 1362 541 1399 singulas
557 1361 657 1392 Naves
677 1361 836 1399 hujusmodi
851 1385 860 1400 ,
885 1363 914 1391 in
930 1360 1039 1400 singulis
1052 1359 1193 1390 Portubus
1207 1360 1241 1390 &

178 1399 284 1438 Locis,
302 1411 316 1431 a
329 1400 409 1430 dieto
425 1400 485 1430 Ore
502 1400 593 1439 Aquae
606 1399 776 1437 Thamifiae,
795 1401 887 1431 versus
907 1399 1017 1429 easdem
1033 1407 1124 1437 partes
1142 1398 1244 1428 Borea-

177 1439 215 1469 les
228 1450 238 1477 3
265 1439 300 1469 ita
320 1438 399 1476 quod
419 1439 527 1469 eaedem
554 1438 654 1469 Naves
666 1461 675 1475 ,
701 1439 730 1468 in
752 1439 843 1469 forma
868 1437 1001 1476 praediera
1015 1461 1024 1476 ,
1050 1446 1152 1476 paratae
1177 1438 1242 1474 sint,

176 1477 251 1517 apud
267 1476 408 1516 Magnam
420 1477 632 1516 Jernemutam,
650 1476 684 1507 ad
697 1477 804 1507 dietam
826 1477 1026 1516 Qiindenam,
1045 1477 1073 1505 in
1088 1475 1181 1506 forma
1201 1476 1244 1504 su-

177 1515 323 1553 pradiCta,
339 1516 410 1545 ficut
422 1515 583 1546 mandatum
596 1515 638 1546 est
653 1515 772 1553 praefatis
787 1515 947 1554 Majoribus
960 1515 992 1546 δε
1008 1514 1135 1552 Ballivis‚
1152 1513 1188 1544 de
1199 1514 1244 1544 in-

176 1553 321 1585 tendendo
333 1553 450 1593 praefato
465 1554 694 1593 Bartholomaeo,
711 1552 773 1589 &c.
783 1552 837 1600 sub
851 1554 943 1584 eadem
956 1554 1034 1583 data.

213 1628 338 1660 Ballivis
350 1630 382 1661 de
396 1629 582 1669 Jernemuth,
598 1628 660 1666 &c.

203 1777 254 1809 De
268 1773 442 1809 intendendo
461 1772 648 1808 Admirallis
673 1777 704 1805 in
724 1771 864 1806 Pontibus
889 1776 926 1812 ό*
952 1771 1114 1820 neceffariis
1131 1798 1141 1814 ‚
1167 1782 1223 1818 pro

465 1822 598 1869 Paffagio
618 1825 730 1869 Regis,
749 1821 955 1868 providendis.

179 1910 307 1968 REX
326 1906 502 1942 Vicecomiti
515 1907 645 1947 Kantiae,
663 1907 797 1940 Salutem.

272 1949 370 1988 Cum,
387 1950 422 1980 de
442 1948 546 1979 assensu
566 1947 753 1978 Praelatorum
766 1971 776 1985 ,
800 1945 972 1984 Comitum,
993 1945 1162 1985 Magnatum
1213 1943 1246 1974 &

180 1984 404 2019 Communitatis
416 1988 511 2027 Regni
524 1986 627 2024 nostri,
645 1996 699 2025 pro
713 1986 887 2017 Defensione
901 1987 935 2017 ὃς
949 1985 1108 2016 Salvatione
1124 1966 1249 2026 ejusdem

178 2023 296 2065 Regni,
313 2028 347 2058 &
358 2027 470 2066 Jurium
486 2024 615 2055 Coronae
628 2023 751 2062 nostrae,
769 2024 802 2054 ad
820 2024 1006 2093 Qindenam
1027 2022 1140 2053 Paschae
1153 2030 1249 2059 proxi-

181 2072 233 2106 mo
246 2065 386 2133 futugm,
401 2065 436 2095 ad
471 2073 539 2095 artes
553 2063 741 2093 transmarinas
758 2073 828 2094 cum
875 2063 1000 2093 xcercitu
1020 2060 1119 2091 nostro
1135 2059 1249 2091 ordina-

174 2111 274 2134 .Vimus
337 2111 422 2133 vente

218 2140 255 2172 Et
277 2126 329 2179 pro
348 2140 475 2181 Passagio
495 2140 593 2170 nostro
612 2140 750 2178 praediCto
772 2139 995 2179 assignaverimus
1010 2161 1019 2176 ,
1046 2137 1195 2169 Diled‘mm
1215 2137 1250 2168 &

181 2179 308 2210 Fidelem
322 2180 450 2210 nostrum
459 2203 468 2218 ,
484 2178 728 2209 Banholomaeum
741 2178 777 2209 de
795 2177 964 2218 Burghersssi
980 2177 1170 2209 Admirallum
1184 2174 1250 2206 Na-

181 2219 262 2249 vium
276 2241 286 2256 ,
308 2218 344 2249 ab
364 2217 428 2249 Ore
443 2218 536 2256 Aquae
555 2217 710 2247 Thamisiae
724 2240 734 2255 ,
760 2216 852 2248 versus
872 2226 961 2257 partes
979 2215 1194 2253 Occidentales,
1214 2213 1248 2244 ad

180 2257 357 2287 arestandum
371 2267 470 2287 omnes
481 2257 514 2287 ὃς
529 2255 644 2295 singulas
657 2255 756 2286 Naves
770 2256 935 2286 earumdem
950 2255 1089 2293 partium,
1105 2255 1163 2284 tam
1177 2253 1250 2284 infra

181 2295 357 2333 Libertates‚
375 2296 460 2335 quam
475 2302 566 2333 extra,
587 2295 645 2325 tam
661 2293 794 2324 Minores
807 2304 871 2333 quae
885 2294 955 2325 ultra
977 2292 1060 2323 Mare
1075 2293 1183 2322 tranfire
1198 2301 1250 2331 po-

179 2342 291 2372 terunt,
310 2335 398 2373 quam
423 2333 548 2372 Maiores
562 2356 571 2371 ,
596 2333 630 2364 &
645 2341 689 2362 eas
704 2332 880 2364 Hominibus
900 2334 933 2364 &
952 2332 1088 2363 omnibus
1104 2331 1163 2361 aliis
1184 2330 1251 2360 Ne-

179 2373 301 2404 eeisariis
312 2373 432 2411 muniri,
450 2373 484 2403 &
497 2371 531 2403 ad
543 2371 659 2410 locum,
677 2372 725 2402 ubi
739 2372 849 2402 dierum
864 2370 1024 2410 passagium
1043 2369 1177 2400 nostrum
1191 2368 1251 2399 fieri

177 2412 378 2481 3sposuimus,
396 2410 463 2442 duci
481 2409 643 2442 faciendum
659 2432 670 2449 ,
692 2419 776 2450 prout
794 2411 821 2440 ei
841 2420 890 2449 per
909 2419 961 2440 nos
974 2409 1081 2448 plenius
1100 2408 1143 2440 est
1157 2408 1250 2447 iniun-

211 2460 260 2482 um

218 2474 283 2528 Ac',
300 2500 354 2528 pro
367 2489 581 2530 eskippamento
589 2488 737 2530 Equorum
745 2513 756 2530 ,
771 2488 894 2528 Pontes,
912 2488 1021 2528 Cleias,
1035 2488 1069 2520 &
1083 2486 1150 2526 alia,
1164 2497 1251 2528 opor-

179 2536 237 2562 tfflt
251 2528 403 2559 necessario
415 2540 467 2559 nos
480 2529 581 2560 habere
589 2552 598 2566 ,

218 2567 292 2598 Tibi
314 2568 496 2605 praecipimus
509 2590 519 2605 ,
544 2567 693 2598 distrifflus
719 2567 894 2606 injungentes
907 2590 917 2604 ,
941 2565 1019 2605 quod
1040 2564 1104 2596 Tot
1126 2564 1250 2604 Pontes,

180 2605 289 2645 Cleias,
307 2605 412 2636 Bordas
423 2628 433 2644 ,
457 2606 590 2644 Raccos,
605 2605 715 2636 Cordas
728 2628 738 2644 ,
763 2605 923 2637 Canevacia
936 2628 945 2642 ,
966 2604 1104 2642 stapulas,
1123 2604 1249 2643 Anulos,

177 2643 327 2676 &Clavos
341 2644 460 2683 ferreos,
481 2644 568 2675 Dolia
583 2654 689 2682 vacua,
707 2645 741 2675 ὃ(
753 2644 805 2675 alia
839 2653 904 2682 quae
918 2653 970 2681 pro
984 2642 1143 2679 hujusmodi
1157 2643 1250 2680 eskip-

178 2691 316 2722 pamento
331 2682 480 2723 Equorum
494 2682 659 2721 necessaria,
676 2692 790 2713 necnon
807 2668 997 2713 Maerennum
1015 2682 1049 2712 ὃς
1065 2680 1182 2711 Buscam
1196 2691 1249 2719 pro

181 2722 286 2762 Cleiis,
304 2721 458 2759 Pontibus,
475 2721 589 2760 Bordis,
608 2721 713 2752 Raccis
723 2745 733 2759 ,
755 2722 788 2752 &
802 2721 859 2751 aliis
872 2719 1030 2751 necessariis
1044 2719 1202 2760 praediftis,
1217 2720 1248 2751 in

178 2760 269 2799 iocis,
287 2761 315 2789 in
325 2760 427 2791 Balliva
442 2768 489 2790 tua
521 2761 578 2790 tam
591 2759 663 2790 infra
676 2759 847 2798 Libertates,
866 2760 952 2797 quam
969 2766 1043 2789 extra
1053 2781 1063 2796 ,
1080 2758 1128 2788 ubi
1140 2758 1174 2788 ad
1188 2768 1250 2789 ma-

176 2799 223 2838 jus
235 2798 429 2829 commodum
441 2782 570 2827 nosirum
586 2798 619 2828 &
634 2798 800 2828 celeriorem
815 2797 1024 2835 expeditionem
1038 2796 1163 2833 Negotii
1176 2807 1249 2834 prae-

180 2836 269 2872 dieti,
283 2846 318 2867 ac
333 2837 427 2867 minus
440 2845 591 2875 gravamen
606 2835 774 2866 Hominum
795 2837 914 2876 partium
933 2835 1041 2866 illarum
1055 2857 1065 2873 ,
1089 2835 1148 2865 fieri
1168 2843 1249 2873 pote-

179 2876 234 2913 rit,
253 2875 337 2914 Qiot
351 2875 384 2905 ὃς
399 2882 483 2914 prout
497 2874 624 2912 praefatus
642 2874 812 2904 Admirallus
825 2898 835 2913 ,
860 2874 907 2905 vel
923 2875 979 2912 ejus
1000 2873 1116 2904 Locum
1132 2882 1248 2913 tenens,

181 2921 229 2944 aut
243 2914 278 2943 ab
297 2923 334 2943 eo
353 2912 527 2950 deputandus
541 2935 551 2950 ,
573 2913 624 2943 tibi
641 2912 710 2943 scire
729 2912 834 2944 facient
849 2936 858 2950 ,
881 2913 982 2952 absque
996 2912 1128 2942 dilatione
1142 2912 1250 2951 aliqua,

180 2952 339 2991 provideri,
357 2952 436 2989 capi,
455 2952 489 2982 &
505 2950 578 2989 fieri,
597 2951 631 2982 δε
645 2961 678 2981 ea
692 2950 726 2981 ad
741 2951 820 2989 loca,
839 2952 904 2990 ubi,
923 2961 972 2989 per
992 2951 1191 2981 avisamenrum
1206 2952 1250 2988 ip-

179 2991 292 3029 sorum,
307 2989 354 3020 vel
368 2989 483 3027 alicujus
497 2999 616 3026 eorum,
636 2988 764 3020 carianda
777 2989 899 3020 existunt
912 3012 922 3028 ,
945 2989 1012 3020 duci
1028 2990 1060 3019 &
1076 2990 1171 3019 cariati
1184 3012 1194 3027 ,
1216 2990 1249 3020 δε

179 3030 213 3060 in
228 3029 362 3059 Navibus
384 3029 453 3068 poni
466 3027 565 3066 facias,
580 3028 756 3058 excusatione
768 3037 949 3068 quacumque
965 3027 1100 3058 cessante:

218 3067 315 3098 Sciens
329 3076 382 3104 pro
398 3075 478 3097 certo
489 3066 584 3106 quod,
593 3066 610 3096 fi
620 3089 629 3104 ,
638 3067 680 3096 ob
692 3066 764 3106 negli
785 3067 894 3097 entiam
907 3066 953 3097 vel
966 3065 1139 3103 tepiditatem
1154 3074 1250 3105 tuam,

181 3105 293 3135 dietum
307 3104 466 3145 Paffagium
480 3105 610 3135 nostrum
625 3105 713 3144 (quod
724 3106 758 3135 ab
771 3105 802 3142 it)
817 3105 901 3135 fuerit
914 3105 954 3134 im
975 3104 1082 3134 editum
1091 3126 1100 3141 ,
1117 3103 1163 3134 vel
1177 3114 1250 3143 quc-

183 3143 340 3174 modolibet
353 3143 519 3174 retardatum
534 3166 543 3182 ,
570 3143 604 3173 ad
626 3152 654 3173 te
667 3166 676 3182 ,
701 3151 747 3174 tan
770 3153 835 3174 uam
856 3144 938 3174 nobis
973 3142 1197 3180 nobedientem,
1215 3152 1249 3174 ac

180 3181 316 3213 nostri&
330 3181 534 3213 Mandatorum
555 3181 720 3212 nostrorum
790 3190 983 3221 ntemptorem
997 3204 1006 3220 ,
1032 3180 1251 3220 nostrorumque

181 3219 321 3264 &Regni
334 3220 424 3264 nostri
436 3222 620 3258 negotiorum
628 3219 849 3260 Impeditorem,
867 3229 935 3251 cum
949 3221 1060 3259 rigore,
1078 3228 1162 3257 prout
1177 3229 1249 3250 con-

182 3267 280 3297 venit,
297 3268 454 3296 capiemus‚·

220 3296 258 3327 Et
275 3295 379 3327 Gustus
393 3297 475 3335 (quos
487 3298 562 3328 circa
573 3297 712 3337 praemissa
727 3296 893 3338 apposueris)
912 3306 980 3328 curn
995 3296 1057 3327 illos
1067 3296 1229 3327 sciverimus

181 3335 235 3365 tibi
249 3336 278 3365 in
289 3334 442 3372 Compoto
454 3343 521 3375 tuo,
538 3337 572 3366 ad
585 3336 764 3367 Scaccarium
776 3336 906 3367 nostrum
916 3359 925 3374 ,
940 3335 1051 3366 allocari
1065 3335 1208 3365 faciemus.

220 3372 275 3411 Et,
291 3373 312 3403 si
326 3373 399 3403 forte
413 3372 509 3404 Exitus
528 3374 641 3404 Ballivae
658 3383 716 3405 tuae
732 3399 742 3412 ,
769 3385 840 3413 quos
858 3376 890 3404 in
905 3383 1039 3414 promptu
1055 3373 1138 3404 habes
1151 3398 1161 3413 ,
1186 3384 1247 3406 non

183 3410 319 3443 fiifficianr
333 3412 368 3441 ad
379 3412 501 3451 sumptus
510 3412 670 3450 hujusmodi
683 3412 847 3444 faciendum
856 3436 865 3452 ,
883 3413 1028 3451 volumus,

223 3449 260 3480 Et
274 3449 326 3480 tibi
340 3450 425 3487 praeci
446 3451 536 3489 imus,
553 3450 631 3490 quod
651 3450 720 3490 illis,
738 3451 775 3482 de
790 3452 892 3489 quibus
909 3450 1067 3489 hujusmodi
1083 3449 1144 3480 Res
1160 3474 1169 3488 ,
1192 3461 1245 3492 pro

184 3488 397 3532 eskippamento
414 3459 557 3518 dierorum
572 3488 722 3526 Equorum
736 3512 746 3528 ,
767 3497 858 3527 captae
874 3489 976 3519 fuerint
989 3513 999 3525 ,
1019 3489 1096 3519 diem
1111 3488 1247 3528 affignes,

185 3527 333 3565 Videlicet,
347 3526 381 3557 ad
395 3526 511 3556 Festum
524 3525 687 3558 Nativitatis
700 3527 797 3558 Sanffl
811 3527 949 3566 Johannis
967 3526 1099 3565 Baptistae
1113 3529 1245 3566 proximo

182 3565 309 3596 fiitutum
320 3588 331 3604 ,
346 3564 421 3602 apud
437 3564 634 3603 Londoniam,
651 3565 686 3595 ad
706 3565 867 3596 solutiones
884 3564 1019 3595 Pecuniae
1033 3588 1042 3603 ,
1065 3565 1178 3595 finoulis
1196 3576 1245 3596 eo-

181 3613 247 3634 rum
257 3627 267 3643 ,
284 3614 337 3642 pro
351 3604 450 3633 Rebus
463 3603 501 3633 ab
516 3604 553 3633 eis
566 3604 680 3642 emptis,
695 3603 818 3643 debitae,
833 3602 941 3635 ibidem
950 3626 960 3642 ,
973 3604 1051 3642 juxta
1064 3588 1227 3635 lnd³enturas
1236 3627 1246 3643 ,

205 3652 251 3673 uas
265 3643 337 3674 inter
348 3642 397 3672 Te
410 3641 443 3671 &
458 3640 533 3682 Ipsos
545 3640 625 3678 super
636 3641 695 3671 hoc
708 3642 740 3671 in
751 3641 845 3673 forma
864 3641 958 3672 debita
972 3641 1031 3672 fieri
1044 3643 1192 3680 volumus,
1208 3642 1256 3675 de.

183 3651 314 3712 {erfonis
328 3704 339 3720 ,
363 3689 429 3719 quas
451 3680 470 3699 ’¹‘
485 3680 521 3710 ad
536 3679 623 3710 dietas
643 3678 802 3711 solutiones
816 3703 826 3719 ,
849 3679 917 3711 inde
928 3679 1080 3719 faciendas,
1097 3680 1245 3720 assignabi-

183 3727 263 3758 mus,
281 3718 482 3760 recipiendum.

470 2103 572 2133 omino
579 2125 587 2139 ,
606 2111 658 2132 nos
671 2101 817 2132 transferre
826 2124 836 2139 ,

180 3794 306 3864 brffie
321 3795 405 3837 Rege
426 3793 500 3834 apud
519 3792 806 3826 Westmonasterium
819 3817 830 3834 ‚
853 3794 989 3827 vicesimo
1009 3795 1112 3834 quinto
1129 3795 1177 3827 die
1189 3795 1213 3827 F
1214 3806 1243 3828 e-

869 3903 924 3932 Per
934 3901 1017 3941 ipfimz
1031 3904 1136 3940 Regem.

217 3974 331 4018 Eodem
344 3979 434 4011 modo
447 3988 624 4019 praeceptum
641 3978 682 4011 est
697 3978 806 4019 singulis
819 3977 1050 4011 vicecomitibus
1069 3978 1242 4020 subscriptis,

179 4013 230 4046 iiib
239 4015 338 4048 eadem
348 4016 410 4049 dam
417 4042 427 4057 ,
444 4019 591 4058 videlicet,

1237 3320 1248 3336 '
1285 3326 1345 3357 fino
1355 3326 1471 3371 Cragh,
1489 3325 1621 3356 Salutem.

1299 161 1776 210 PUBLICA.

1372 251 1402 277 V
1401 251 1525 280 icecomiti
1539 255 1614 283 surr.
2342 251 2419 282 ΑΠΠ·
2431 253 2474 283 D·

1371 289 1399 315 V
1400 291 1524 318 icecomiti
1536 290 1637 329 Suffl’x.
2368 298 2382 320 1
2390 292 2452 330 338.

1374 327 1403 353 V
1403 331 1528 356 tcecomiti
1543 329 1636 358 Sutht.
2338 330 2407 357 ΕΜ·
2429 340 2454 366 3·

1305 398 1462 433 Consimile
1476 401 1650 436 Mandatum
1662 404 1697 436 de
1708 405 1881 438 intendendo
1892 405 2024 439 Waltero
2038 405 2073 437 de
2086 405 2208 447 Manny.

1269 523 1319 554 De
1338 523 1521 558 Hominibus
1547 525 1592 559 ad
1611 529 1745 561 Lanceas
1755 554 1765 570 ,
1789 532 1826 567 &⁴
1850 532 2025 576 Sagittariis
2045 532 2076 562 in
2100 528 2308 563 Northwallia
2316 532 2331 573 ,“

1726 576 1875 623 eligendis.

1271 651 1333 715 R
1344 654 1429 699 Ex,
1448 655 1572 703 Diieero,
1591 659 1624 690 sc
1640 659 1729 691 Fideli
1741 660 1791 692 suo
1805 685 1815 699 ,
1836 662 1963 701 Johanni
1984 663 2021 694 de
2037 662 2201 700 warenna,
2219 661 2331 693 Comiti
2347 656 2411 687 Ann
2435 654 2479 687 D„

1287 733 1291 738 Π
1342 693 1460 733 Surriae,
1480 695 1615 727 Domino
1628 698 1663 727 de
1677 699 1820 730 Bromfeld
1834 701 1960 741 &Yaie‚
1977 702 2022 733 vel
2034 701 2091 739 eJ'us
2101 701 2215 732 Locum
2230 709 2330 732 tenen·
2363 696 2448 736 1338.

1272 741 1310 771 ti,
1330 740 1376 777 aut
1390 733 1563 773 Senescalio,
1579 736 1624 766 vel
1639 736 1746 767 Ballivis
1760 738 1811 768 suis
1824 738 1949 776 ibidem,
1968 739 2089 770 salutem.
2345 739 2398 762 As».
2419 744 2461 761 ¹2-

1311 770 1390 811 Qia
1404 796 1413 809 ,
1435 781 1487 811 pro
1508 773 1670 804 defensione
1691 776 1724 806 ὅ(
1743 775 1891 807 salvatione
1910 777 2007 814 Regni
2028 777 2137 816 nostri,
2162 777 2334 817 aliarumque
2346 778 2378 800 Ε·
2401 781 2426 808 3·

1271 809 1424 840 Terrarum
1441 810 1598 842 nostrarum
1635 813 1668 844 &
1679 812 1791 851 Jurium
1805 814 1933 845 Coronae
1949 815 2053 846 nostrae
2067 840 2077 852 ,
2098 826 2165 846 cum
2181 816 2331 846 Excercitu
2344 811 2462 839 Alcman.

1271 847 1372 893 nostro
1386 871 1395 886 ,
1419 849 1455 879 de
1476 849 1579 881 affensu
1598 836 1782 882 ssraelatorum
1796 875 1806 890 ,
1830 852 1998 892 Comitum,
2016 854 2049 885 δε
2069 854 2225 885 Procerum
2239 854 2333 894 Regni
2351 860 2392 878 12·

1272 887 1380 926 nostri,
1397 885 1456 922 &a
1466 896 1548 926 prout
1553 888 1640 928 ficpra
1654 891 1687 920 de
1700 893 1772 920 Dat.
1789 900 1837 928 24.
2347 893 2375 916 E.
2394 896 2421 926 3·

1301 924 1349 969 ⁸Et
1369 934 1480 956 certum
1500 937 1651 959 numerum
1673 928 1859 959 Wallensium
1875 953 1885 968 ,
1912 930 1969 960 tam
1991 929 2223 968 Sagittariorum,
2247 932 2333 969 quam
2347 934 2371 965 p-
2391 936 2414 954 ¹-

1272 963 1392 1008 ahorum
1407 964 1441 1009 ad
1458 965 1598 1005 Lanceas,
1617 966 1718 997 habere
1736 967 1867 998 volumus
1879 968 1912 999 ad
1932 968 2167 1008 proficiscendum
2181 970 2332 1000 nobiscum
2347 975 2383 994 m·
2399 971 2435 999 25
2442 988 2445 991 -

1274 1013 1303 1032 in
1317 1002 1484 1046 obsequium
1498 1004 1625 1035 nostrum
1640 1005 1845 1045 supradiecum,

1312 1040 1404 1084 Vobis
1411 1043 1447 1086 in·
1463 1041 1518 1072 fide
1530 1043 1564 1074 &
1579 1043 1733 1074 dilectione
1770 1046 1870 1085 quibus
1883 1045 1966 1075 nobis
1981 1046 2136 1082 tenemini,
2156 1045 2338 1084 mandamus,

1277 1078 1395 1124 firmiter
1408 1089 1437 1110 in
1449 1088 1599 1125 ungentes,
1618 1082 1700 1119 quod
1716 1067 1844 1114 C'entum
1859 1083 2004 1114 Homines
2020 1083 2188 1121 Wallenses,
2207 1084 2243 1113 de
2257 1084 2340 1115 dietis

1276 1117 1374 1148 Terris
1386 1119 1419 1149 &
1469 1129 1582 1163 ominus
1600 1119 1698 1151 vestris
1718 1121 1728 1158 (
1736 1122 1850 1189 graefate
1866 1121 1992 1159 Comes)
2007 1121 2043 1152 de
2056 1121 2203 1152 Bromfeld
2219 1123 2251 1153 &
2267 1122 2340 1152 Yale

1277 1158 1411 1200 (quorum
1427 1167 1482 1187 una
1498 1157 1630 1188 medietas
1645 1159 1676 1188 sit
1687 1159 1724 1189 de
1756 1160 1881 1197 agittan'is
1895 1183 1905 1198 ,
1930 1161 1962 1190 ὃς
1977 1160 2028 1190 alia
2042 1160 2172 1190 medietas
2184 1160 2220 1190 de
2234 1159 2341 1190 Homi-

1278 1195 1360 1238 nibus
1373 1195 1406 1225 ad
1415 1194 1550 1231 Lanceas)
1563 1206 1630 1226 curn
1644 1198 1726 1227 omni
1740 1198 1931 1236 festinatione,
1968 1198 2003 1229 ua
2016 1198 2073 1228 fieri
2087 1200 2209 1238 poterit,
2225 1198 2262 1228 de
2272 1198 2339 1229 Me-

1279 1233 1412 1272 lioribus,
1430 1233 1620 1265 Validioribus
1632 1258 1642 1274 ,
1668 1236 1702 1266 &
1718 1235 1890 1266 Fortioribus
1905 1259 1915 1274 ‚
1972 1237 2115 1267 ominibus
2132 1237 2286 1268 Terrarum
2304 1237 2339 1268 &

1280 1271 1489 1303 Dominiorum
1503 1272 1661 1303 vestrorum
1682 1274 1814 1313 (praefate
1828 1274 1953 1311 Comes)
1972 1274 2173 1314 praedietorum
2186 1276 2250 1311 (cui
2274 1285 2341 1306 uam

1280 1321 1338 1354 non
1350 1311 1513 1356 parcendo)
1525 1312 1649 1352 eligatis,
1666 1314 1770 1351 trieris,
1788 1313 1821 1344 &
1838 1313 1973 1352 arraietis,
1989 1313 2036 1344 vel
2050 1313 2132 1354 eligi,
2147 1314 2237 1353 triari,
2253 1285 2288 1346 gc
2299 1324 2342 1345 ar-

1279 1359 1375 1388 talari,

1319 1388 1358 1419 Et
1372 1388 1522 1432 praedi&os
1537 1388 1666 1420 Centum
1675 1388 1834 1430 Homines,
1852 1389 1985 1422 videlicet
2017 1389 2194 1429 Sagittarios,
2212 1389 2345 1421 Arcubus

1280 1435 1313 1456 ac
1333 1426 1445 1471 Sagittis
1458 1450 1468 1465 ,
1495 1428 1528 1458 &
1549 1428 1606 1458 aliis
1625 1428 1722 1459 Armis
1734 1452 1744 1468 ,
1772 1439 1806 1460 ac
1828 1437 1947 1459 caeteros
1963 1413 2124 1467 I-somines‚
2141 1427 2177 1458 ad
2200 1427 2343 1467 Lanceas,

1281 1464 1417 1503 Lanceis,
1434 1465 1544 1503 aliisque
1556 1467 1653 1505 armis,
1667 1467 1746 1505 juxra
1757 1467 1841 1498 status
1854 1467 1893 1498 sui
1909 1468 2085 1505 decentiam,
2103 1467 2224 1505 muniri,

1320 1502 1462 1542 Ipsosque,
1482 1505 1518 1534 sic
1534 1505 1653 1543 elerstos,
1671 1506 1768 1536 triatos
1780 1529 1789 1545 ,
1812 1507 1955 1544 arraiatos,
1974 1516 2008 1536 ac
2020 1506 2094 1535 bene
2114 1506 2252 1543 munitos,
2271 1503 2344 1535 libe-

1280 1542 1332 1571 rari
1347 1542 1449 1572 faciatis
1484 1541 1605 1573 Dileeris
1618 1544 1651 1574 &
1665 1543 1689 1573 F
1690 1544 1804 1574 idelibus
1818 1544 1934 1582 nostris,
1952 1544 2074 1575 Fulconi
2085 1543 2258 1583 Fitzswaryn
2267 1565 2276 1581 ,
2290 1542 2345 1582 Jo-

1281 1580 1369 1623 hanni
1390 1580 1426 1610 de
1445 1564 1602 1612 Cherleton
1622 1582 1723 1618 iuniori
1737 1605 1747 1621 ,
1770 1582 1903 1613 Roberto
1924 1582 1960 1612 de
1978 1582 2102 1622 Harleye
2114 1604 2124 1619 ,
2142 1581 2292 1619 Chivaler,
2308 1582 2344 1613 &

1282 1617 1413 1663 Griffino
1429 1618 1543 1657 Cragh,
1561 1619 1606 1650 seu
1621 1629 1722 1650 eorum
1735 1620 1818 1651 alicui
1832 1644 1841 1659 ,
1867 1631 1955 1659 quos,
1970 1621 2149 1658 conjuntfitim
2169 1621 2203 1651 &
2217 1620 2347 1661 divifim,

1282 1665 1333 1695 per
1347 1657 1437 1687 literas
1450 1656 1558 1687 nostras
1572 1657 1701 1689 Parentes
1716 1681 1725 1697 ,
1749 1658 1944 1697 affignavimus
1958 1660 2018 1689 tam
2036 1658 2071 1688 ad
2085 1658 2198 1689 eosdem
2212 1658 2346 1689 Wallen-

1283 1694 1339 1732 seS,
1357 1696 1443 1735 quam
1457 1696 1490 1726 ad
1505 1696 1571 1726 alios
1583 1719 1593 1735 ,
1615 1706 1685 1733 quos
1698 1698 1728 1727 in
1743 1697 1839 1727 Terris
1853 1698 1885 1728 ὃς
1901 1696 2044 1727 Dominiis
2063 1697 2182 1729 aliorum
2197 1697 2348 1727 Domino-

1282 1743 1363 1772 rum,
1380 1744 1413 1764 ac
1429 1735 1514 1764 etiam
1533 1736 1563 1764 in
1578 1734 1679 1765 nostris
1693 1736 1723 1764 in
1738 1735 1821 1765 dietis
1842 1736 1963 1775 partibus
1980 1734 2182 1767 Northwalliae
2197 1758 2207 1774 ,
2230 1735 2294 1775 eligi
2312 1736 2347 1767 δε

1281 1773 1388 1803 arraiari
1401 1772 1611 1812 mandavimus,
1627 1773 1661 1804 ad
1675 1773 1743 1803 Nos
1758 1774 1939 1812 ducendum,

1317 1810 1360 1842 Ita
1374 1810 1454 1850 quod
1468 1811 1631 1849 Eicitores,
1650 1822 1683 1842 ac
1697 1822 1799 1842 omnes
1814 1812 1971 1843 Wallenses
1989 1811 2136 1850 praediffi,
2155 1812 2228 1842 bene
2243 1813 2347 1843 muniti

1284 1849 1318 1880 δε
1333 1850 1458 1887 armiati,
1474 1860 1507 1880 ac
1522 1849 1558 1880 de
1574 1850 1630 1880 una
1646 1849 1729 1881 Sedis
1742 1850 1832 1881 vestiti
1845 1873 1855 1888 ,
1878 1851 1930 1881 fint
1948 1850 2021 1890 apud
2035 1850 2255 1889 Gippewicum,
2273 1852 2288 1880 a
2302 1851 2350 1881 die

1286 1887 1404 1918 Paschae
1418 1889 1552 1927 proxime>
1566 1889 1679 1927 futuro,
1697 1890 1727 1918 in
1744 1898 1833 1919 unum
1856 1888 1989 1919 Mensem
2008 1888 2043 1919 ad
2062 1890 2195 1919 ultimum
2229 1889 2262 1920 ad
2283 1899 2352 1927 pro-

1285 1926 1470 1996 Εξὶίἓςὲτέἀυῐῐι
1485 1926 1587 1958 exinde
1601 1950 1612 1966 ,
1637 1927 1671 1958 ad
1688 1926 1769 1959 vadia
1783 1926 1895 1966 nostra,
1916 1928 1947 1957 in
1965 1927 2135 1965 obsequium
2153 1912 2301 1967 nostrum,
2318 1935 2351 1958 ut

1285 1975 1301 1995 e
1358 1976 1366 1995 i
1401 1975 1459 1996 um.

1324 2003 1362 2035 Et
1375 2005 1432 2035 hoc
1442 2026 1451 2041 ,
1469 2003 1538 2034 ficut
1550 2003 1634 2043 Nos,
1650 2004 1684 2036 &
1698 2003 1853 2035 Honorem
1867 2003 2013 2042 nostrum',
2030 2014 2063 2035 ac
2075 2004 2264 2035 Salvationem
2272 2003 2352 2044 Reg-

1287 2043 1317 2073 ni
1331 2042 1419 2073 nostri
1436 2043 1470 2072 &
1481 2042 1610 2073 Coronae
1626 2043 1748 2080 nostrae,
1764 2043 1811 2072 dili
1834 2043 1893 2080 itis,
1911 2042 2003 2072 modis
2016 2044 2152 2073 omnibus
2170 2042 2290 2080 faciatis,
2309 2043 2350 2073 Ita

1285 2081 1365 2121 quod
1373 2105 1383 2120 ,
1403 2090 1455 2121 pro
1467 2081 1580 2112 defeitu
1594 2080 1748 2111 Elefflonis
1759 2082 1792 2112 ὃ(
1806 2051 1986 2111 firmationis
1997 2081 2173 2120 hujusmodi,
2192 2081 2268 2112 Paffa
2293 2082 2351 2111 ium

1285 2119 1415 2151 nostrum
1429 2120 1647 2158 quomodolibet
1661 2120 1816 2150 nullatenus
1827 2118 1981 2158 differatur,
1997 2120 2041 2151 seu
2055 2119 2218 2151 nostrorum
2231 2121 2264 2151 &
2305 2128 2354 2159 eg-

1286 2159 1316 2189 ni
1330 2159 1418 2189 nostri
1431 2159 1611 2197 negotiorum
1624 2158 1776 2196 Expeditio
1790 2157 1949 2188 retardetur.

1326 2197 1526 2228 Mandavimus
1539 2199 1616 2227 enim
1638 2195 1803 2227 Camerario
1823 2196 1922 2226 nostro
1942 2194 2145 2226 Northwalliae
2160 2219 2170 2234 ,
2192 2196 2272 2236 quod
2292 2204 2352 2227 tam

1286 2235 1388 2266 eisdem
1402 2234 1591 2266 Wallensibus
1608 2258 1618 2274 ,
1640 2236 1726 2273 quarn
1746 2234 1923 2265 Dustoribus
1935 2257 1945 2273 ‚
1970 2234 2015 2264 vel
2030 2234 2155 2265 Duistori
2169 2235 2353 2274 eorumdem,

1288 2274 1368 2305 vadia
1382 2274 1426 2305 sua
1444 2273 1543 2305 diurna
1556 2297 1566 2312 ‚
1590 2274 1606 2303 a
1619 2281 1747 2313 ternpore
1784 2284 1822 2303 uo
1840 2273 1867 2303 se
1881 2274 1896 2303 a
1911 2273 2026 2312 propriis
2048 2273 2169 2310 partibus
2189 2275 2351 2312 moverint,

1288 2313 1433 2354 quousque
1447 2313 1520 2356 apud
1534 2312 1645 2343 dietum
1659 2313 1756 2343 locum
1789 2322 1804 2342 e
1817 2311 1992 2349 Gippewico
2003 2312 2130 2342 venerint
2143 2334 2153 2350 ,
2167 2320 2257 2355 *prout
2269 2320 2351 2342 antea

1290 2353 1349 2383 fieri
1364 2352 1526 2389 consueVit,
1544 2351 1629 2389 solvi,
1647 2351 1773 2391 ipsosque
1788 2350 1824 2382 de
1839 2350 1895 2382 una
1915 2349 1999 2382 Secta
2013 2349 2108 2382 vestiri
2120 2350 2202 2382 faciat
2215 2373 2226 2390 ,
2245 2349 2282 2382 de
2296 2351 2362 2382 exis

1288 2392 1361 2424 tibus
1376 2389 1549 2423 Camerariae
1562 2389 1721 2421 antediCtae.

1323 2470 1412 2504 Teste
1428 2479 1459 2503 ut
1474 2471 1563 2510 supra?

1288 2546 1454 2580 Confimilia
1466 2548 1566 2580 Brevia
1579 2547 1738 2587 diriguntur
1744 2544 1882 2578 Dominis
1895 2546 1930 2578 &
1943 2545 1999 2576 aliis
2011 2543 2183 2585 subscriptis,
2199 2543 2235 2575 de
2248 2552 2359 2575 nume-.

1324 2597 1356 2618 ro
1364 2587 1530 2617 Hominum
1544 2587 1729 2617 Walleniium
1744 2585 1916 2625 subscripto,
1934 2585 1970 2616 de
1981 2584 2077 2615 Terris
2089 2585 2122 2616 &
2135 2582 2279 2614 Dominiis
2290 2582 2354 2614 sub⁴
2404 2588 2406 2590 ’

1326 2625 1446 2665 scriptis,
1465 2626 1514 2657 sub
1529 2625 1630 2656 eadem
1640 2624 1721 2664 data,
1736 2625 1883 2663 videlicet,

1328 2703 1445 2733 Ricardo
1458 2704 1557 2732 Comiti
1572 2700 1734 2732 Arundellae
1747 2725 1757 2738 ,
1781 2704 1898 2732 Domino
1916 2701 1948 2731 de
1963 2697 2174 2740 Ofiwaldestre,
2195 2697 2297 2737 chirk,
2313 2696 2353 2734 &-

1393 2740 1508 2779 Clonne,
1526 2741 1558 2770 de
1570 2744 1600 2770 C.
1617 2739 1801 2780 VVallenfibus.

1326 2779 1455 2847 Joharzm’
1468 2780 1500 2809 de
1517 2778 1764 2819 Cherletonftmori
1778 2802 1788 2818 ,
1813 2780 1929 2808 Domino
1943 2778 1974 2808 de
1989 2779 2085 2817 Powys
2098 2798 2108 2814 ,
2132 2775 2164 2805 de
2182 2778 2211 2805 C.
2230 2773 2352 2805 Wallen-

1403 2830 1412 2846 1
1432 2828 1470 2848 ur.

1325 2857 1345 2877 *⁶
1365 2818 1511 2887 Ws'illielmo
1525 2857 1557 2886 de
1570 2859 1668 2885 Monte
1680 2857 1789 2893 Acuta,
1808 2857 1906 2885 Comiti
1918 2857 2016 2885 Sarum
2031 2876 2041 2892 ,
2063 2855 2180 2883 Domino
2201 2851 2233 2882 de
2253 2855 2348 2893 Dyne-
2372 2849 2389 2886 *ἶ
2404 2851 2440 2879 V.
2454 2848 2481 2876 8-

1392 2894 1475 2933 begh,
1493 2895 1525 2924 de
1539 2893 1573 2923 xl
1584 2893 1767 2935 Wallenfibus.

1325 2935 1424 2971 Rogero
1436 2933 1467 2962 de
1481 2936 1567 2972 Grey,
1585 2935 1701 2962 Domino
1714 2933 1745 2962 de
1757 2930 1946 2971 Diffrencloyd
1977 2931 2009 2961 de
2023 2929 2063 2960 lx.
2078 2928 2186 2960 Wzllen
2196 2928 2261 2959 ibus.

1325 2975 1433 3009 Hugoni
1446 2970 1525 3012 Iyrel
1531 2994 1541 3010 ,
1561 2969 1665 3010 Custodi
1678 2973 1823 3000 :serrarum
1837 2972 1869 3001 de
1887 2954 2013 3000 Radnore
2022 2992 2031 3007 ,
2046 2970 2136 3008 Kery,
2214 2967 2354 3008 Werthey-

1393 3021 1464 3049 non,
1482 3021 1516 3039 ex
1530 3009 1708 3048 Commiffione
1720 3011 1815 3048 Regis,
1833 3010 1865 3039 de
1883 3012 1913 3039 C.
1929 3006 2112 3048 Wallenfibus.

2277 3146 2325 3156 *ἀν

1405 3157 1453 3188 De
1470 3155 1669 3190 Arraiatione
1677 3151 1819 3200 praediffa
1835 3151 1991 3200 diltgemer
1999 3148 2238 3197 fhpervidenda.

1356 3248 1381 3279 E
1391 3247 1423 3279 X
1442 3246 1563 3279 Diieecis
1575 3249 1609 3280 &
1623 3247 1764 3278 Fidelibus
1779 3245 1849 3284 suis,
1867 3244 1987 3276 Fulconi
2003 3244 2212 3282 Fitz-Waryn,
2223 3243 2349 3282 Johanni
2366 3242 2443 3274 Ann.
2458 3243 2501 3282 Dg

1359 3288 1394 3318 de
1407 3286 1564 3318 Cherleton
1573 3287 1697 3325 juniori,
1714 3286 1845 3316 Roberto
1858 3284 1894 3314 de
1901 3284 2024 3323 Harleye
2033 3308 2042 3322 ‚
2060 3283 2194 3315 Chivaler
2202 3305 2212 3322 ,
2225 3283 2258 3313 ὃς
2267 3281 2348 3312 Grif-
2386 3283 2471 3323 1338.

2363 3324 2416 3348 Atl-
2435 3332 2445 3348 Χ
2454 3332 2481 3351 2.

1286 3250 1348 3311 R

1321 3365 1420 3396 Sciatis
1433 3364 1513 3402 quod
1528 3387 1538 3403 ,
1561 3364 1631 3394 cum
1645 3386 1655 3402 ,
1678 3371 1728 3402 per
1739 3361 1844 3392 diversa
1863 3361 1961 3392 Brevia
1980 3359 2074 3390 nostra
2088 3382 2098 3397 ,
2123 3358 2348 3390 mandaverimus
2362 3363 2393 3387 Ε,
2416 3369 2442 3396 3.

1286 3403 1588 3471 Dominisff'errarum
1602 3402 1636 3432 &
1657 3401 1864 3432 Dominiorum
1882 3401 1911 3430 in
1932 3397 2126 3430 Northwallia
2140 3420 2150 3435 ,
2174 3397 2345 3436 subscripto-
2360 3397 2484 3429 Alemam

1282 3452 1345 3473 rum
1383 3442 1410 3473 vi
1431 3452 1447 3472 e
1458 3443 1512 3472 icet
2365 3445 2407 3464 12.

1317 3465 1442 3519 Jo'hanni
1457 3480 1492 3509 de
1505 3464 1650 3510 warenna
1665 3500 1675 3516 ,
1696 3476 1809 3517 Comiti
1822 3475 1942 3514 Surriae,
1961 3475 2041 3516 quod
2054 3473 2132 3518 ipse,
2156 3474 2185 3504 in
2197 3472 2294 3504 Terris
2307 3474 2342 3506 ὃς
2356 3477 2388 3501 Ε.
2410 3483 2436 3512 3.

1283 3519 1429 3550 Dominiis
1442 3517 1493 3548 suis
1506 3518 1542 3548 de
1556 3515 1700 3547 Bromfeld
1714 3517 1746 3546 ὅτ
1760 3515 1847 3553 Yale,
1865 3514 1992 3545 Centum
2007 3513 2167 3549 Homines,
2355 3517 2382 3548 p.
2400 3522 2424 3540 i.

1322 3556 1468 3594 Ricardo,
1483 3556 1594 3586 Comiti
1610 3553 1788 3592 Arundellae,
1825 3553 1884 3583 uod
1897 3553 1969 3592 ipse,
1987 3553 2016 3580 in
2030 3551 2130 3581 Terris
2144 3548 2343 3594 &1Dominiis
2354 3559 2392 3579 m.
2409 3559 2454 3586 ²4·

1282 3597 1335 3627 suis
1349 3596 1384 3625 de
1398 3593 1617 3631 Osewaldestre,
1636 3592 1747 3629 Chirk,
1760 3593 1793 3623 ὃς
1836 3592 1936 3628 lonne,
1953 3590 2082 3620 Centum
2095 3587 2256 3627 Homines,

1314 3634 1440 3674 Johanni
1451 3633 1487 3664 de
1500 3632 1657 3664 Cherleton
1670 3630 1787 3667 seniori,
1804 3629 1885 3668 quod
1897 3629 1952 3669 ipse
1964 3651 1974 3667 ,
1998 3629 2028 3658 in
2042 3626 2136 3658 Terra
2148 3627 2182 3658 &
2198 3626 2343 3659 Dominio

1282 3672 1330 3703 suo
1344 3673 1379 3703 de
1393 3671 1516 3711 Powys,
1532 3670 1660 3701 Centum
1675 3669 1832 3706 Homines,
2143 3704 2149 3709 .

1320 3710 1480 3741 willielmo
1493 3711 1529 3741 de
1538 3709 1643 3739 Monte
1658 3707 1772 3744 Acuto,
1791 3705 1901 3736 Comiti
1914 3704 2029 3744 Sarum,
2067 3703 2130 3747 uod
2141 3703 2212 3743 ipse,
2229 3703 2341 3736 inTer-
2379 3707 2381 3710 '

1280 3759 1308 3780 ra
1325 3751 1358 3781 &
1371 3748 1514 3778 Dominio
1525 3749 1574 3777 suo
1588 3747 1624 3777 de
1636 3745 1815 3785 Dynebegh,
1834 3744 2025 3782 Qiadraginta
2071 3752 2197 3780 omines,

1319 3787 1439 3826 Rogero
1452 3787 1488 3817 de
1502 3786 1598 3824 Grey,
1638 3784 1697 3814 uod
1712 3783 1783 3823 ipse,
1802 3785 1830 3813 in
1843 3781 1934 3812 Terris
1953 3783 1986 3812 &
2002 3781 2147 3812 Dominio
2159 3781 2210 3811 suo
2225 3780 2261 3811 de
2274 3779 2342 3812 Dif-

1280 3824 1446 3894 frenclloi'd,
1464 3824 1613 3860 Sexaginta
1717 3823 1721 3828 '

1317 3864 1356 3894 Et
1405 3863 1491 3902 ugoni
1503 3861 1606 3901 Tyrel,
1622 3831 1791 3899 qugdnirpsgz
1811 3861 1840 3889 in
1847 3858 1943 3889 Terris
1954 3858 1990 3888 de
2004 3857 2172 3897 Radenore,
2190 3856 2251 3888 Ker
2277 3881 2287 3896 ,
2304 3857 2339 3889 &

1279 3903 1401 3933 Werthe
1420 3911 1495 3939 non,
1511 3909 1577 3941 quas
1588 3907 1664 3931 tenet
1679 3907 1712 3929 ex
1731 3897 1931 3929 commissione
1945 3895 2039 3927 nostra
2053 3919 2063 3934 ,
2087 3896 2215 3928 Centum
2263 3897 2339 3927 omi-

1278 3939 1604 4018 nestiisciriierrnsecsar'nnium
1621 3985 1677 4006 una
1698 3974 1828 4006 medietas
1846 3973 1878 4005 fit
1898 3973 1934 4004 de
1947 3973 2115 4013 sagittariis,
2133 3974 2168 4006 &
2180 3973 2261 4005 altera
2277 3982 2339 4004 me-

1279 4018 1364 4051 dietas
1376 4016 1411 4047 de
1426 4015 1606 4046 Hominibus
1617 4013 1650 4044 ad
1665 4013 1789 4045 Lanceas
1797 4035 1808 4051 ,

1317 4055 1397 4088 Cum
1412 4055 1494 4086 omni
1507 4053 1686 4086 festinatione
1697 4076 1708 4092 ,
1734 4050 1865 4129 quaqfigri
1884 4051 2004 4091 poterit,
2021 4050 2058 4084 de
2076 4050 2247 4084 Melioribus
2253 4047 2340 4118 ,1ὶὲΙίἓῖ
2354 4101 2359 4109 ¹
