2562 4279
704 176 814 218 ET
896 175 1163 217 ACTA

0 271 76 302 Ann.
91 267 132 299 D.
151 267 256 304 Nous,
275 267 308 297 &
323 274 381 296 noz
394 266 498 304 Heirs,
516 275 551 296 en
567 264 662 295 nostre
675 263 811 294 Roialme
830 262 984 298 d‘Escoce,
1000 268 1121 291 countre
1140 265 1211 289 touz

20 317 103 348 1334·

0 351 66 376 Edv.
88 355 113 385 3.

12 1581 52 1605 Ex
67 1578 124 1604 Aa·

11 1623 76 1652 eogr.

16 2078 35 2097 ⁸
57 2079 110 2105 IV.

22 2125 86 2153 594·

37 2747 142 2777 ibidem.

153 316 224 336 ceux
241 307 270 343 qi
285 305 389 342 Nous,
409 306 441 335 ὅ(
458 313 515 333 noz
530 304 631 341 Heirs,
650 302 794 332 voudront
808 301 960 338 Guerrier,
977 310 1016 329 ou
1032 299 1057 328 le
1077 297 1153 327 droit
1175 298 1210 325 de

152 344 267 374 meisme
281 343 376 373 nostre
393 342 525 373 Roialme
539 352 586 381 par
602 342 682 370 force
698 340 872 378 empescher,
889 348 928 368 ou
950 337 1061 375 0111161,
1079 344 1152 365 totes
1173 334 1211 364 les

150 383 223 412 foitz
245 382 308 421 q’il,
325 391 365 411 ou
384 381 423 411 ses
445 380 547 418 Heirs,
565 380 696 410 serroient
717 378 809 416 requis
829 387 877 415 par
902 376 1010 414 Nous,
1027 385 1067 405 ou
1081 383 1129 412 par
1151 383 1211 403 noz

146 421 248 459 Heirs,

184 459 288 497 Nous,
863 491 868 496 Π

187 497 239 528 Ρ31
255 498 316 527 6616
330 497 425 534 cause,
445 496 478 526 &
514 505 545 525 ur
557 494 596 524 les
613 493 721 531 grandz
733 493 827 528 biens,
845 489 943 533 30163,
955 490 988 519 ὅ(
1002 489 1141 526 1101161113,
1155 497 1212 525 que

148 537 175 566 le
190 537 231 567 dit
246 535 341 565 nostre
356 534 475 564 trescher
509 534 622 571 eigneur
636 533 668 562 ὃ(
680 530 776 568 Cosyn
793 538 865 558 nous
879 528 913 557 ad
928 532 974 571 fait
990 536 1071 557 avant
1084 537 1130 557 ces
1144 526 1212 556 heu-

151 585 210 612 163,
229 575 264 604 (16
280 574 384 603 l’affent
400 573 447 602 des
464 571 590 608 Prelatz,
607 570 754 606 Countes,
773 567 895 603 Barons,
914 565 1079 602 Chivalers,
1097 568 1130 596 ὃ(
1142 573 1212 595 touz

151 622 241 644 autres
256 611 403 642 affembles
415 621 429 640 a
447 609 542 639 nostre
558 609 736 641 Parlernent,
755 606 868 636 somons
882 615 897 634 3
914 603 1105 642 Edenburgh,
1123 613 1158 634 en
1175 605 1212 633 les

153 651 288 682 Utasmes
308 650 343 680 de
365 649 389 678 13
412 647 593 678 Purification
614 646 709 676 nostre
725 644 837 680 Darne,
856 642 921 672 l'An
935 643 971 672 de
985 642 1100 680 Gracc,
1114 642 1213 672 solone

151 689 179 720 16
194 689 289 720 00013
303 688 338 718 (16
351 687 461 723 l’Eglise
472 687 507 716 de
521 685 636 722 Rome,
658 682 741 712 Mille
753 681 926 719 Trescentz,
945 681 1109 714 Trentisme
1124 690 1214 719 quart,

152 729 186 758 &
200 728 236 758 de
251 726 346 757 nostre
361 725 462 764 chne
477 723 604 760 Secund,
887 759 891 764 ¹
1013 759 1018 764 ¹

191 766 350 796 Grantoms
365 765 398 794 &
413 763 582 799 Obligeoms
598 760 699 796 Nous,
718 760 750 790 &
765 767 823 800 no}
835 758 977 796 Heirs,au
991 758 1031 788 dit
1045 758 1114 797 Roy
1128 756 1215 787 d'En-

153 804 288 843 gleterre,
307 804 340 834 ὃ(
363 802 401 832 ses
421 801 523 836 Heirs,
540 798 576 829 de
596 799 674 827 venir
695 807 729 827 en
748 800 883 836 persone,
898 797 936 826 od
951 805 994 827 tut
1011 796 1106 826 nostre
1122 797 1216 833 poan,

153 844 189 873 &
211 852 226 872 3
248 850 307 871 noz
327 839 461 878 Custages
475 839 507 869 &
524 836 695 873 Despenses,
713 836 751 866 od
767 835 791 866 le
806 835 901 873 Corps
914 835 1010 865 nostre
1024 835 1064 865 dit
1078 834 1215 871 Seigneur

154 881 181 910 le
202 881 262 910 Roi
280 877 488 917 d‘Engleterre,
503 877 535 906 &
558 874 597 904 od
620 874 658 904 les
682 873 776 912 Corps
797 873 833 903 de
853 874 891 904 ses
915 874 1015 911 Heirs,
1030 883 1065 903 en
1082 873 1217 903 Roialme

156 919 364 957 d’Engleterre,
382 916 416 946 ὃ(
428 925 456 944 63
469 913 574 943 Terres
588 912 623 942 de
639 913 726 943 Gales
741 913 773 943 &
787 911 960 949 d'Irlaunde,
979 922 1013 941 en
1028 911 1090 942 aide
1105 911 1141 941 de
1160 912 1217 949 lui,

158 958 192 988 &
212 957 248 986 de
265 956 303 986 ses
324 954 422 991 Heirs,
436 959 556 982 countre
580 960 650 981 touz
666 961 736 981 ceux
751 952 799 988 qui
813 950 957 981 voudront
972 950 1107 981 Guerrier
1121 950 1217 980 nostre

157 996 198 1025 dit
219 995 352 1032 Seigneur
369 991 394 1020 16
413 990 470 1020 Roi
491 989 701 1028 d'Engleterre,
720 990 753 1020 &
766 989 803 1019 ses
819 989 922 1028 Heirs,
938 999 976 1019 ou
991 999 1038 1026 par
1053 989 1133 1020 force
1154 989 1217 1019 lour

156 1034 245 1064 droits
259 1028 435 1067 empescher,
456 1038 484 1058 es
503 1028 563 1058 ditz
583 1028 716 1058 Roialme
736 1029 769 1059 ὃ(
789 1028 911 1066 Terres,
927 1036 999 1058 totes
1021 1028 1046 1057 16
1069 1027 1142 1058 foitz
1163 1037 1219 1066 que

159 1071 265 1106 Nous,
282 1078 321 1098 ou
342 1075 400 1097 noz
421 1066 525 1104 Heirs,
544 1066 649 1097 serrons
672 1068 763 1105 requis
778 1075 825 1104 par
838 1066 864 1096 le
877 1067 918 1097 dit
936 1065 995 1096 Roi
1008 1065 1220 1104 d’Engleterre,

159 1111 193 1140 &
208 1109 246 1138 ses
262 1106 360 1144 Heirs,
378 1105 416 1135 du
431 1105 631 1143 garniffement
645 1105 680 1136 de
694 1105 734 1146 sys
746 1114 843 1143 moys,
861 1104 959 1136 solone
973 1114 1027 1135 ceo
1044 1114 1101 1143 que
1122 1103 1220 1135 l'Estat

155 1148 192 1178 de
206 1145 358 1182 Bosoignes
373 1144 399 1173 16
410 1143 540 1174 demand.

196 1184 239 1214 En
262 1183 492 1221 Tesrnoignance
513 1182 548 1213 de
569 1192 644 1221 queu
666 1183 763 1213 choses
781 1192 853 1212 nous
868 1191 968 1213 avoms
982 1181 1030 1212 fait
1043 1182 1111 1212 faire
1133 1180 1222 1212 cestes

159 1232 218 1255 noz
232 1223 339 1252 Lettres
356 1220 493 1251 Parentes.

198 1261 278 1291 Don.
298 1270 313 1289 a
326 1259 512 1298 Edinburgh,
529 1270 565 1289 en
580 1258 677 1290 nostre
692 1258 733 1289 dit
748 1258 924 1296 Parlement,
943 1258 968 1289 16
982 1259 1018 1288 xii
1027 1259 1093 1296 jour
1114 1257 1149 1289 de
1169 1258 1222 1289 Fe-

157 1310 256 1337 verer,
273 1298 341 1329 l⁷An
356 1297 390 1327 de
405 1297 518 1337 Grace,
535 1299 568 1329 ὅ(
582 1298 618 1328 (16
635 1297 732 1328 nostre
747 1297 846 1337 Regne
861 1296 952 1328 susdit.

197 1376 252 1407 Sub
267 1379 370 1412 Magno
385 1372 474 1411 Sigillo
487 1377 596 1412 Scotiae,
615 1374 703 1404 viridi
715 1373 774 1404 ceni
785 1373 916 1413 impreffiz,
930 1374 1062 1414 pendente
1077 1385 1095 1403 a
1102 1373 1163 1416 filis
1176 1373 1224 1414 Je-

264 1417 342 1451 ricis,
360 1413 457 1444 viridis
472 1413 596 1454 rubeique
610 1412 708 1442 coloris.

659 1488 722 1520 111.

163 1569 332 1631 EDward
344 1580 392 1608 par
405 1569 430 1600 la
444 1579 544 1609 grace,
560 1570 620 1601 &c.

261 1608 358 1639 Come
379 1609 529 1648 n’adgaires
549 1609 656 1639 eusiens
676 1608 724 1639 fait
746 1608 813 1638 faire
829 1616 888 1639 noz
906 1609 1016 1640 Lettres
1029 1615 1158 1645 overteS,
1176 1616 1226 1637 en-

163 1647 244 1678 seales
258 1657 294 1677 en
309 1647 406 1678 nostre
418 1648 514 1685 Seale,
532 1657 568 1677 en
583 1647 671 1677 cestes
685 1647 808 1684 paroles,

201 1685 342 1724 Edward,
360 1696 410 1724 par
424 1686 448 1716 la
462 1695 545 1726 grace
557 1685 594 1715 de
606 1685 684 1716 Dieu
694 1709 703 1723 ,
721 1685 782 1715 Roi
793 1684 949 1723 d’Escoce,
965 1696 979 1715 a
990 1692 1061 1715 touz
1076 1693 1149 1714 ceux
1168 1680 1229 1717 &a

163 1731 194 1754 ut
204 1724 288 1791 &pra
302 1725 334 1754 dc
362 1728 430 1755 Dat.
451 1733 487 1755 12
509 1723 668 1762 Februarii,
687 1727 773 1753 Anno
794 1726 879 1760 Regni
894 1727 998 1762 primo,
1017 1724 1098 1762 usque
1116 1721 1157 1752 ad
1173 1720 1229 1751 haec

162 1774 214 1793 ver
225 1775 251 1792 ta
258 1773 269 1799 ,⁴
289 1775 351 1794 vtz.

202 1802 241 1832 Et
249 1803 277 1840 ja
288 1801 327 1831 les
341 1809 442 1832 avaunt
454 1800 513 1831 ditz
527 1800 704 1838 Monfieurs,
724 1798 889 1830 Alisaundre
903 1800 936 1830 &
950 1799 1061 1838 Johan,
1079 1806 1151 1830 ount
1168 1798 1231 1836 jure

166 1849 202 1869 en
218 1840 313 1870 nostre
322 1839 397 1870 alme
410 1839 446 1869 de
458 1839 547 1877 tenir,
556 1838 696 1878 garder&
708 1838 822 1876 parfaire
835 1847 906 1869 totes
922 1838 960 1868 les
971 1839 1067 1869 choses
1075 1846 1232 1868 contenues

167 1888 204 1908 en
219 1888 271 1908 nos
285 1878 345 1908 ditz
360 1878 486 1916 Lettres,

203 1916 308 1954 Nous,
325 1916 361 1946 de
383 1916 488 1946 l’affent
511 1915 559 1945 des
573 1915 700 1954 Prelatz,
720 1915 868 1954 Countes,
887 1915 1049 1953 Barounes,
1067 1914 1232 1951 Chivalers,

168 1954 203 1985 &
218 1963 286 1985 touz
297 1962 405 1993 autres,
422 1954 568 1984 affembles
582 1964 619 1984 en
633 1954 730 1985 nostre
744 1955 852 1992 present
869 1954 1032 1984 Parlement
1041 1977 1050 1991 ,
1059 1955 1082 1991 ja
1096 1953 1233 1984 somouns

166 2002 183 2022 a
197 1992 391 2031 Edenburgh,
410 1993 436 2023 le
449 1992 491 2022 dit
504 1992 643 2031 serment,
662 1994 695 2024 ὃ(
710 2003 842 2030 quanque
855 1993 893 2022 163
914 1993 974 2023 ditz
995 1992 1176 2030 Monfieurs,
1195 1991 1235 2021 A-

167 2031 302 2062 lisaundre
315 2031 449 2070 &johan
460 2055 469 2069 ,
487 2041 525 2061 ou
541 2031 567 2060 le
580 2042 618 2061 un
630 2031 666 2061 de
681 2041 752 2068 eux,
768 2039 839 2061 ount
855 2031 919 2070 fait,
939 2041 987 2068 par
1008 2040 1106 2061 vettue
1125 2030 1161 2060 de
1182 2039 1236 2060 nos

169 2069 240 2099 dites
263 2070 390 2107 Lettres,
409 2070 428 2089 *²
446 2079 482 2098 en
504 2068 601 2099 nostre
619 2079 715 2107 noun,
734 2080 802 2100 corn
824 2070 901 2100 desus
924 2069 965 2099 est
982 2069 1039 2107 dit,
1059 2070 1236 2106 Acceptoms

173 2108 206 2138 ὃ(
221 2106 409 2145 Ratificoms,
427 2107 612 2145 Approvoms
628 2109 661 2139 &
678 2107 903 2146 Confermoms,
922 2118 976 2146 por
990 2107 1095 2146 Nous,
1111 2117 1164 2145 por
1184 2116 1237 2137 nos

171 2145 275 2183 Heirs,
293 2146 326 2175 &
339 2155 391 2175 nos
406 2144 590 2176 Successours
601 2169 610 2184 ,
628 2156 644 2176 a
658 2154 728 2176 touz
737 2148 825 2185 jours.

211 2183 256 2213 En
271 2184 485 2220 tesmoignance
499 2183 535 2213 de
550 2184 645 2221 queles
660 2185 758 2215 choses
773 2195 789 2215 a
802 2184 890 2215 cestes
905 2195 957 2215 nos
976 2184 1087 2216 Lettres
1108 2184 1239 2215 Patentes

173 2231 275 2253 avoms
289 2222 338 2252 fair
354 2231 456 2252 mettre
467 2221 564 2252 nostre
578 2222 692 2253 Graunt
707 2223 776 2254 Seal.

213 2260 294 2290 Don.
313 2269 327 2289 a
341 2259 513 2329 Edenburlgh
530 2260 555 2290 le
569 2261 609 2290 xii
618 2262 683 2299 jour
698 2262 734 2292 de
754 2262 894 2301 Februer,
912 2261 978 2292 1’An
1000 2262 1037 2293 de
1055 2262 1241 2294 incarnacion

174 2300 238 2331 &c.
254 2299 287 2329 &
301 2298 337 2329 (16
352 2297 448 2329 nostre
497 2308 569 2338 egne
584 2299 707 2331 Secund.

217 2383 270 2414 Sub
285 2386 390 2430 Magno
403 2383 494 2431 Sigillo
506 2389 599 2416 Scotiae
608 2410 617 2425 ,
635 2388 722 2417 viridi
735 2387 796 2418 ιονιξ
810 2387 942 2427 impreffi,
952 2389 1087 2427 pendente
1099 2400 1117 2418 a
1124 2387 1186 2431 filis
1197 2387 1243 2428 Je-

283 2433 359 2463 ruis,
376 2424 474 2454 viridis
490 2424 616 2464 rubeique
631 2425 730 2456 coloris.

685 2501 746 2534 IV.

220 2575 357 2622 Concffo
376 2581 413 2613 V
410 2579 464 2612 illae
479 2583 516 2618 (ῤ’
536 2582 704 2614 Comitatus
722 2584 867 2614 Berewici
877 2608 886 2624 ‚
910 2585 947 2620 ὠ·
965 2584 1139 2615 Annexatio
1158 2581 1203 2615 ad

449 2630 595 2662 Coronam
614 2631 729 2676 anglia
745 2634 776 2662 in
787 2640 973 2676 perpetuum.

185 2722 404 2785 EDwardus,
419 2722 480 2767 Dei
492 2723 578 2763 gratia
595 2723 660 2769 Rex
675 2724 861 2770 Scottorum,
876 2725 1120 2772 Archiepiscopis,
1135 2726 1251 2772 Episco-

263 2771 321 2800 pis,
349 2761 526 2799 Abbanbus,
555 2762 718 2802 Prioribus,
737 2763 921 2804 Comitibus,
936 2765 1107 2806 Batonibus,
1125 2766 1253 2797 Viceco-

189 2799 322 2843 mitibus,
346 2798 522 2838 Praepofitis,
541 2799 697 2840 Ministris,
716 2803 748 2833 ὃ(
770 2803 904 2835 omnibus
924 2803 1032 2836 Ballivis
1052 2806 1085 2836 &
1110 2805 1252 2836 Fidelibus

186 2837 254 2875 suis,
274 2838 408 2869 Salutem.

224 2874 323 2906 Sciatis
336 2876 417 2913 quod
425 2901 436 2915 ,

228 2911 311 2944 Cum
326 2914 392 2945 Nos
407 2925 513 2953 nuper,

230 2950 447 2996 Con'fiderantes
461 2953 618 2998 3116611οηί3
630 2956 662 2987 ὅ(
675 2956 883 2989 benevolentiae
897 2959 1044 2996 puritatem
1054 2983 1064 2999 ‚
1078 2969 1162 2997 quam
1172 2981 1182 2997 ,
1200 2957 1258 2987 Ex-

192 2990 421 3034 cellennsfimum
434 2991 530 3023 Princi
552 3002 615 3032 6111,
634 2995 667 3025 &
682 2995 854 3026 cariffimum
874 2996 1057 3036 Dominum,
1075 2999 1108 3028 &
1129 2997 1259 3028 Consan-

194 3038 330 3067 guineum
354 3029 501 3069 nostrum,
551 3034 683 3062 ominum
704 3033 898 3074 Edwardum,
914 3034 1031 3072 Regem
1054 3036 1170 3072 Angliae
1191 3035 1260 3065 Illu-

196 3066 285 3097 strem
303 3076 368 3112 erga
389 3067 541 3099 Personam
560 3071 687 3101 nostram
709 3072 837 3103 habuiffe
853 3075 1062 3112 cognovimus,
1080 3075 1113 3105 &
1128 3083 1261 3113 magnam

197 3105 431 3151 subventionem,
451 3117 554 3151 quarn,
569 3119 629 3139 non
648 3109 751 3148 absque
772 3112 883 3148 magnis
902 3111 1063 3143 &infinitis
1077 3113 1262 3150 Sumptibus,

199 3144 238 3188 &.
250 3142 409 3188 Laboribus
423 3147 601 3185 periculofis,
620 3148 702 3178 nobis
715 3158 806 3187 nuper
819 3150 889 3180 fecit
909 3150 946 3181 de
965 3150 1046 3190 lpso,
1064 3152 1097 3182 ὃ(
1119 3150 1263 3181 Gentibus

199 3181 269 3219 suls,
286 3191 363 3213 circa
378 3182 638 3222 Recuperationem
652 3186 830 3218 Haereditatis
843 3187 947 3218 nostrae
956 3213 966 3226 ,

239 3219 286 3264 Ac
300 3219 501 3267 desiderantes,
518 3225 618 3255 intuitu
637 3226 866 3265 praemifforurn,
885 3226 1038 3258 Personam
1058 3227 1140 3265 ips1us
1160 3227 1265 3267 Regis,

201 3266 331 3296 quatinus
341 3267 410 3303 tunc
424 3261 507 3291 nobis
527 3262 640 3294 facultas
663 3263 842 3304 suppetebat,
860 3266 1016 3305 honorare,

202 3306 268 3327 nere
280 3297 438 3341 prospicere
450 3300 587 3338 gratioso,

242 3334 424 3378 Dedissemus
440 3338 474 3368 &
496 3338 742 3379 conceffiffemus,
759 3351 813 3380 pro
834 3341 949 3381 Nobis,
967 3344 1001 3374 &
1023 3343 1193 3374 Haeredibus
1214 3353 1268 3374 no-

206 3373 284 3411 stris,
302 3373 398 3418 Dare,
416 3374 577 3418 Affignare,
602 3379 636 3409 &
661 3378 787 3410 Liberari
807 3381 899 3411 facere
919 3383 1037 3420 praefato
1060 3382 1134 3422 Regi
1157 3382 1270 3419 Angliae

207 3411 281 3442 Duo
294 3411 386 3442 Millia
401 3412 580 3445 Libratarum
597 3415 699 3446 Terrae
714 3427 764 3454 per
778 3417 915 3457 Annum,
933 3431 981 3457 per
995 3422 1190 3452 rationabilem
1212 3421 1271 3451 Ex-

206 3458 401 3497 161113111,.1361δ
411 3452 517 3495 probos
529 3452 679 3492 homines,
698 3455 733 3484 ad
748 3455 805 3486 hoc
822 3465 856 3486 ex
871 3457 928 3487 una
942 3467 1018 3495 parte
1032 3461 1064 3490 ὅ(
1079 3460 1163 3490 alteri
1183 3459 1273 3497 depu-

208 3489 327 3533 tandos,
340 3489 408 3534 inde
430 3489 606 3534 faciendam,
624 3493 652 3521 in
673 3493 744 3523 locis
764 3496 994 3532 competentibus
1016 3498 1094 3535 super
1109 3497 1273 3529 Marchiam

210 3527 308 3596 Reffom
320 3528 409 3572 nostri
423 3527 545 3566 Scot1ae,
562 3529 595 3559 ὃ(
610 3529 797 3563 ad'accntibus
812 3532 923 3570 Regno
936 3534 983 3564 An
1004 3534 1066 3574 liae,

212 3567 1277 3654 ’1011ξ”ἀεὲἳὶἓὲἕυὲῗῑὲἑξςεὲὲἅζὲἓς,Βᾶθῖἕωῗὰέἓυξξξῖὲᾞ

215 3644 275 3682 013,
293 3643 327 3674 ὃ(
346 3643 516 3688 Haeredibus
535 3643 637 3674 nostris
678 3647 795 3682 praefato
815 3647 893 3687 Regi
939 3649 1021 3688 ngliae
1039 3649 1190 3689 Castrum,
1215 3650 1278 3682 Vil-

214 3681 290 3726 lam,
314 3683 348 3712 &
372 3681 551 3726 Comitatum
573 3682 609 3712 de
653 3686 774 3715 erewico
795 3685 874 3724 super
898 3686 1059 3726 Twedam,
1083 3690 1117 3720 ὃ(
1142 3697 1279 3728 quantum

217 3729 248 3749 m
265 3719 369 3750 eisdem
388 3720 553 3759 habuimus,
571 3722 616 3752 seu
631 3721 732 3752 habere
745 3723 893 3756 debuimus
908 3726 938 3755 in
958 3726 1076 3765 Feodo,
1095 3727 1141 3758 vel
1159 3729 1188 3758 in
1213 3728 1280 3759 Do-

219 3758 344 3797 minico,
362 3760 391 3788 in
408 3758 455 3790 tali
471 3759 582 3803 valore,
596 3769 688 3803 ‘quern
702 3760 794 3799 (11613,
812 3761 966 3803 0311111111,
985 3764 1108 3803 Villam,
1126 3767 1160 3797 ὃ(
1175 3765 1283 3797 001111-

220 3803 330 3865 tfzgturrg(3
351 3797 445 3828 valere
463 3806 613 3838 contigerit
632 3808 681 3836 per
704 3798 871 3840 Extentarn,
886 3801 954 3833 inde
977 3804 1008 3833 in
1028 3803 1124 3835 formai.
1146 3804 1283 3843 praedista

249 3842 310 3864 61611
330 3845 377 3865 3111
1023 3848 1026 3851 “

256 3870 298 3914 ,Εἰ
314 3859 532 3910 prorriifissemus
550 3875 631 3914 quod
651 3875 727 3914 hoc,
756 3877 835 3914 quod
853 3877 889 3908 de
910 3878 994 3909 dietis
1015 3879 1140 3911 Duobus
1164 3879 1285 3914 Milibus

225 3907 403 3954 Libratarum
424 3912 527 3944 Terrae
546 3924 596 3951 per
617 3914 737 3945 Annum
761 3915 921 3954 defecisset,
941 3917 1098 3948 faceremus
1114 3919 1239 3959 affignari
1252 3922 1286 3952 ὃ(

225 3946 335 3991 liberari
349 3951 465 3986 praefato
479 3951 558 3990 Regi
565 3952 679 3990 Angliae
694 3955 723 3983 in
738 3953 795 3984 aliis
807 3954 880 3984 locis
893 3957 1180 3996 competentibus,&
1192 3959 1288 3990 eidem

229 3982 311 4028 Regi
323 3986 432 4025 Angliae
445 3989 636 4029 placentibus,
651 3991 732 4029 super
745 3991 909 4023 Marohiam
923 3993 992 4024 (11611
1005 3993 1101 4034 Regni
1113 3996 1235 4036 Scotiae,
1255 3999 1289 4029 &

233 4021 432 4092 ὡξέΑᾷεξὲο
447 4027 492 4095 {g
513 4029 558 4059 liae
571 4030 777 4069 adjacentibus,

417 4073 435 4093 A

303 4101 376 4130 Tam.
392 4103 436 4131 IL
452 4104 486 4133 Ρ.
503 4107 564 4136 ΙΙΙ,

539 4076 678 4100 ENENDA
696 4068 788 4102 eidem
809 4068 884 4110 Regi
904 4069 1016 4111 Angliae
1029 4093 1041 4111 ,
1073 4072 1106 4104 ὃ(
1123 4071 1292 4106 Haeredibus

1244 147 1742 217 PUBLICA.'
2233 187 2310 225 107

1249 257 1319 301 suis,
1338 260 1393 288 una
1406 269 1474 289 cum
1490 261 1592 290 Feodis
1610 261 1756 299 Militum,
1780 260 2024 293 Advocationibus
2042 259 2210 291 Domorum
2230 258 2312 289 Reli·
2332 256 2456 287 Anni).

1249 297 1402 334 glosatum,
1426 297 1614 329 Ecclesiarum
1638 301 1669 330 &
1691 300 1888 338 Capellarum,
1912 300 2115 337 LibertatibuS,
2138 298 2313 336 Regalibus,
2348 304 2437 333 »1334-

1251 334 1358 372 Aquiss‘,
1378 334 1511 373 wiwariis,
1528 337 1561 366 &
1577 347 1644 367 cum
1658 337 1830 375 subjectione
1847 338 1995 377 Populi&
2011 337 2170 376 Gentium,
2188 337 2221 367 &
2241 346 2310 366 cum
2328 336 2394 361 Edv.
2414 344 2441 369 3·

1250 373 1383 402 omnibus
1396 373 1451 416 aliis
1466 374 1564 416 rebus,
1580 385 1644 412 quse
1658 376 1690 405 ad
1704 376 1797 415 (11613,
1815 375 1967 415 Castrum,
1986 376 2107 413 Villam,
2126 376 2158 406 &
2180 373 2312 405 Comita-

1251 416 1330 456 tum,
1346 419 1500 449 pertinent,
1519 414 1563 441 seu
1587 414 1726 449 pertinere
1744 423 1893 453 poterunt,
1922 415 1978 445 sine
1999 415 2057 445 ullo
2079 414 2312 450 Retencmento,

1250 448 1378 492 Separata
1394 450 1409 478 a
1425 448 1526 485 Regali
1540 450 1686 489 Dignitate
1701 452 1732 482 ὃ(
1750 451 1867 482 Corona
1890 454 2011 491 Scoriae,
2029 454 2061 482 &
2083 451 2183 490 Regali
2205 450 2311 490 Digni—

1251 494 1315 524 tati,
1339 486 1485 531 Coronae,
1510 498 1541 517 36
1565 489 1671 526 Regno
1694 490 1804 520 Analiae
1824 492 1962 528 perpetuis
1983 490 2157 530 temporibus
2177 489 2312 527 Α11116113,

1251 533 1335 562 prout
1357 536 1385 555 in
1405 526 1499 556 litteris
1519 527 1620 557 nostris
1640 527 1749 558 Patenti
1772 538 1818 566 03,
1837 530 1902 558 inde
1922 530 2079 567 6011166113,
2098 529 2206 566 plenius
2221 529 2315 558 conti-

1252 572 1350 601 netur,

1290 601 1374 640 Nos,
1398 601 1434 632 (16
1457 601 1561 632 assensu
1586 603 1787 640 Praelatorum,
1816 603 1985 643 Comitum,
2003 604 2161 642 Beronum,
2182 603 2314 635 Militum

1253 639 1286 669 &
1300 640 1420 669 aliorum
1439 640 1474 669 de
1488 641 1592 679 Regno
1609 642 1707 672 nostro
1723 643 1750 671 in
1766 642 1953 673 parliamento
1969 643 2085 681 nostro,

1292 677 1375 715 Apud
1392 678 1630 721 Edenburghxin
1645 679 1765 709 0613013
1779 680 1983 711 Purificationis
1997 683 2086 712 beatae
2103 679 2204 711 Mariae
2218 679 2314 720 Virgi-

1253 717 1312 753 nis,
1332 717 1421 746 Anno
1435 716 1559 754 Gratiae,
1579 718 1732 748 lecundum
1746 720 1989 756 computationem
2006 719 2141 750 Ecclesiae
2153 719 2315 756 Romanae,

1254 754 1428 793 Millesimo,
1454 754 1682 793 Trecentisimo,
1710 756 1872 786 Tricesimo
1899 766 2016 796 quarto,
2039 759 2072 788 ὅ(
2096 758 2190 797 Regni
2214 756 2315 787 nostro

1252 790 1395 831 secundo,
1415 802 1595 832 600νο6310,

1293 831 1498 870 Existeutium,
1518 831 1735 869 Donationem,
1754 831 1998 871 Conceffionem,
2016 833 2260 872 Affignationem,
2280 833 2315 864 &

1256 868 1497 908 Promiffionem,
1517 870 1622 900 nostras
1645 871 1790 908 praedictas
1812 879 2006 909 acceptanteS,
2025 872 2132 902 Statum
2157 874 2189 903 ὃ(
2207 872 2318 902 Posses-

1256 908 1381 946 sionem,
1402 919 1474 946 quos
1488 909 1563 939 idem
1581 908 1646 939 Rex
1662 908 1774 948 Angliae
1791 909 1819 938 in
1834 908 1934 947 (116113,
1952 908 2072 946 Castro,
2091 910 2179 947 Villis,
2198 912 2231 941 &
2254 910 2318 941 (20⁴

1257 947 1373 985 mitatu,
1391 946 1426 976 de
1441 946 1586 978 Berewico
1597 971 1606 986 ,
1625 949 1728 977 virture
1744 947 1930 983 Donationis,
1949 946 2146 978 Conceffionis
2156 973 2164 983 ,
2178 949 2210 978 ὃ(
2226 948 2318 987 Affig-

1257 986 1393 1023 nationis,
1412 985 1569 1015 nostrarum
1583 986 1797 1024 praedietarum,
1814 986 1870 1022 jam
1888 986 1989 1024 habet,
2008 996 2061 1024 pro
2084 985 2199 1024 Nobis,
2219 987 2320 1017 l-laere-

1257 1022 1357 1091 gibus,
1377 1026 1410 1055 &
1424 1024 1636 1055 Successoribus
1650 1023 1768 1062 nostris,
1786 1023 1970 1062 ratificamus,
1987 1022 2174 1065 approbamus
2196 1026 2228 1056 &
2249 1035 2321 1055 con-

1279 1072 1402 1092 rmamus

1296 1085 1427 1130 Necnoii
1440 1100 1555 1131 Totum
1565 1100 1615 1138 Jus
1629 1100 1662 1130 &
1678 1098 1825 1130 Clamium
1835 1123 1845 1138 ,
1861 1111 1925 1138 quae
1939 1102 1968 1131 in
1980 1100 2083 1132 eisdem
2093 1124 2103 1140 ,
2121 1100 2241 1139 Castro,
2259 1101 2322 1131 Vil-

1257 1137 1284 1168 la
1292 1161 1302 1177 ‚
1318 1139 1352 1169 &
1366 1138 1531 1177 Comitatu,
1548 1139 1699 1176 habemus,
1717 1139 1762 1167 vel
1774 1140 1803 1167 in
1817 1139 1942 1169 futurum
1956 1140 2059 1169 habere
2073 1141 2323 1177 poterimus,prae-

1260 1177 1318 1208 fato
1340 1177 1415 1216 Regi
1439 1177 1570 1216 Anghae,
1588 1178 1622 1208 &
1643 1176 1815 1207 Haeredibus
1835 1177 1903 1215 suis,
1917 1188 1970 1215 pro
1995 1177 2113 1216 Nobis,
2132 1178 2323 1216 Haeredibus,

1261 1216 1294 1247 &
1309 1215 1524 1246 successoribus
1537 1216 1658 1254 nostris,
1677 1224 1775 1245 tenore
1789 1215 1965 1252 praesentium
1980 1215 2164 1255 Relaxarnus,
2185 1216 2323 1246 Remitti-

1261 1264 1342 1292 mus,
1360 1255 1393 1285 ὅ(
1411 1254 1552 1291 Quietum
1566 1254 1721 1284 clamamus
1733 1255 1761 1283 in
1777 1263 1961 1292 perpetuum,

1299 1292 1352 1330 Et,
1372 1294 1407 1323 de
1421 1293 1531 1323 residuo
1545 1292 1690 1323 (1161010111
1706 1292 1842 1322 Duorum
1863 1291 1978 1322 Milium
2003 1291 2181 1322 Libratarum
2203 1292 2324 1331 Terrae,

1261 1331 1356 1361 eidem
1379 1331 1454 1371 Regi
1476 1331 1587 1368 Angliae
1607 1332 1637 1360 in
1648 1331 1704 1360 aliis
1718 1330 1788 1361 locis
1802 1329 1940 1369 praediffls
1955 1331 2147 1361 satisfaciemus
2161 1332 2237 1369 quta
2252 1331 2324 1362 Pro-

1261 1369 1422 1399 miffionem
1437 1370 1562 1400 nostram
1578 1368 1752 1407 praedietam.

1299 1409 1318 1428 ²*
1335 1407 1368 1438 In
1388 1409 1466 1446 cujus
1487 1410 1525 1438 rei
1546 1408 1778 1445 Testimonium,
1796 1407 1863 1437 huic
1878 1407 2003 1445 praesenti
2017 1407 2114 1438 Cartae
2128 1406 2257 1447 Sigillum
2272 1416 2325 1437 no-
2346 1413 2361 1428 *
2380 1414 2433 1442 tv,

1263 1446 1351 1477 strum
1366 1448 1394 1477 in
1409 1446 1514 1477 eodem
1531 1445 1719 1477 parliamento
1734 1445 1833 1476 nostro
1847 1446 1967 1476 fecimus
1980 1448 2093 1484 apponi.

1488 1521 1552 1553 Hiis
1567 1522 1720 1562 Testibus,
1738 1522 1950 1554 Venerabilibus
1963 1523 2106 1561 Patribus,

1302 1601 1338 1641 J.
1357 1599 1526 1642 Glafguenfi,

1304 1644 1346 1671 A.
1363 1640 1551 1680 Aberdenenfi
1557 1663 1566 1678 ,

1305 1682 1348 1709 Et
1368 1681 1412 1708 W.
1431 1677 1630 1719 Dunkeldenfi,
1648 1677 1810 1716 Episcopis:

1304 1720 1421 1747 Henrico
1436 1718 1468 1747 de
1487 1717 1564 1746 Bello
1584 1721 1681 1746 Adonte
1699 1721 1799 1746 comite
1815 1717 1848 1746 de
1865 1715 1999 1755 Boghan,

1307 1757 1411 1786 David
1426 1757 1457 1785 de
1475 1755 1612 1793 Strabolgi
1630 1759 1732 1785 Comite
1749 1754 1860 1795 Athol,

1306 1794 1473 1825 Alexandro
1491 1795 1523 1824 de
1537 1798 1634 1833 Seton,

1308 1834 1474 1864 Alexandro
1493 1834 1525 1862 de
1545 1833 1699 1871 Moubray,

1309 1871 1458 1941 EWillielmo
1478 1872 1509 1900 de
1528 1872 1603 1900 Keth
1622 1869 1767 1910 Senesc'allo
1785 1870 1902 1910 Hospitii
1919 1868 1974 1910 nost
1977 1872 2020 1908 ri,

1336 1920 1347 1942 t
1366 1911 1432 1941 aliis.

1309 1949 1377 1979 Dat.
1396 1959 1446 1986 per
1466 1958 1583 1979 manum
1606 1948 1751 1987 nostram,
1779 1947 1852 1986 apud
1873 1947 2071 1984 Edenburgh,
2095 1945 2271 1978 duodecimo
2290 1946 2335 1977 die

1273 1987 1433 2025 Februarii,
1450 1987 1539 2018 Anno
1554 1986 1682 2026 Gratiae,
1700 1989 1732 2018 ὃ(
1749 1987 1846 2026 Regni
1859 1985 1947 2016 nostri
1960 1985 2125 2026 supradicto.

1739 2062 1793 2094 Sub
1812 2066 1917 2101 Magno
1934 2061 2024 2100 Sigillo
2041 2065 2153 2102 Scotiae,
2172 2060 2232 2097 ὥσ.

1314 2141 1388 2172 Aeta
1402 2141 1463 2171 sunt
1476 2141 1556 2178 haec,
1574 2140 1679 2178 Anno,
1699 2139 1878 2179 indictione,
1895 2139 2016 2178 Mense,
2034 2138 2163 2178 Diebus,
2181 2140 2215 2171 ὃς
2235 2138 2339 2178 Loco,

1275 2180 1434 2218 praediffls,
1454 2180 1633 2217 praesentibus
1647 2179 1783 2209 Testibus
1795 2179 2045 2217 supranominatis,
2060 2179 2093 2210 ὃ(
2107 2178 2181 2216 aliis,
2199 2178 2257 2209 tarn
2271 2176 2342 2207 Cle-

1277 2220 1359 2256 11613,
1378 2218 1466 2257 quam
1482 2218 1592 2257 Laicis,
1611 2219 1753 2257 utriusque
1766 2217 1877 2258 Regni,
1895 2217 2003 2248 ibidem
2017 2218 2200 2256 convocatis,
2216 2217 2246 2246 in
2261 2215 2344 2246 Mul-

1277 2258 1396 2289 titudine
1409 2255 1546 2294 Copiosa.

1279 2336 1359 2389 ET
1372 2335 1448 2372 Ego,
1475 2331 1642 2363 lVillielmus
1663 2334 1694 2364 de
1714 2332 1828 2374 Sireston
1850 2331 1982 2372 Clericus,
2005 2331 2179 2374 Eboraceufis
2201 2330 2344 2372 Dioecefis,

1345 2373 1468 2402 Publicus
1503 2372 1657 2411 Apostolica*
1681 2374 1862 2411 austeritate,
1879 2373 2030 2409 Notarius,
2041 2372 2196 2412 praemiffis,
2220 2372 2283 2401 dum
2302 2381 2344 2400 co-

1279 2420 1341 2440 ram
1355 2414 1515 2449 Serenzyzmo
1529 2414 1660 2448 Domino,
1679 2414 1794 2441 Domino
1815 2410 1976 2449 Edwardo,
1990 2413 2045 2440 Dei
2064 2411 2179 2449 gratia,
2196 2413 2265 2447 Rege
2285 2412 2346 2438 Sco-

1283 2452 1347 2488 tiae,
1368 2448 1407 2483 &⁶
1429 2448 1616 2479 Parliamento
1631 2450 1698 2489 suo,
1711 2450 1848 2488 praeditflis
1868 2456 2027 2488 convocato,
2041 2456 2072 2478 ut
2090 2452 2290 2488 praemittitur,
2308 2446 2348 2481 ό

1276 2495 1328 2527 per
1340 2487 1420 2527 ipfirs,
1440 2490 1586 2517 Dominum
1599 2491 1714 2527 Regem,
1732 2487 1770 2522 (ἐν
1793 2487 2028 2526 Parliamentum,
2039 2486 2160 2528 fierent,
2180 2486 2218 2522 ὠ·
2237 2496 2349 2524 ageren-

1284 2534 1348 2566 tur,
1366 2526 1420 2555 unax
1445 2537 1502 2555 cum
1518 2527 1707 2566 suprascriptis
1723 2525 1857 2565 Testibus,
1875 2525 1913 2560 ὠ·
1929 2524 1991 2555 aliis
2005 2526 2208 2566 quampluribus
2222 2529 2251 2555 in
2270 2521 2350 2554 Mul-

1283 2565 1401 2595 titudine
1414 2563 1537 2605 Copiofii,
1551 2565 1666 2604 praefi’ns
1680 2565 1808 2605 interfui,
1828 2569 1933 2603 Anno,
1956 2564 2069 2604 Mense,
2087 2565 2205 2602 Diebus,
2220 2567 2291 2594 Loco
2311 2560 2350 2597 ό·

1285 2605 1451 2641 Ικιίίέῖἰσηε,
1476 2607 1570 2644 quibus·
1583 2606 1691 2643 supra,
1713 2614 1745 2633 ac
1757 2604 1891 2642 praedibia
1911 2603 2026 2632 dedum
2047 2602 2084 2638 ό
2106 2607 2217 2641 agitata
2236 2602 2270 2642 fic
2284 2600 2352 2643 fieri

1285 2643 1347 2673 vidi
1358 2641 1396 2677 &
1410 2642 1523 2672 audivi:
1542 2653 1641 2673 necnon
1654 2640 1692 2677 ὠ·
1705 2649 1867 2672 memoratas
1882 2644 1998 2671 Literas
2011 2653 2099 2672 omnes
2113 2642 2151 2677 ὠ»
2164 2640 2286 2683 fingulas
2295 2663 2304 2679 ,
2321 2643 2352 2669 in

1288 2680 1422 2711 tenoribus
1434 2679 1578 2721 &formis
1588 2681 1768 2720 praesc'riptis,
1783 2692 1836 2711 non
1852 2680 2000 2718 Abolitas,
2018 2692 2070 2711 non
2092 2680 2282 2717 Cancellatas,
2299 2688 2354 2708 non

1287 2723 1316 2750 V
1316 2723 1430 2759 itiatas,
1440 2719 1494 2759 sed
1510 2723 1599 2750 Sanas
1616 2718 1654 2754 (ῤ’
1676 2721 1820 2759 Integras,
1840 2719 1930 2756 Sigillo
1948 2719 2013 2748 diiii
2031 2723 2141 2749 Domini
2161 2722 2237 2755 Regis
2258 2720 2352 2747 Scotiae

1281 2758 1439 2799 figillatas,
1457 2760 1518 2789 vidi
1539 2757 1576 2793 &⁴
1594 2758 1714 2797 inspexi,
1732 2757 1773 2787 nil
1790 2758 1883 2787 addito
1904 2759 1953 2787 vel
1971 2759 2118 2797 diminuto,
2135 2757 2207 2798 quod
2219 2754 2357 2794 Effinffum

1291 2801 1402 2836 variet,
1420 2797 1470 2827 vel
1489 2800 1574 2827 vitiet
1587 2796 1791 2835 sententialiter
1811 2795 1993 2834 intelleeium,
2010 2807 2042 2826 ac
2061 2798 2164 2836 easdem
2185 2799 2215 2825 in
2236 2795 2289 2824 hiis
2303 2793 2356 2833 sex

1286 2840 1367 2875 peciis
1375 2839 1529 2874 pergameni
1537 2859 1546 2874 ,
1556 2834 1610 2877 filo
1624 2835 1685 2864 albo
1699 2834 1827 2873 confictis,
1839 2835 1949 2873 propria
1964 2846 2046 2864 manu
2053 2833 2144 2875 scripfi
2157 2833 2195 2869 &¹
2206 2832 2359 2881 publicavi,

1293 2886 1326 2904 ac
1342 2885 1426 2903 meum
1435 2873 1541 2915 fignum
1557 2873 1720 2913 confiaetum,
1736 2872 1795 2902 tcim
1809 2873 1982 2911 injuncium
1990 2878 2142 2912 peciarum,
2160 2884 2243 2913 quam
2256 2875 2285 2901 in
2297 2870 2359 2911 fine

1288 2913 1431 2952 praesentis
1446 2911 1620 2952 Instrumenti
1634 2910 1755 2950 Publici,
1771 2911 1828 2951 five
1843 2910 1975 2951 Proceffiis
1989 2911 2110 2952 Publici,
2128 2910 2232 2951 appofin'
2252 2916 2361 2948 rogatus

1296 2955 1325 2981 in
1339 2950 1524 2990 Testimonium
1531 2950 1734 2990 praemifforum.

1485 3078 1543 3109 Pro
1559 3074 1696 3122 Epifi‘opo
1718 3075 1849 3119 Dunenst
1864 3073 1992 3109 indebite
2009 3080 2182 3109 amerciato.

1302 3159 1522 3222 EDwardus,
1542 3161 1602 3192 &c.
1621 3161 1807 3206 Thesaurario
1821 3161 1871 3192 suo
1882 3160 2047 3206 Hib'erniae,
2060 3160 2104 3205 1161
2119 3160 2174 3198 ejus
2190 3160 2307 3191 Locum
2323 3166 2365 3190 te-

1380 3209 1475 3237 nenti,
1493 3201 1526 3230 &
1540 3199 1695 3230 Barombus
1709 3203 1760 3230 1013
1773 3199 1810 3230 (16
1822 3201 1972 3231 Scaccario
1986 3200 2149 3238 Dubliniae,
2167 3198 2301 3230 Salutem.

1342 3237 1443 3276 Licet,
1460 3237 1632 3269 Venerabilis
1647 3237 1746 3277 Pater,
1764 3238 1919 3277 Episcopus
1934 3238 2093 3276 Dunenlis,
2111 3247 2228 3276 coram,
2247 3237 2366 3267 Dilecto

1033 3266 1181 3305 iPffiquC
1202 3277 1267 3296 mu*
1305 3277 1338 3307 &
1356 3276 1446 3306 Fideli
1460 3277 1577 3315 nostro,
1596 3277 1726 3308 Antonio
1741 3276 1777 3307 de
1792 3277 1892 3315 Lucy,
1910 3286 1999 3314 nuper
2009 3276 2168 3314 Justiciario
2189 3275 2288 3306 nostro
2311 3275 2367 3305 Hi·
2385 3295 2413 3318 E.
2437 3299 2464 3326 3·

2343 1459 2410 1489 595-

2384 3174 2460 3205 Ann.
2470 3174 2514 3205 D,

2384 3221 2492 3280 2³³2*

1304 3316 1428 3354 herniae,
1445 3315 1622 3346 Amerciatus
1635 3315 1728 3346 fullset
1742 3315 1776 3345 ad
1791 3315 1918 3345 Centum
1933 3314 2064 3353 Mamas,
2074 3325 2110 3345 eo
2124 3314 2203 3353 quod
2217 3324 2275 3344 non
2290 3314 2367 3357 yenit
2382 3328 2504 3357 Extraei‘.

1305 3354 1340 3384 ad
1353 3353 1571 3385 Parliamentum
1589 3353 1738 3392 nostrum,
1755 3364 1844 3391 nuper
1860 3354 2066 3384 summonitum
2088 3353 2158 3392 apud
2183 3352 2348 3382 Dubliniarn
2359 3374 2369 3389 ,
2385 3373 2481 3396 Donat.

1308 3393 1354 3423 die
1371 3392 1462 3423 Lunae
1477 3392 1606 3430 proxima
1622 3393 1684 3431 post
1701 3391 1816 3423 Festum
1829 3391 2036 3429 Assumptionis
2049 3392 2137 3422 beat-„e
2153 3389 2367 3429 Mariae,Anno

1308 3431 1356 3462 Re
1376 3433 1406 3460 ni
1418 3431 1507 3462 nostri
1521 3431 1623 3469 Seno,

1348 3440 1425 3508 ἄη
1446 3469 1562 3507 quidem
1581 3468 1711 3500 Centum
1733 3468 1863 3507 Marcae,
1882 3479 1932 3509 per
1952 3469 2212 3499 Summonitionem
2231 3466 2372 3498 Scaccarii

1311 3507 1400 3539 nostri
1413 3507 1558 3546 praediffi,
1575 3518 1591 3538 a
1605 3507 1744 3545 praedicio
1757 3507 1901 3545 Episcopo
1912 3509 1969 3546 jam
1982 3509 2147 3544 exiguntur:

1349 3546 1387 3577 Et
1409 3548 1486 3583 quia,
1505 3556 1538 3577 ex
1560 3545 1747 3576 Testimonio
1770 3546 2010 3583 Fidedignorum,
2029 3546 2187 3582 accepimus
2202 3543 2281 3582 quod
2301 3553 2374 3582 prae-

1311 3585 1403 3653 dictu?
1417 3584 1572 3624 Episcopus
1584 3585 1620 3615 ad
1631 3584 1852 3614 Parliamentum
1867 3584 1994 3614 nostrum
2008 3583 2175 3622 praedidtum
2195 3582 2375 3620 personaliter

1314 3632 1385 3654 mter
1400 3632 1454 3654 uit·

1357 3661 1427 3692 Nos
1439 3648 1457 3699 ,³
1472 3661 1645 3692 advertentes
1675 3660 1755 3699 quod
1777 3659 1853 3690 idem
1874 3659 2032 3698 Episcopus
2057 3659 2182 3690 indebite
2202 3659 2380 3690 Amerciatus

1315 3700 1385 3769 salit,
1403 3700 1585 3738 volentesque
1605 3699 1697 3730 eidem
1719 3698 1863 3736 Episcopo
1886 3701 1915 3728 in
1935 3699 1987 3729 hac
2011 3706 2087 3736 parte
2103 3697 2161 3728 fieri
2177 3698 2255 3737 quod
2274 3699 2315 3728 est
2333 3700 2379 3738 ju-

1345 3749 1393 3769 um

1356 3763 1448 3807 Vo’bis
1469 3775 1633 3807 mandamus
1653 3774 1735 3812 quod
1754 3774 1922 3812 praedidlffltn
1950 3773 2122 3814 Episcopum
2138 3799 2148 3812 ,
2176 3775 2213 3806 de
2241 3774 2382 3815 praedistis

1321 3814 1450 3845 Centum
1467 3813 1591 3852 Marcis,
1609 3814 1769 3850 exonerari,
1785 3814 1819 3843 &
1832 3813 1898 3843 inde
1914 3815 2040 3851 quietum
2057 3813 2114 3843 esse
2128 3814 2239 3845 faciatis.

1358 3853 1448 3883 Teste
1458 3853 1485 3890 J.
1496 3852 1592 3890 Darcy
1601 3874 1611 3890 ‚
1622 3850 1867 3889 justiciario,&c.
1886 3851 1958 3889 apud
1975 3851 2160 3892 Dubliniam,
2169 3853 2287 3885 decimo
2301 3863 2385 3893 quar-

1323 3900 1355 3923 to
1367 3891 1411 3923 die
1425 3891 1584 3929 Februarii,
1604 3890 1693 3921 Anno
1706 3889 1802 3929 Regni
1813 3889 1904 3921 nostri
1916 3888 2042 3922 Octavo.

1829 4112 1897 4144 02

2344 4110 2394 4141 Su-

2385 3414 2488 3442 tangen-

2387 3445 2491 3472 Hibern.

2388 3487 2461 3510 Anno

2388 3526 2443 3558 Reg.
2459 3521 2487 3549 8.

2390 3564 2420 3588 Ε.
2438 3570 2462 3597 3.
2486 3568 2526 3593 mq

2396 3608 2439 3626 12.
