2562 4279
819 231 928 276 ET
1013 234 1270 278 ACTA

1354 237 1830 283 PUBLICA.

2317 256 2393 286 *mr

2317 273 2366 286 ας(

83 322 159 357 Amr.
173 319 214 354 D.
231 321 293 353 aliis
314 319 447 352 fidelibus
469 319 546 363 Regii·
560 321 652 352 Terrae
674 311 812 351 flandria
825 344 835 358 ,
863 320 1062 363 qubdpraefato
1077 325 1202 360 Hugoni,
1219 329 1284 350 tan·
1331 331 1413 366 rum,
1432 324 1460 353 in
1479 323 1590 355 diversis
1606 326 1676 357 locis
1691 350 1700 364 ,
1717 328 1865 358 occafione
1878 326 2042 368 Progressus
2057 329 2095 359 sui
2111 329 2258 360 nobiscum
2272 330 2300 358 in
2318 330 2384 359 Ob·
2405 327 2476 358 Ann.
2495 328 2533 361 D,

106 364 189 403 1346.
231 366 312 403 quam
326 360 526 399 Capitaneosuo
540 357 578 393 ὠ*
594 361 694 388 Locum
710 362 786 396 Regis
801 363 913 388 Tenenti
927 363 956 388 in
966 361 1100 398 praedieffci
1110 361 1193 390 Τεννά
1203 359 1287 389 Flan-
1333 360 1457 398 sequium
1474 363 1620 401 nostrum,
1639 365 1671 394 ad
1688 375 1775 402 partes
1795 366 2002 397 Transmarinas
2012 392 2021 404 ,
2040 368 2136 398 fecerit
2149 391 2159 406 ,
2186 378 2234 406 per
2250 369 2328 406 quod
2343 369 2386 397 di-
2434 371 2518 407 1345.

82 405 149 431 Exv.
170 412 195 439 3.
232 402 317 438 driae,
334 403 362 428 in
373 398 508 437 praemtffis
521 397 639 428 omnibus
653 396 690 432 ώ-
697 397 809 438 fingulis
824 398 998 428 [attendentes
1005 399 1082 439 sint,
1101 398 1284 438 Cozgst'dlentes,
1333 400 1416 430 verris
1430 399 1623 432 Creditoribus
1637 404 1664 432 in
1679 405 1786 440 magnis
1796 403 1984 434 Pecuniarum
2000 406 2124 435 Summis
2136 415 2267 436 oneratur

234 437 273 474 ὠ
288 437 478 468 AuxIIiantes.

272 513 363 545 Teste
375 522 406 544 ut
419 511 507 551 supra.

237 637 288 670 De
313 633 443 669 Arbiero
466 639 498 668 in
527 632 689 681 Quaestione
703 635 794 725 sistier
818 634 997 668 Hereditate
1017 634 1150 682 Philippa
1180 639 1292 681 Regiae

684 695 735 715 con
760 693 782 714 1!
785 693 815 714 lis
820 696 845 716 0.

87 769 163 801 Ann.
176 763 220 802 Di

116 809 202 848 1346.

87 854 140 876 Aa.
157 858 201 875 20.

243 766 373 826 REX
398 769 565 808 Univerfis,
584 768 729 808 praesentes
743 766 848 810 Literas
861 767 1038 808 inspecturis,
1055 769 1186 801 Salutem.

343 808 452 839 Vestrae
466 809 598 840 volumus
613 811 705 845 patere
719 807 826 835 notiuae
838 807 917 844 quod
926 829 935 844 ,
1073 841 1075 844 ι

279 844 378 886 Cum,
396 857 446 885 per
459 856 599 880 mortem,
618 842 733 874 celebris
748 845 912 882 memor-ire,
933 844 1080 876 Willielmi
1095 846 1219 878 Comitis
1233 846 1295 877 Ha-

239 886 334 915 noniae
346 909 355 923 ,
383 884 537 915 Holandize
549 906 558 921 ,
584 882 730 913 Zelandiae
745 904 754 919 ,
770 883 803 912 ὃς
818 881 941 912 Domini
955 883 978 912 F
981 884 1065 923 riliae,
1084 884 1192 916 Sororii
1206 885 1294 916 nostri

238 923 385 960 cariffimi,
405 923 571 958 Hereditas,
590 922 634 951 vel
655 921 720 951 Pars
740 920 917 950 Haeredimris
934 921 1058 960 legitima
1072 923 1140 953 dieu
1153 923 1295 961 Comitis,

238 961 271 990 ad
291 960 462 991 consortem
481 959 605 990 nostram
633 958 796 989 carissimam
811 983 819 996 ,
848 958 1003 996 Philippum
1018 960 1158 1000 Reginam
1173 963 1298 993 Franciae

239 1000 272 1030 &
286 999 414 1036 Angliae‚
433 998 567 1029 Sororem
582 998 651 1028 dieti
667 997 809 1036 Comitis,
825 998 856 1027 &
874 996 907 1027 ad
922 1007 973 1027 nos
988 999 1044 1036 ejus
1060 1001 1192 1038 nomine,
1211 1001 1242 1032 iit
1256 1002 1297 1032 le-

238 1039 340 1077 gitime
351 1036 496 1075 devoluta,

278 1076 324 1106 Ac
339 1076 409 1105 inter
423 1075 490 1105 Nos
505 1076 538 1106 ὅς
553 1075 670 1106 Sorores
683 1074 769 1105 dietae
782 1073 929 1104 Consortis
942 1074 1064 1114 nostrce,
1085 1076 1117 1106 ὃ(
1133 1087 1227 1107 earum
1243 1077 1296 1108 Vi-

239 1123 286 1143 ros
303 1113 348 1143 seu
373 1113 493 1144 Maritos
508 1138 518 1152 ,
543 1114 622 1154 super
636 1113 806 1144 l-laereditate
820 1136 829 1150 ,
854 1112 900 1143 vel
914 1112 995 1144 Parte
1009 1115 1161 1154 praedicta,
1179 1116 1296 1148 suboriri

228 1152 368 1183 ‘timeatur
383 1153 495 1182 materia
512 1152 702 1190 Qtaestionis,

276 1187 415 1228 Cumque
427 1214 437 1228 ‚
459 1189 512 1221 Vir
527 1190 659 1227 Nobilis,
677 1188 877 1220 Theodericus
890 1188 1036 1222 Dominus
1049 1191 1084 1223 de
1100 1191 1210 1224 Monto
1222 1198 1245 1224 'e
1261 1195 1295 1226 &

238 1226 304 1258 Falk
325 1228 478 1267 ngburgh‚
496 1228 595 1259 Fidelis
609 1228 703 1258 noster
717 1228 850 1266 dilectus,
869 1229 983 1266 cupiens
1003 1231 1072 1260 inter
1087 1241 1139 1261 nos
1155 1233 1188 1263 &
1227 1242 1297 1262 artes

237 1276 295 1305 prae
317 1267 383 1297 istas
401 1277 520 1296 ornnem
542 1267 729 1297 Dissenfionis
750 1265 904 1296 Materiam
923 1274 1066 1305 amputare
1080 1292 1089 1307 ,
1107 1279 1222 1308 propter
1237 1270 1296 1302 hoc

240 1308 312 1336 inter
327 1315 379 1335 nos
391 1306 424 1336 &
439 1304 525 1335 dietas
540 1305 633 1336 Partes
650 1300 824 1336 inchoaverit
839 1304 979 1344 laborare,

276 1343 359 1381 Nos,
377 1353 445 1374 cum
459 1343 621 1382 praescriptis
633 1341 762 1374 Partibus
774 1343 874 1372 habere
888 1341 994 1373 Pacem
1016 1344 1049 1374 &
1065 1344 1208 1377 Amicitiae
1226 1358 1298 1378 con-

241 1380 369 1412 stantiam
383 1381 562 1420 affeetantes,
580 1392 613 1416 ac
623 1381 660 1412 de
674 1380 928 1418 circumspectione
950 1383 983 1413 δε
999 1384 1107 1413 matura
1121 1387 1298 1422 providentia

238 1420 345 1457 praefati
365 1420 489 1450 Domini
508 1420 544 1450 de
564 1417 718 1460 Montjoye
735 1420 768 1449 &
789 1419 1006 1458 Falkyngburgh
1019 1421 1138 1458 plenarie
1152 1424 1298 1455 conliden-

239 1466 280 1488 tes
293 1481 304 1497 ,
327 1460 356 1488 in
375 1459 464 1497 ipsum
487 1458 729 1495 Theodoricum,
755 1467 889 1495 tanquam
909 1459 938 1488 in
959 1459 1121 1497 Arbitrum,
1141 1461 1298 1494 Arbitmm-

238 1506 301 1526 rem
308 1519 318 1534 ,
336 1497 380 1527 seu
398 1497 577 1527 amicabilem
598 1493 851 1536 Compolitorem,
869 1496 966 1526 nostro
986 1497 1020 1527 &
1041 1497 1203 1536 supradiche
1215 1500 1296 1532 Con-

237 1534 318 1565 sortis
336 1535 441 1571 nostrae
463 1537 581 1566 nomine
593 1558 603 1572 ,
628 1535 707 1572 super
726 1535 862 1565 omnibus
885 1536 917 1565 &
934 1535 1044 1573 fingulis
1059 1536 1210 1577 Negotiis,
1223 1539 1300 1577 Juri-

240 1573 308 1611 bus,
327 1573 553 1612 Controversiis,
570 1575 604 1604 &
621 1573 756 1611 Debatis,
772 1571 974 1602 Haereditatem
987 1597 997 1610 ‚
1016 1574 1061 1603 vel
1075 1574 1186 1606 Partem
1199 1579 1300 1614 praedi-

240 1612 334 1651 etam,
352 1612 420 1643 Nos
440 1612 485 1643 seu
507 1612 666 1651 Reginam,
686 1610 859 1641 Consortem
880 1610 1004 1641 nostram
1027 1613 1210 1653 praedicst‘am,
1229 1626 1302 1654 quo-

239 1659 299 1687 quo
316 1651 406 1681 modo
421 1652 613 1690 tangentibus,
631 1651 716 1681 motis
732 1649 777 1681 vel
792 1649 1152 1687 movendi5,consenrimus
1167 1655 1200 1684 &
1216 1663 1303 1686 com-

238 1690 431 1727 promittimus
445 1699 493 1727 per
506 1689 669 1727 praesente53

279 1727 413 1758 Volentes
433 1729 467 1759 &
486 1727 675 1758 concedentes
694 1726 776 1765 quod
795 1723 871 1756 idern
890 1725 1092 1758 Theodoricus
1113 1730 1301 1770 pronunciet,

240 1765 379 1805 diffiniat,
396 1765 526 1805 ordinet,
544 1766 577 1796 δε
593 1766 736 1796 arbitretur
746 1788 755 1803 ‚
772 1765 861 1794 libere
875 1765 908 1795 ὃς
923 1765 1123 1806 effectualiter,
1137 1768 1302 1806 judicialiter

238 1813 273 1834 ac
296 1804 490 1835 sententialiter
503 1827 513 1844 ,
538 1804 583 1835 seu
595 1803 776 1835 amicabiliter
790 1803 824 1833 ὃς
836 1803 1090 1844 extrajudicialiter,
1108 1807 1186 1844 super
1200 1810 1302 1845 praedi-

239 1843 293 1872 &is
305 1843 439 1874 omnibus
455 1844 526 1873 inter
539 1842 610 1873 Nos
622 1843 654 1874 &
668 1841 841 1873 Consortem
866 1841 993 1871 nostram
1011 1853 1044 1872 ex
1060 1844 1131 1882 una,
1150 1846 1183 1875 ὃς
1199 1847 1302 1882 praedi-

240 1881 300 1911 <stas
324 1881 418 1912 Partes
438 1891 514 1919 parte
532 1890 566 1911 ex
585 1880 670 1912 altera
683 1905 691 1918 ,
723 1881 792 1922 citra
807 1879 884 1909 diem
910 1880 984 1910 Festi
1007 1881 1171 1913 Nativitatis
1192 1883 1301 1914 Christi

238 1921 375 1956 proximo
396 1921 521 1950 futurum
534 1943 544 1958 ,
569 1930 658 1950 omne
678 1919 756 1957 quod
776 1918 827 1948 nbi
849 1917 938 1949 visum
958 1919 1040 1950 fuerit
1062 1930 1115 1958 pro
1129 1923 1211 1952 omni
1225 1932 1301 1962 parte

239 1958 388 1994 expediens
404 1958 436 1989 &
450 1958 609 1989 consonum
625 1958 742 1995 rationi3

278 1995 481 2027 Promittentes
494 2021 503 2034 ,
529 1996 606 2027 bona
626 1996 696 2034 fide,
716 1995 816 2026 nostro
829 1995 861 2025 δε
874 1995 958 2026 dietae
972 1995 1076 2027 nostrae
1091 1996 1238 2029 Consortis
1251 2009 1305 2030 no-

241 2035 320 2064 mine
337 2058 346 2073 ,
371 2035 427 2065 s1ve
448 2037 512 2065 vice
528 2058 537 2073 ,
563 2036 596 2065 &
617 2045 669 2065 nos
683 2034 717 2065 ad
731 2035 788 2064 hoc
804 2033 1001 2071 astringentes,
1019 2036 1068 2065 sub
1084 2047 1179 2067 rerum
1194 2037 1303 2068 nostra-

242 2083 306 2103 rum
323 2073 446 2113 ypoteca
460 2098 469 2111 ,
496 2073 577 2111 quod
590 2072 743 2112 quicquid,
760 2073 830 2103 infra
842 2073 952 2103 dierum
969 2074 1160 2113 Terminum,
1176 2086 1226 2113 per
1241 2086 1302 2107 me-

241 2120 386 2142 moratum
403 2112 644 2150 Theodoricum,
664 2112 887 2142 Pronunciatum
901 2112 929 2141 in
945 2111 997 2142 hac
1015 2122 1107 2152 parte,
1124 2114 1170 2144 seu
1184 2114 1303 2145 Diffini-

241 2157 323 2188 tum,
341 2151 374 2181 &
397 2151 572 2182 Arbitratum
587 2174 596 2189 ,
623 2151 668 2181 vel
692 2151 776 2181 etiarn
791 2149 962 2180 Ordinatum
979 2151 1061 2181 fuerit
1068 2173 1077 2189 ,
1097 2153 1177 2190 quod
1186 2153 1253 2184 Nos
1269 2164 1302 2184 ac

239 2188 316 2218 dieta
336 2189 465 2227 Philippa
481 2189 593 2229 Regina
617 2189 646 2219 id
667 2190 792 2219 omnino
813 2187 949 2218 debemus
969 2191 1108 2227 perpetuis
1129 2192 1303 2229 temporibus

240 2226 357 2258 firmiter
371 2229 532 2266 observare,
551 2230 608 2258 hoc
623 2229 705 2258 nobis
720 2227 753 2258 ὃ(
768 2225 904 2258 Consorti
924 2228 1029 2258 nostrae
1052 2229 1187 2260 reservato
1199 2231 1303 2268 specia-

239 2265 303 2295 liter
316 2268 350 2297 &
365 2267 488 2304 expresse
504 2266 657 2305 (videlicet)
675 2267 693 2296 si
707 2265 800 2296 dietus
814 2265 1015 2296 Theodoricus
1030 2289 1040 2305 ,
1065 2276 1216 2306 antequam
1233 2279 1304 2308 prae-

243 2304 343 2335 libatus
367 2305 529 2337 Nativitatis
553 2304 659 2335 Christi
679 2304 834 2334 Terminus
856 2313 1015 2342 praetereat,
1034 2304 1150 2336 finaliter
1165 2317 1224 2337 non
1239 2318 1305 2345 pro-

246 2344 439 2382 nunciaverit,
455 2343 616 2382 diffinierit,
634 2343 680 2373 vel
694 2343 867 2373 ordinaverit
878 2343 906 2371 in
923 2342 1084 2382 praemissis,
1104 2346 1184 2382 quod
1200 2347 1305 2378 imme-

244 2380 340 2420 diate,
357 2382 416 2419 ipso
439 2381 525 2412 Festo
540 2381 705 2412 Nativitatis
719 2379 827 2411 Christi
841 2380 950 2418 elapso,
971 2382 1088 2418 praesens
1106 2382 1306 2422 Compromis-

243 2419 320 2458 sum,
338 2420 533 2458 hujusmodive
548 2420 642 2451 nostra
659 2418 833 2457 Concessio,
852 2419 992 2457 praedi&o
999 2420 1192 2453 Theodorico
1207 2424 1235 2452 in
1251 2424 1305 2454 hac

242 2467 320 2495 parte
333 2458 422 2497 faeta,
441 2459 543 2489 nullius
559 2460 684 2490 omnino
701 2459 733 2489 fit
747 2459 869 2497 vigoriS,
888 2458 1013 2496 virtutis,
1029 2459 1074 2489 seu
1090 2461 1174 2491 etiam
1188 2460 1306 2492 firmita-

243 2498 292 2534 εἰς,
311 2507 365 2528 nec
378 2499 461 2528 etiarn
475 2498 564 2528 valeat
578 2497 799 2534 Pronunciatio,
819 2495 983 2533 Diffinitio,
1002 2497 1174 2536 Arbitratio,
1192 2499 1237 2530 seu
1247 2500 1306 2530 Or-

241 2534 367 2574 dinatio,
386 2546 439 2566 nec
454 2546 548 2566 earum
564 2536 671 2574 aliqua,
688 2545 754 2573 quas
770 2558 779 2572 ,
806 2534 852 2565 vel
872 2544 958 2571 quam
973 2559 981 2569 ,
1000 2535 1090 2565 ditstus
1104 2537 1307 2570 Theodoricus

242 2572 364 2611 fecerit,
387 2574 482 2612 aliquo
507 2574 615 2613 modo,
636 2573 700 2612 post
722 2573 796 2603 Festi
817 2572 925 2603 Christi
944 2572 1106 2605 Nativitatis
1130 2575 1306 2607 ‘ferminum

245 2611 435 2648 supraditfiimm
445 2635 455 2650 ,

280 2648 314 2679 In
330 2650 426 2687 cujus,
444 2651 505 2680 &c.

319 2687 387 2718 Dat.
406 2688 480 2727 apud
494 2688 637 2719 Porcestr.
655 2690 793 2721 vicesimo
810 2691 908 2729 quinto
924 2689 968 2721 die
980 2691 1067 2729 Junii.

85 926 144 953 Pat.
156 934 200 951 20.

88 968 118 990 E.
130 969 217 999 3.p.2.

87 1012 122 1029 m.
145 1011 187 1029 iz.

500 2826 527 2852 ᾗ
555 2829 603 2860 De
622 2824 742 2869 Custode
761 2828 877 2873 Angliae
896 2826 1057 2871 constituto.

252 2914 385 2971 REX
410 2911 561 2951 omnibus,
580 2911 615 2943 ad
630 2922 716 2951 quos,
735 2912 795 2942 &c.
815 2911 949 2942 Salutem.

326 2952 329 2954 ’
349 2954 447 2983 Sciatis
463 2952 561 2990 quod,

287 2991 368 3022 Cum
384 2991 468 3028 Nos,
487 3001 540 3028 pro
555 2989 712 3020 Salvatione
728 2990 762 3020 &
777 2987 951 3019 Defenfione
964 2990 1064 3032 Regni
1081 2990 1170 3021 nostri
1186 2987 1312 3032 Angliae,

251 3039 283 3059 ac
305 3029 496 3068 Expeditione
518 3028 641 3059 Guerrae
663 3027 768 3057 nostrae
790 3028 935 3065 Franciae,
956 3031 1039 3059 simus
1056 3029 1090 3058 ad
1106 3038 1194 3067 partes
1205 3031 1313 3062 Trans-

252 3070 369 3099 marinas
383 3070 411 3098 in
426 3068 560 3108 proximo
574 3065 748 3106 personaliter
763 3066 919 3102 profecturi
933 3089 944 3105 ,
969 3067 1002 3097 ὅ(
1018 3067 1131 3098 infideat
1145 3069 1245 3099 intime
1260 3080 1315 3100 no-

253 3107 295 3137 bis
313 3106 395 3138 cordi
416 3106 497 3144 quod
519 3105 576 3135 Pax
592 3103 702 3142 nostra,
721 3104 869 3141 praesertim
885 3105 955 3134 dum
971 3105 1008 3135 sic
1025 3105 1147 3136 absentes
1163 3107 1315 3146 fuerimus,

252 3145 450 3176 inviolabiliter
464 3143 645 3180 observetur,
663 3144 696 3173 &
733 3142 792 3172 ubd
806 3142 925 3180 Agenda
937 3142 1006 3173 disti
1021 3143 1120 3181 Regni
1133 3145 1252 3184 provide
1266 3146 1311 3176 di-

252 3184 391 3224 rigantur,
408 3185 442 3214 &
456 3182 568 3220 singulis
579 3181 699 3220 Justitiae
712 3152 841 3211 debitum
856 3181 1048 3220 impendatur,

294 3222 381 3259 Nos,
397 3222 433 3252 de
448 3220 576 3251 fidelitate
586 3219 714 3250 Leonelli
727 3219 789 3248 Filii
803 3219 893 3249 nostri
905 3219 1034 3250 cariffimi
1046 3219 1316 3260 confidentes,con-

255 3259 393 3291 stituimus
407 3260 495 3298 ipsum
510 3258 671 3289 Custodem
686 3257 755 3288 dieti
771 3257 870 3295 Regni
883 3257 987 3296 nostri,
1005 3268 1037 3288 ac
1054 3258 1171 3289 Locum
1185 3261 1314 3292 nostrum

254 3308 401 3330 tenentem
428 3299 456 3328 in
479 3295 582 3326 eodem
607 3296 714 3335 Regno
728 3319 738 3334 ,
763 3295 835 3326 dtim
856 3297 884 3325 in
905 3295 987 3326 dietis
1010 3296 1214 3328 Transmarinis
1234 3301 1316 3337 parti-

253 3338 322 3406 Bus,
340 3346 452 3368 moram
465 3336 615 3366 fecerimus
630 3358 640 3373 ,
663 3335 708 3366 vel
730 3334 824 3365 donec
840 3334 913 3366 aliud
927 3334 994 3365 inde
1009 3335 1171 3366 duxerimus
1182 3337 1316 3368 ordinan—

274 3386 335 3407 um.

291 3415 403 3445 Damus
423 3421 516 3443 autern
536 3411 667 3443 universis
684 3412 718 3443 δε
739 3411 851 3449 singulis
873 3411 1099 3449 Archiepiscopis
1114 3435 1123 3450 ,
1151 3412 1315 3454 Episcopis‚

254 3453 430 3489 Abbatibus,
448 3450 610 3488 Prioribus,
627 3448 810 3488 Comitibus,
829 3449 1000 3488 Batonibus,
1021 3449 1179 3489 Militibus,
1199 3451 1315 3483 Comu-

252 3492 401 3527 nitatibus,
420 3489 660 3526 Vicecomitibus,
681 3488 791 3518 Liberis
804 3488 998 3526 Hominibus,
1016 3487 1140 3526 Ballivis,
1159 3489 1316 3529 Ministris,

256 3531 290 3561 &
307 3530 441 3561 omnibus
464 3527 487 3558 F
489 3526 608 3557 idelibus
626 3525 728 3557 nostris
744 3549 753 3564 ,
779 3534 877 3556 tenore
900 3526 1077 3564 praesentium
1093 3550 1102 3565 ,
1122 3529 1150 3557 in
1166 3529 1316 3568 mandatis,

277 3569 336 3599 uod
358 3567 477 3606 prtefato
502 3565 642 3595 Leonello
657 3589 667 3603 ,
684 3573 818 3602 tanquam
832 3563 953 3594 Custodi
969 3564 1037 3594 dieti
1053 3564 1144 3604 Regni
1158 3566 1263 3604 nostri,
1282 3569 1317 3598 &

254 3579 371 3637 {ocum
393 3604 522 3635 nostrum
544 3604 650 3634 tenenti
672 3605 700 3632 in
713 3603 835 3642 eodem,
850 3602 1029 3633 Intendentes
1045 3603 1111 3642 fint,
1130 3603 1318 3643 Responden-

255 3654 311 3682 tes,
331 3643 535 3680 Consulentes,
554 3643 587 3672 δε
603 3641 782 3672 Auxiliantes.

294 3683 327 3714 ln
343 3683 438 3721 cujus,
456 3683 516 3712 δίε.

329 3720 421 3752 Teste
434 3720 517 3759 Rege
529 3717 602 3756 apud
616 3717 757 3749 Porcestr.
775 3717 911 3750 vicesimo
928 3720 1028 3757 quinto
1042 3718 1088 3749 die
1099 3718 1186 3757 Junii.

97 2824 146 2851 ‘V
162 2822 227 2857 516.

97 2908 174 2938 Ann.
186 2906 228 2937 D.

118 2946 204 2985 1346.

96 2990 150 3013 An.
167 2994 211 3012 20.

97 3067 156 3089 Par.
179 3070 223 3088 20.

97 3105 128 3127 E.
148 3109 174 3136 3·
190 3106 215 3136 p.

100 3148 127 3165 2.
143 3147 233 3173 m.17.

947 3797 1000 3824 Per
1015 3794 1095 3834 ipficm
1108 3798 1211 3834 Regem.

109 3949 186 3982 Am·
197 3947 240 3979 D.
361 3929 419 3959 Pro
438 3920 595 3957 Edwardo
612 3924 747 3966 Principe
765 3920 875 3954 Wzlliae
887 3945 897 3962 ‚
917 3919 1008 3965 fitper
1026 3917 1212 3953 Chevanciis.

135 3989 222 4027 1346.

109 4032 160 4055 Aa.
178 4037 223 4053 ω,
262 4009 388 4071 REX
411 4010 562 4046 omnibus,
579 4007 614 4038 ad
628 4016 716 4045 quos,
735 4005 796 4036 &c.
815 4004 948 4036 Salutem.

111 4071 129 4093 Ε
161 4074 172 4084 ,

302 4046 580 4123 Cursncjaillislqutlgsdgc
595 4083 682 4114 fidelis
696 4081 807 4119 noster,
824 4080 979 4113 Edwardus
993 4080 1249 4125 Princepsfflvalliae
1258 4080 1321 4124 ,Fi-

264 4124 425 4195 liuffssspfffir
438 4121 669 4191 {fitissgemms'
684 4121 862 4160 quamplures
877 4128 989 4159 magnas
995 4118 1172 4152 Chevancias
1181 4119 1321 4150 Denano-

110 4084 215 4130 ant’em.

111 4151 146 4169 m.
167 4150 180 4167 2
186 4150 214 4176 5.

2409 411 2471 434 [uz.
2489 417 2496 420 ·
2506 425 2511 433 ,

1372 437 1458 481 Nos,
1474 449 1510 468 eo
1530 449 1680 483 praetemu,
1698 442 1887 472 conceffimus
1903 453 1956 480 pro
1972 441 2087 481 Nobis,
2105 444 2137 474 &
2153 429 2322 474 Haeredibus
2337 450 2392 474 no⁴
2488 427 2498 441 ³

1337 474 1413 517 stris,
1431 477 1510 514 thbd
1523 478 1614 508 diet-us
1629 478 1711 508 Filius
1727 480 1821 510 noster
1835 481 1921 511 libere
1934 480 2017 518 possit
2030 482 2153 511 condere
2167 482 2388 512 Testamentum

1336 516 1432 550 luum,
1451 516 1484 545 &
1501 517 1580 558 quod
1596 516 1768 548 Executores
1781 518 1821 548 sui
1832 519 1899 549 inde
1914 519 2007 550 facere
2025 520 2132 551 valeant
2152 520 2271 550 liberam
2287 522 2318 551 &
2331 526 2392 558 ple-

1337 562 1403 581 nam
1420 552 1715 593 Admimstrationem,

1375 589 1413 620 Et
1425 613 1434 628 ,
1458 592 1486 620 in
1511 592 1572 635 casu
1595 593 1674 630 quod
1691 593 1744 631 ipse
1757 617 1767 632 ,
1781 595 1811 630 in
1823 594 1983 631 hujusmodi
1997 596 2097 626 debitis
2113 605 2256 634 oneratus,
2275 596 2394 627 decedat

1338 627 1427 666 (quod
1443 628 1523 665 absit)
1537 629 1782 662 dreiiExecutores
1796 632 1835 662 sui
1848 632 1966 664 habeant
1980 634 2013 664 ὃς
2027 636 2179 671 percipiant
2191 636 2289 664 omnia
2296 635 2394 664 hxitus

1339 667 1372 709 ᾧ(
1389 666 1519 710 Proficua
1532 670 1665 698 omnium
1685 669 1839 699 Terrarum
1851 694 1861 707 ,
1880 670 2101 711 possessionum,
2120 674 2153 703 δε
2168 672 2374 703 Dominiorum
2384 698 2394 710 ,

1336 714 1395 743 Jam
1418 715 1446 734 in
1468 715 1552 736 manu
1572 707 1693 744 ejusdem
1715 707 1776 737 Filii
1789 707 1878 738 nostri
1894 709 2087 747 existentium,
2107 721 2156 747 per
2171 719 2258 740 unum
2275 712 2393 741 Annum

1341 742 1404 782 post
1419 752 1541 786 mortem
1559 745 1640 781 iplius
1654 744 1715 775 Filii
1728 745 1835 784 nostri,
1854 748 1986 777 unacum
2002 750 2134 778 omnibus
2152 747 2262 778 Debitis
2277 759 2339 786 quae
2355 751 2396 779 ei-

1341 781 1409 811 dem
1430 779 1502 811 Filio
1525 783 1622 813 nostro
1637 806 1646 821 ,
1673 792 1707 813 ex
1723 783 1903 822 quicumque
1916 785 2012 824 causa,
2031 795 2100 816 tunc
2116 786 2212 816 deberi
2226 789 2395 824 contigerit,

1341 829 1375 849 ac
1389 820 1538 858 Arreragiis
1552 820 1742 858 Debitorum,
1762 821 1996 861 Compotorum,
2016 824 2049 854 ὃς
2065 823 2087 853 F
2089 825 2220 854 irmarum
2234 825 2270 854 de
2283 834 2397 863 tempo·—

1341 868 1372 887 re
1392 866 1460 888 tunc
1482 861 1624 895 praeterito
1640 882 1649 896 ,
1669 860 1698 889 in
1717 860 1861 890 Auxilium
1875 860 2017 891 diitorum
2032 861 2206 892 Debitor-um
2221 862 2334 892 suorum
2350 873 2398 893 ac-

1365 895 1482 926 uietandi
1498 918 1508 935 ,
1539 897 1572 927 &
1599 897 1856 929 Administrationis
1876 898 2053 930 Testamenti
2082 901 2120 931 sui
2143 899 2270 937 praedicti
2291 901 2397 932 facien⁴

1364 944 1388 964 ae

1382 957 1518 1003 Veientes
1533 973 1611 1011 quod
1625 973 1717 1004 debita
1732 973 1875 1005 Allocatio
1887 974 1969 1006 dietis
1983 974 2203 1014 Executoribus,
2221 976 2256 1007 de
2272 976 2401 1015 Debitis,

1343 1010 1476 1041 Prcestitis
1487 1035 1497 1049 ‚
1521 1012 1554 1041 &
1573 1014 1707 1042 omnibus
1726 1013 1781 1042 aliis
1805 1013 1905 1044 Rebus
1918 1037 1929 1052 ,
1946 1014 2022 1044 unde
2037 1014 2230 1045 rationabilem
2244 1015 2401 1047 Allocatio-

1344 1059 1411 1080 nem
1426 1051 1533 1087 exigere
1549 1059 1699 1089 poterunt,
1718 1051 1802 1088 plene
1816 1050 1871 1082 fiat.

1383 1086 1416 1117 In
1431 1089 1523 1125 cujus,
1540 1089 1600 1117 &c.

1419 1125 1508 1157 Teste
1521 1125 1604 1166 Rege
1615 1125 1689 1164 apud
1701 1126 1841 1158 Porcestr.
1857 1127 1995 1160 vicesimo
2010 1129 2087 1160 seXto
2099 1126 2145 1159 die
2160 1126 2241 1166 Junii.

1851 1205 1905 1234 Per
1917 1207 2010 1235 Breve
2024 1207 2055 1236 de
2068 1208 2187 1236 Privato
2199 1204 2300 1244 Sigillo.

1436 1328 1484 1364 De
1501 1327 1646 1362 audiendo
1663 1332 1699 1368 (ῤ’
1720 1325 1909 1362 terminando
1928 1326 2079 1375 Querelas
2092 1335 2124 1363 in
2141 1330 2298 1365 Flandria.

1346 1418 1399 1472 R
1408 1415 1432 1446 E
1444 1414 1474 1445 X
1484 1439 1493 1454 ,
1511 1415 1629 1445 Diledio
1643 1413 1862 1452 consanguineo
1875 1415 1909 1446 δε
1922 1414 1946 1444 F
1947 1414 2012 1445 ideli
2026 1415 2224 1454 su0,Hugoni
2235 1416 2272 1446 de
2280 1415 2405 1456 Hastyn-
2420 1416 2496 1449 Ann.
2516 1414 2555 1448 D.

1418 1464 1481 1493 ges,
1497 1453 1629 1484 Salutem.
2449 1457 2534 1494 1346.

1385 1492 1483 1523 Sciatis
1497 1491 1577 1529 qubd
1585 1516 1595 1529 ,
2421 1499 2472 1523 Au.
2490 1505 2522 1521 ιο
2530 1517 2536 1523 .

1384 1529 1463 1561 Cum
1480 1529 1706 1560 constituerimus
1722 1540 1773 1561 vos
1780 1529 1968 1568 Capitaneum
1980 1531 2013 1562 &
2022 1526 2137 1561 Locum
2151 1530 2280 1561 nostrum
2286 1530 2407 1562 Tenen·
2421 1537 2450 1560 Ε.
2471 1536 2495 1569 3'.

1348 1574 1407 1597 tem
1431 1570 1460 1598 in
1479 1568 1572 1598 Terra
1594 1568 1730 1598 Flandriae
1744 1591 1754 1606 ,
1778 1578 1811 1598 ac
1831 1569 1998 1599 Ductorem
2019 1571 2078 1599 tarn
2093 1570 2226 1599 omnium
2240 1568 2405 1599 Hominum
2420 1575 2495 1598 Fran.
2510 1580 2556 1598 20.

1348 1604 1488 1637 dictarum
1504 1608 1624 1644 partium
1634 1630 1644 1644 ,
1662 1616 1749 1644 quam
1763 1606 1882 1636 aliorum
1898 1607 2084 1637 Subditorum
2099 1608 2281 1644 nostrorum,
2295 1607 2331 1636 ad
2344 1617 2407 1645 par·
2421 1609 2459 1636 E.
2472 1619 2494 1644 3.
2503 1615 2557 1644 pa.

1348 1650 1388 1674 tes
1410 1645 1466 1675 illas
1487 1646 1515 1674 in
1537 1644 1716 1682 Obsequium
1735 1644 1880 1683 nostrum,
1898 1655 1952 1683 pro
1966 1645 2156 1684 Expeditione
2171 1645 2293 1677 Guerrae
2304 1645 2409 1676 nostrae
2423 1657 2458 1675 m.
2484 1653 2507 1673 1.

1350 1681 1492 1751 Frfficiae,
1510 1683 1759 1721 profeerorum,

1425 1732 1456 1752 os

1388 1759 1437 1790 De
1450 1743 1592 1790 F’idelitate
1606 1761 1639 1792 ὃς
1653 1758 1920 1799 Circumspeffione
1937 1760 2033 1791 vestris
2049 1761 2241 1800 confidentes,

1387 1798 1434 1828 Ad
1454 1798 1590 1837 Qerelas
1609 1801 1741 1829 omnium
1762 1799 1795 1828 &
1814 1799 1988 1838 singulorum
2011 1800 2174 1838 Anglicanae
2187 1801 2340 1838 Nationis,
2358 1800 2408 1830 sub

1351 1835 1501 1867 Ductione
1517 1835 1609 1866 vestra
1621 1836 1815 1874 existentium,
1833 1847 1932 1867 coram
1947 1839 2028 1868 vobis
2041 1839 2076 1868 de
2096 1839 2113 1858 ³¹²
2134 1838 2243 1876 Injuriis
2259 1862 2268 1877 ,
2287 1838 2407 1868 Violen-
2426 1845 2441 1864 ot
2452 1848 2557 1881 V·5¹.⁷·

1349 1875 1392 1904 tiis
1407 1899 1416 1913 ,
1441 1877 1473 1906 &
1488 1874 1653 1905 Exceffibus
1668 1899 1677 1913 ,
1703 1876 1752 1905 sibi
1767 1875 1863 1913 factis,
1889 1878 2026 1913 conqueri
2042 1876 2217 1914 volentium,
2235 1876 2407 1907 audiendum

1351 1913 1384 1943 δε
1398 1913 1624 1950 terminandum,
1644 1914 1677 1943 ὃς
1694 1914 1922 1952 Transgress'ores
1936 1914 1969 1944 &
1983 1914 2187 1952 Delinquentes
2208 1917 2238 1945 in
2257 1915 2311 1945 hac
2332 1923 2409 1952 parte

1351 1951 1526 1989 puniendum
1540 1973 1550 1990 ,
1573 1961 1687 1982 necnon
1707 1952 1742 1981 ad
1765 1950 1899 1982 Exceffus
1914 1953 1947 1982 δε
1961 1952 2112 1991 Dampna,
2129 1953 2192 1984 data
2204 1955 2264 1983 tarn
2280 1954 2410 1989 Anglicis

1351 1998 1402 2027 per
1416 1989 1610 2028 Flandrenses,
1627 1990 1674 2019 seu
1687 1989 1754 2019 alios
1770 1990 1955 2020 ultramarinae
1970 1990 2106 2021 Nationis
2121 2014 2130 2029 ,
2149 1992 2235 2029 quam
2250 1991 2310 2028 ipfis
2325 1991 2348 2021 F
2351 1992 2409 2021 lan«

1351 2028 1495 2058 drensibus
1519 2029 1552 2059 &
1575 2028 1631 2058 aliis
1646 2038 1693 2065 per
1707 2028 1865 2066 Anglieos,
1884 2029 1941 2058 una
1955 2038 2022 2059 cum
2039 2030 2179 2068 quodam,
2197 2039 2231 2059 ex
2243 2035 2320 2067 p'arte
2336 2029 2411 2067 ipso-

1351 2075 1415 2097 rum
1433 2065 1643 2096 Flandrenfium
1657 2089 1668 2104 ,
1689 2066 1723 2096 ad
1743 2066 1801 2096 hoc
1825 2067 1993 2105 vobiscum,
2009 2067 2055 2097 seu
2070 2078 2138 2098 cum
2154 2068 2314 2105 deputando
2329 2078 2345 2097 a
2358 2078 2412 2099 vo*

1351 2105 1411 2144 bis,
1432 2104 1596 2142 affignando
1612 2127 1622 2143 ,
1648 2105 1770 2135 {imiliter
1791 2105 1979 2142 audiendum,
1998 2106 2223 2145 terminandum,
2240 2106 2410 2144 sedandum,

1351 2144 1385 2174 &
1408 2141 1619 2173 reformandum
1635 2165 1645 2181 ,
1662 2143 1695 2173 δε
1710 2142 1744 2172 ad
1759 2142 1869 2180 plenam
1886 2143 1918 2173 &
1933 2143 2054 2174 celerem
2066 2143 2207 2182 Justitiam
2222 2146 2307 2183 inde,
2325 2153 2412 2182 prout

1347 2183 1416 2221 juris
1430 2182 1463 2212 &3
1473 2182 1587 2211 rationis
1601 2181 1701 2220 fuerit,
1719 2181 1821 2211 nostris
1835 2182 1898 2212 vice
1911 2182 1944 2211 ὃς
1959 2183 2078 2212 nomine
2092 2183 2252 2213 faciendum
2262 2208 2271 2221 ‚

1389 2219 1482 2250 Vobis
1496 2219 1624 2257 plenam,
1643 2229 1741 2250 tenore
1755 2219 1931 2259 praesenn'um
1940 2243 1949 2258 ‚
1966 2221 2154 2251 concedimus
2167 2220 2356 2252 Potestatem:

1391 2257 1499 2288 Dantes
1509 2259 1642 2288 omnibus
1654 2259 1687 2289 ὃς
1701 2258 1811 2296 singulis
1825 2258 2000 2289 Hominibus
2012 2258 2047 2288 ad
2061 2259 2166 2297 Arma,
2184 2259 2361 2298 H0belariis,
2377 2259 2412 2291 &

1351 2297 1497 2336 Sagittariis
1511 2319 1521 2334 ,
1548 2296 1598 2326 sub
1613 2295 1764 2327 Dufflone
1777 2295 1867 2327 vestra
1881 2296 2055 2335 constitutis,
2075 2296 2202 2328 districte
2210 2299 2245 2328 in
2258 2300 2412 2336 mandaris,

1373 2336 1432 2366 uod
1448 2335 1548 2373 vobis,
1564 2342 1696 2372 tanquam
1710 2333 1868 2372 Capitaneo
1884 2336 1917 2366 &
1935 2334 2051 2365 Locum
2065 2335 2197 2366 nostrum
2208 2336 2334 2367 Tenenti
2349 2360 2359 2374 ,
2376 2345 2410 2367 ac

1352 2347 1478 2404 {bueron
1491 2372 1661 2403 eorumdem
1672 2372 1857 2411 Hominum,
1876 2374 1903 2402 in
1918 2373 2064 2411 praemiffis
2084 2375 2220 2404 omnibus
2235 2375 2268 2406 &
2282 2374 2411 2415 singulis,

1353 2420 1482 2451 pareant,
1500 2410 1652 2449 obediant,
1671 2411 1705 2441 &
1720 2411 1871 2441 intendant.

1391 2451 1423 2481 ln
1437 2451 1532 2488 cujus,
1550 2450 1612 2479 &c.

1428 2487 1517 2519 Teste
1529 2486 1615 2527 Rege
1628 2486 1701 2526 apud
1711 2486 1917 2527 Porcestriam,
1932 2485 2068 2520 vicesimo
2082 2488 2189 2520 οᾶανο
2204 2486 2249 2520 die
2256 2489 2345 2529 Junii.

2051 2568 2104 2596 Per
2116 2565 2198 2606 ipfitm
2208 2568 2312 2604 Regem.

1356 2701 1406 2732 De
1437 2697 1608 2732 Traelando
1638 2709 1708 2731 cum
1734 2695 1963 2790 MechcatoriZus
1986 2697 2101 2743 Angliae
2117 2696 2209 2742 fhper
2237 2694 2414 2730 Chevanciis

1829 2757 1911 2778 blClen
1935 2757 1970 2779 154

1361 2830 1507 2888 REX,
1527 2830 1647 2861 Diletstis
1668 2831 1701 2862 &
1723 2829 1865 2860 Fidelibus
1884 2829 1951 2868 suis,
1973 2828 2132 2861 Venerabili
2147 2831 2175 2859 in
2192 2828 2307 2860 Christo
2323 2829 2416 2868 Patri,
2439 2827 2562 2861 Ann.D.

1436 2869 1464 2907 J.
1484 2870 1708 2907 Archiepiscopo
1731 2868 1922 2905 Cantuarienli
1937 2892 1947 2905 ,
1971 2869 2056 2899 totius
2077 2869 2188 2907 Angliae
2212 2868 2342 2905 Primati,
2365 2869 2416 2898 W.
2458 2869 2545 2909 1346.

1358 2904 1503 2944 Episcopo
1516 2907 1730 2947 Wyntonienfi‚
1749 2905 1935 2936 Thesaurario
1949 2906 1998 2936 suo
2014 2929 2024 2945 ,
2040 2911 2073 2936 ac
2089 2905 2230 2945 Magistro
2240 2906 2365 2944 Johanni
2380 2905 2416 2937 de
2437 2912 2489 2936 An.
2499 2918 2543 2935 20.

1359 2944 1484 2982 Offord,
1503 2944 1625 2976 Decano
1641 2945 1818 2983 Lincolniae‚
1835 2944 2011 2975 Cancellario
2027 2945 2094 2983 suo,
2114 2945 2250 2976 Salutem.
2436 2951 2466 2974 E.
2489 2956 2516 2982 3.

1396 2984 1492 3014 Sciatis
1505 2983 1585 3021 qubd
1600 2983 1686 3021 Nos,
2436 2989 2496 3012 Pat.
2511 2993 2558 3010 20.

1397 3021 1446 3052 De
1461 3020 1605 3052 Fidelirate
1619 3023 1652 3053 δε
1667 3020 1932 3058 Circumspefflone
1945 3021 2042 3052 vestris
2057 3022 2164 3058 plenius
2179 3021 2371 3061 confidentes,
2434 3027 2463 3050 F..
2476 3029 2532 3059 3.p.

1397 3060 1444 3090 Ad
1458 3060 1634 3090 tractandum
1648 3061 1681 3091 δε
1697 3059 1933 3090 concordandum
1945 3069 2013 3090 curn
2032 3059 2241 3090 Mercatoribus
2250 3059 2347 3098 Regni
2361 3070 2416 3090 no-
2436 3071 2473 3089 m.
2488 3070 2533 3088 22.

1360 3097 1407 3127 stri
1421 3098 1552 3136 Angliae‚
1571 3099 1604 3129 &
1618 3098 1674 3129 aliis
1689 3097 1815 3127 Personis
1830 3099 2071 3136 quibuscumque,
2089 3099 2147 3128 tam
2164 3097 2419 3137 Indigenis,quam

1359 3136 1550 3174 Alienigenis,
1567 3138 1604 3166 de
1619 3136 1730 3166 Mutuis
1746 3136 1779 3166 &
1794 3134 1963 3166 Chevanciis
1978 3137 2011 3166 ad
2026 3146 2098 3173 opus
2113 3135 2259 3174 nostrum,

1397 3175 1436 3205 Et
1450 3176 1486 3205 de
1501 3174 1695 3205 Solutionibus
1706 3175 1952 3213 competentibus,
1971 3173 2164 3204 Creditoribus
2179 3174 2337 3214 hujusmodi
2346 3175 2417 3206 Mu-

1359 3210 1679 3282 }tri·iivg-Chevaticiae‚
1697 3222 1750 3251 pro
1766 3212 1881 3251 Nobis,
1899 3213 1931 3243 &
1947 3212 2044 3242 nostro
2059 3211 2193 3243 Nomine
2208 3236 2219 3252 ,
2236 3214 2265 3243 in
2279 3213 2331 3244 hac
2345 3220 2422 3252 parte

1373 3261 1450 3281 acren
1474 3262 1494 3281 is

1398 3290 1436 3320 Et
1454 3290 1489 3319 ad
1502 3274 1696 3329 ²obligandum
1712 3288 1781 3320 Nos
1793 3312 1802 3327 ,
1820 3290 1853 3320 δε
1869 3288 2006 3320 Haeredes
2018 3288 2146 3327 nostros,
2164 3289 2198 3319 ad
2211 3289 2322 3320 dictum
2338 3289 2418 3329 Reg-

1360 3338 1431 3358 num
1450 3327 1578 3358 nostrum
1599 3329 1729 3367 Angliae,
1746 3330 1779 3359 &
1793 3329 1891 3357 omnia
1907 3327 1984 3358 Bona
2000 3327 2111 3366 nostra,
2130 3327 2246 3358 mobilia
2260 3330 2293 3358 25<
2308 3328 2418 3358 immo-

1361 3367 1443 3404 bilia,
1462 3376 1578 3397 necnon
1590 3367 1689 3396 omnia
1696 3365 1847 3396 Custumas
1860 3367 1893 3396 ὃς
1908 3366 2047 3403 Substdia,
2065 3367 2147 3396 nobis
2162 3366 2294 3396 concessa
2307 3366 2420 3397 &con-

1362 3405 1504 3443 cedenda,
1520 3414 1553 3434 ac
1570 3405 1667 3434 omnia
1683 3404 1733 3433 alia
1747 3403 1880 3434 Proficua
1893 3405 1926 3435 δε
1941 3404 2144 3435 Emolumenta
2158 3414 2222 3442 quae
2240 3404 2274 3434 ad
2290 3414 2342 3434 nos
2356 3414 2420 3442 per-

1362 3445 1468 3480 tinent,
1487 3443 1533 3473 vel
1549 3444 1652 3480 quovis
1667 3442 1758 3473 modo
1772 3443 1966 3481 pertinebunt,
1984 3442 2018 3472 ad
2035 3442 2193 3472 Solutiones
2215 3451 2418 3480 quarumcum-

1362 3491 1417 3519 que
1440 3480 1574 3511 Pecuniae
1593 3481 1790 3518 Summarum,
1810 3480 1847 3510 sic
1862 3481 1945 3510 nobis
1960 3489 2147 3511 mutuatarum
2160 3482 2194 3511 &
2209 3481 2419 3519 cheviararum,

1362 3530 1394 3550 ac
1416 3519 1632 3550 mutuandarum
1652 3520 1685 3549 &
1707 3518 1925 3550 cheviandarum
1940 3542 1950 3556 ,
1975 3519 2117 3549 Terminis
2137 3518 2171 3549 ad
2192 3518 2250 3549 hoc
2263 3518 2368 3549 statutis
2383 3519 2417 3550 &

1362 3558 1526 3596 statuendis,
1543 3556 1699 3595 faciendas,

1401 3596 1508 3634 Vobis,
1525 3596 1559 3626 &
1581 3595 1704 3625 Duobus
1726 3594 1872 3633 vestrum,
1890 3595 2020 3633 plenam,
2038 3603 2136 3626 tenore
2153 3594 2351 3634 praesentium,
2368 3596 2419 3627 de-

1362 3635 1454 3665 dimus
1468 3635 1501 3666 &
1515 3635 1724 3664 committimus
1739 3632 1925 3663 Potestatem:

1402 3673 1538 3703 Volentes
1558 3673 1591 3702 ὃ(
1612 3671 1813 3701 promittentes
1835 3682 1887 3708 pro
1910 3671 2031 3709 Nobis,
2054 3672 2088 3702 &
2104 3670 2276 3702 Haeredibus
2297 3671 2419 3711 nostris,

1363 3711 1443 3750 qubd
1464 3720 1564 3740 omnes
1586 3709 1789 3748 Affignationes
1804 3734 1813 3746 ,
1838 3720 1888 3747 per
1908 3720 1959 3740 vos
1973 3732 1983 3747 ,
2005 3710 2050 3739 vel
2069 3709 2140 3740 duos
2161 3709 2304 3748 vestrum,
2322 3711 2351 3740 in
2364 3711 2417 3741 hac

1364 3759 1438 3788 parte
1453 3749 1534 3779 faetae
1549 3749 1582 3778 ὅ(
1595 3748 1746 3784 faciendae,
1766 3747 1883 3778 firmiter
1897 3749 1926 3777 in
1939 3749 1988 3778 suo
2002 3749 2107 3778 robore
2120 3749 2340 3786 permanebunt,
2355 3749 2418 3778 abs-

1363 3798 1418 3826 que
1440 3788 1621 3818 revocatione
1637 3786 1702 3816 inde
1717 3786 1868 3823 aliqualiter
1887 3795 1936 3822 per
1958 3785 2026 3816 Nos
2040 3786 2085 3816 vel
2102 3785 2238 3816 Haeredes
2251 3786 2362 3817 nostros
2377 3787 2418 3816 fa-

1362 3826 1486 3863 cie-nd2i3
1511 3825 1618 3855 Rarum
1639 3826 1723 3854 etiam
1742 3825 1861 3854 habituri
1880 3826 1914 3853 &
1934 3823 2056 3854 Gratum
2071 3824 2206 3862 quicquid
2237 3835 2267 3855 er
2281 3835 2349 3862 vos,
2368 3825 2415 3854 vel

1363 3865 1432 3894 duos
1454 3862 1584 3894 vestrum
1599 3887 1608 3900 ,
1628 3862 1737 3893 Actum
1753 3862 1798 3893 vel
1811 3861 1936 3892 Gestum
1951 3862 2033 3892 fuerit
2048 3864 2077 3892 in
2093 3864 2193 3900 praemi
2243 3885 2253 3902 ,
2273 3865 2307 3895 &
2320 3861 2414 3900 quoli-

1362 3904 1410 3933 bet
1427 3902 1641 3939 praemissbrum.

1400 3941 1434 3971 ln
1447 3940 1540 3977 cujus,
1558 3940 1618 3969 &c.

1437 3977 1527 4010 Teste
1543 3978 1624 4016 Rege
1637 3976 1712 4015 apud
1726 3977 1865 4009 Porcestr.
1884 3978 1980 4015 primo
1993 3976 2039 4011 die
2048 3974 2122 4017 Julii.

2053 4057 2105 4085 Per
2117 4053 2197 4094 zpficm
2209 4054 2314 4091 Regem.

2383 4159 2441 4194 Aa
