2562 4279
29 290 104 323 Ann.
114 289 153 320 D.

49 336 129 371 1337·

29 373 93 398 Edv.
114 377 138 404 3.

25 635 101 667 Ann.
116 633 158 663 D.

55 681 139 713 1337.

28 718 80 743 An.
98 723 141 739 10.

27 797 93 819 Scot.
114 799 155 815 10.

27 833 100 865 5‘3·
122 837 160 855 m·

38 1659 68 1681 E.
91 1663 116 1689 3.

35 1691 137 1726 Clausi
148 1701 170 1718 i.

38 1735 132 1766 E.3.p.
149 1740 170 1756 i.

38 1769 172 1805 m.37.d.

725 203 836 244 ET
919 202 1190 242 ACTA

173 287 301 327 praediffl
318 289 475 327 pertinent,
492 282 672 319 intendentes
687 288 738 318 sint
750 289 783 319 δε
801 286 1032 326 Respondentes,
1052 285 1187 324 quamdiu
1207 287 1237 316 in

175 326 287 358 Officio
302 327 406 358 steterit
420 327 587 365 fiipradic‘to.

209 365 300 396 Teste
316 374 346 396 ut
362 366 450 404 supra.

220 498 314 541 Super
336 494 474 540 Expenfis
497 495 618 525 Comitis
647 490 683 523 de
704 490 842 534 Murref
863 493 895 521 in
919 489 1017 522 Turre
1036 487 1190 522 Londoniae

650 538 770 572 detenti.

235 628 294 660 EX
311 626 486 657 Vicecomiti
498 625 619 657 Effexiae
635 623 767 666 Salutem.
1043 661 1048 666 ι
1216 662 1221 668 .

179 633 233 688 R
271 666 453 703 Praecipimus
466 666 532 702 tibi,
550 664 664 695 firmiter
677 661 872 698 Iniungentes,
890 660 988 699 quOd,
1007 659 1127 705 Diletfto
1140 660 1172 691 ἃ
1188 661 1237 692 Fi-

178 706 233 736 deli
253 704 370 742 nostro,
388 703 538 735 Nicholao
555 702 592 732 de
612 702 638 731 la
650 699 761 737 Beche,
782 698 1003 731 Constabulario
1017 700 1119 730 Turris
1133 700 1238 730 nostrae

179 744 357 778 Londoniae,
377 740 485 780 Viginti
502 740 629 776 Solidos,
645 747 699 775 pro
718 736 851 780 Expenfis
872 736 998 769 Comitis
1018 738 1055 768 de
1076 737 1246 768 Murrefde‘

179 782 292 820 Scotiii,
309 783 338 811 in
352 779 467 810 Prisona
482 777 577 814 nostra
591 778 691 807 Turris
705 775 850 814 Ρωεὼᾶτε
863 775 899 806 de
913 776 1052 821 Mandato
1066 775 1167 820 nostro
1188 774 1248 807 deA.

179 823 248 852 tenti
281 830 334 859 pro
353 818 476 856 qualibet
494 814 681 854 Septimanat,
700 814 755 852 qua
775 814 851 845 idem
874 813 984 845 Comes
1005 826 1035 846 iri
1057 815 1145 845 Turn
1166 824 1238 852 prae-

177 846 273 898 diets,
292 870 306 889 a
324 857 439 888 decimo
458 854 662 886 diooetobris
683 853 817 891 proximo
841 855 1001 893 praeterito,
1020 853 1180 891 bucusque,
1198 853 1250 885 sic:

178 898 306 928 detentus
321 896 390 933 fuit,
439 933 443 938 Ι
468 933 474 938 .
510 931 515 937 .
537 907 539 910 ·
589 932 594 936 ¹
669 919 671 922 .
770 919 772 921 .
808 933 813 938 ι
1198 919 1200 921 ,

216 936 253 967 Et
273 943 384 966 exnunc
407 933 518 968 Viginti
537 930 648 962 Solidos
668 941 716 968 per
739 931 948 970 Septimamm,
967 941 1019 975 pro
1035 929 1169 975 Expensis
1182 930 1238 962 hu-

178 969 473 1014 jusmodi‚'‘quamdiu
488 969 576 1008 ipsum
589 968 739 1000 Comitem
756 971 792 1000 iic
805 969 922 1011 detineri
939 978 1108 1012 contigerit,

219 1013 270 1043 De
283 1010 409 1042 Exitibus
422 1007 537 1039 Ballivie
550 1012 608 1039 tuae
618 1008 691 1039 solvi
705 1008 804 1046 facias,
824 1009 874 1038 nili
890 1008 962 1039 aliud
977 1018 1056 1046 iuper
1076 1009 1135 1039 hoc
1153 1008 1241 1039 duxe-

181 1053 270 1082 rimus
281 1046 528 1085 demandandum,
579 1086 584 1092 ¹
736 1087 741 1092 ι
789 1066 791 1069 ⁴
1199 1086 1204 1092 .

218 1089 369 1125 Recipiens
382 1095 398 1115 a
409 1086 527 1124 praefato
540 1085 691 1117 Nicholao
708 1086 826 1117 Litteras
840 1086 896 1116 suas
915 1086 1064 1122 Parentes,
1082 1085 1240 1131 Receptio-

179 1133 247 1159 nem
262 1125 413 1163 Pecuniae,
431 1129 516 1163 quam
531 1126 556 1155 ei
569 1125 607 1156 sic
621 1125 751 1163 soliieris,
769 1124 982 1162 Testificantes,
1001 1125 1038 1155 Et
1053 1124 1121 1154 Nos
1135 1125 1187 1168 tibi
1198 1135 1242 1154 in-

180 1166 230 1203 de,
252 1165 280 1195 in
296 1163 450 1201 Compoto
463 1172 534 1202 tuo,
550 1164 586 1195 de
599 1163 727 1195 Exitibus
740 1163 1029 1202 praediCtis,debitam
1042 1163 1251 1193 allocationem·

217 1205 284 1234 bere
296 1203 438 1233 faciemus.
477 1207 479 1209 '
576 1206 579 1210 ’

181 1204 313 1274 haTeste.
323 1240 405 1279 Rege
418 1240 491 1279 apud
504 1241 624 1273 Turrim
632 1239 778 1278 ,London.
794 1240 930 1272 vicesimo
944 1248 1043 1279 quarto
1054 1239 1101 1270 die
1110 1240 1242 1280 januarii.

866 1319 919 1348 Per
933 1316 1015 1356 ipfhm
1029 1320 1132 1354 Regem.

186 1451 235 1482 De
254 1461 310 1480 non
322 1446 519 1494 permittendo
537 1448 653 1494 aliquos
669 1447 794 1491 trasfire
818 1445 863 1479 ad
876 1456 979 1492 partes
999 1446 1244 1493 Transmarinas.

159 1558 167 1566 .
187 1533 302 1590 REX
322 1532 446 1572 Majori,
458 1533 498 1564 ’δε
509 1531 637 1570 Balli‘vis,
655 1530 761 1562 Portus
775 1530 814 1561 sui
828 1530 999 1569 Dovorrire,
1019 1531 1152 1567 Salutem.

282 1572 403 1612 Propter
416 1572 506 1610 aliqua
517 1570 628 1609 Nova,
646 1580 712 1609 quae
728 1568 830 1601 nostris
846 1570 958 1600 auribus
970 1570 1182 1615 insonuerunt,¹

225 1611 316 1642 Vobis
331 1610 512 1649 mandamus,
529 1609 644 1644 firmiter
657 1609 848 1647 injungentes,
866 1608 947 1647 quod
961 1608 1068 1652 aliquos
1088 1609 1250 1646 Homines,

189 1650 391 1688 cujuscumque
402 1649 506 1680 fuerint
520 1646 847 1685 Condirionis,''Stats152
866 1647 912 1678 vel
934 1646 1108 1688 Religionis,
1126 1649 1155 1678 iti
1177 1647 1251 1691 Por—

189 1698 220 1719 tu
232 1688 370 1727 praedicto
379 1683 601 1727 ,versuspartes
615 1685 826 1720 Transmarinas
837 1684 950 1715 ‘transire
963 1685 1118 1729 nuliatenus
1133 1695 1252 1725 permit-

190 1727 268 1767 tatis,
286 1727 336 1758 sub
350 1726 478 1765 periculo
494 1725 573 1764 quod
587 1725 743 1756 incumbit:
905 1726 907 1732 ’
966 1761 977 1771 Α
1043 1729 1045 1731 ·
1079 1765 1084 1769 .

228 1766 267 1797 Et
281 1791 290 1804 ,
310 1766 330 1796 fi
348 1765 424 1796 'forte
445 1764 529 1802 aliqui
548 1763 582 1794 ad
602 1762 713 1796 dietum
734 1762 855 1795 Portum
870 1786 879 1800 ,
898 1772 980 1793 causa
999 1763 1033 1793 ad
1056 1763 1144 1794 didias
1163 1772 1254 1801 partes

191 1803 503 1843 transferendi,‘vel‘de
520 1802 641 1840 partibus
655 1801 859 1840 Transmarinis
870 1801 904 1831 ad
924 1800 1046 1832 Portum
1064 1804 1233 1843 praedicffum
1244 1826 1254 1841 ,

190 1843 482 1880 declinaverint,tunc
494 1840 613 1878 diligens
621 1839 798 1882 Scrutinium
812 1840 890 1876 super
903 1839 990 1878 ipsos,
998 1841 1031 1871 <Sc
1040 1851 1142 1872 eorum
1152 1851 1254 1880 quem-

191 1883 275 1920 libet,
292 1882 352 1912 tam
374 1880 414 1910 de
430 1880 547 1918 Literis,
563 1879 649 1917 quam
670 1877 706 1909 de
729 1877 878 1916 Apportis,
897 1888 961 1916 quae
980 1879 1074 1910 secum
1087 1880 1255 1919 detulerint,

191 1918 454 1955 secretiori‘modO,
473 1927 532 1955 quo
546 1917 688 1956 poteritis,
705 1915 824 1948 faciatis:

230 1959 267 1989 Et
286 1968 387 1988 ornnes
408 1957 514 1987 Literas
534 1955 714 1993 huiusmodi,
733 1965 799 1993 quas
819 1964 888 1986 cum
910 1956 988 1993 ipsis,
1007 1955 1052 1987 vel
1072 1956 1152 1994 super
1165 1957 1255 1997 ipsos,
1296 1959 1302 1961 ’

192 1997 299 2027 ibidem
319 2006 353 2027 ex
373 1995 454 2027 causa
473 1991 608 2033 praedicfffi
629 1994 821 2032 venientibus,
839 1994 1016 2032 inveneritis,
1034 1994 1083 2033 ad,
1102 1996 1258 2026 Venerabi-

165 2035 168 2039 ’
191 2036 250 2065 lem
265 2036 393 2072 Patrem,
409 2032 816 2072 JohannemCantuariensem
831 2032 1258 2072 Archiepiscopum,Cancella-

45 2161 68 2177 ²·
88 2161 140 2187 IV.

49 2662 127 2695 Ann.
143 2662 187 2694 D.

75 2710 161 2743 1337.

53 2746 107 2771 An.
127 2751 169 2769 ir.

54 2785 190 2854 giij...

56 2860 195 2892 E.3.p.i.

57 2904 95 2924 m.
113 2903 156 2931 37.

69 3444 197 3475 Ann.D.

96 3493 179 3523 1337·

69 3526 121 3550 An.
133 3533 175 3552 ιι.

72 3566 101 3587 Ε.
122 3571 147 3598 3.

68 3599 132 3629 Ibid-

192 2076 266 2105 rium
287 2073 434 2109 nostrum,
454 2072 510 2101 sinc
530 2072 679 2108 dilatione,
698 2071 884 2100 transmittatis
901 2072 1084 2109 inspiciendas
1106 2074 1140 2105 ὃς
1155 2075 1259 2104 exami-

193 2112 312 2150 nandas,
332 2119 416 2149 prout
429 2110 479 2140 sibi
495 2120 544 2148 per
559 2120 612 2140 nos
625 2110 733 2147 plenitiS
748 2110 788 2139 est
802 2110 983 2148 injuncium
1071 2115 1073 2117 ’
1091 2111 1095 2115 ’

232 2150 250 2169 ‘⁴³
271 2149 307 2180 Et
326 2151 453 2193 Apporta
468 2148 626 2186 hujusmodi
640 2147 764 2185 arestari,
779 2149 813 2179 &
825 2148 903 2178 inivi>
917 2148 967 2178 sub
983 2148 1083 2188 Sigillis
1097 2150 1194 2181 vestris
1208 2161 1260 2182 cu-

186 2189 292 2224 vstodiri
303 2212 312 2227 ,
330 2188 448 2226 faciatis,
467 2187 610 2230 quousque
624 2186 697 2216 aliud
710 2186 776 2216 inde
793 2186 953 2218 duxerimus
966 2187 1212 2219 demandandum:

208 2231 211 2233 ’
237 2227 305 2257 Nos
318 2227 354 2256 de
370 2227 503 2264 summis,
520 2236 586 2263 quas
600 2225 636 2255 de
649 2225 809 2263 hujusmodi
829 2225 967 2263 Apportis
987 2226 1183 2267 arestaveritis,
1206 2238 1261 2260 nec

197 2276 258 2296 non
272 2266 309 2296 de
320 2265 500 2295 Nominibus
517 2274 635 2301 eorum,
655 2265 702 2302 qui
714 2263 875 2304 liu-jusmodi
889 2264 1017 2302 Apporta
1030 2265 1137 2296 ibidem
1157 2266 1262 2305 depor-

197 2306 333 2341 taverint,
352 2304 462 2333 dietnm
477 2302 686 2333 Cancellarium
706 2302 852 2341 nostrum,
871 2302 921 2332 sub
944 2303 1169 2343 Sigillisnvestris
1190 2316 1263 2346 prae-

197 2343 296 2379 dietis,
314 2342 447 2372 distincte
462 2343 495 2372 δε
510 2342 619 2378 aperte,
636 2342 672 2371 de
685 2350 815 2379 tempore
824 2342 858 2370 in
874 2350 1003 2380 ternpus,
1021 2344 1216 2375 certificantes.

236 2381 329 2412 Teste
339 2381 422 2420 Rege
435 2380 509 2418 apud
522 2380 641 2410 Turrim
657 2380 833 2418 Londoniae,
853 2380 989 2412 vicesimo
1004 2380 1081 2412 sexto
1092 2382 1139 2413 die
1157 2383 1263 2422 Janua-

197 2430 241 2452 rii.
583 2432 586 2436 ⁴

893 2459 947 2487 Per
959 2456 1041 2497 ipſstm
1054 2462 1159 2498 Regem.

340 2579 389 2610 De
405 2577 589 2626 Qercnbns
604 2578 785 2622 liberandis,
808 2591 864 2626 pro
882 2580 1017 2613 Fanum
1034 2581 1137 2615 Galcae.

267 2660 342 2700 EX,
360 2662 479 2694 Dile5⁷to
495 2663 547 2693 sibi
562 2664 590 2693 in
606 2663 742 2703 Christo,
760 2665 854 2695 Priori
867 2666 903 2696 de
918 2666 1010 2704 Blida,
1030 2665 1164 2697 Salutem.

304 2701 385 2732 Ciim
406 2712 460 2732 vos
479 2711 567 2740 nuper
589 2703 781 2742 Quadraginta
804 2704 956 2743 Qercus,
973 2715 1027 2743 pro
1049 2705 1167 2736 Faetura
1180 2706 1272 2742 cuius-

206 2739 272 2769 dam
288 2739 387 2770 Galeae
402 2750 504 2779 quam,
524 2741 598 2778 apud
613 2742 718 2772 Villam
730 2741 766 2772 de
790 2742 819 2772 K
841 2742 976 2782 ngeston,
994 2743 1075 2781 super
1096 2743 1187 2782 Hull,
1205 2755 1271 2782 per,

209 2778 361 2809 Dilectum
383 2779 482 2816 nobis,
506 2778 701 2810 Willielnium
723 2780 757 2811 de
777 2781 802 2810 la
847 2782 910 2820 ole,
936 2791 971 2812 ex
992 2783 1075 2812 certis
1095 2783 1196 2821 causis,
1214 2783 1273 2814 fieri

209 2816 418 2854 ordinavimus,
436 2815 469 2846 ad
484 2824 614 2853 rogatum
627 2818 757 2848 nostrum
773 2818 860 2850 nobss'
870 2820 1075 2858 concesseritiS,

248 2854 309 2891 Ac,
329 2855 379 2893 sub
393 2854 566 2886 confidentia
579 2855 731 2892 Maeremii
745 2857 832 2896 illius,
852 2858 1001 2890 Facturam
1013 2858 1157 2898 praediCtae
1175 2860 1275 2891 Galeae

211 2894 266 2930 jam
277 2893 365 2930 incipi
381 2893 549 2932 fecerimus,
696 2899 698 2905 ⁸

248 2930 341 2961 Vobis
358 2927 546 2969 Mandamus,
566 2931 682 2963 firmiter
696 2934 888 2973 injungentes,
907 2935 987 2973 quod
1010 2936 1099 2968 diditas
1122 2937 1275 2976 Qercus,

198 2969 331 2999 'Dilecto
348 2968 534 3006 Carpentario
545 2970 660 3009 nostro,
679 2971 722 3001 W
724 2972 841 3002 illielmo
855 2973 890 3003 de
906 2974 994 3004 Kelin
1009 2976 1110 3012 (quem
1124 2978 1158 3005 ad
1172 2987 1226 3007 vos
1241 2986 1276 3007 ex

211 3007 292 3039 causa
307 3007 442 3046 praedicta
457 3009 608 3046 mittimus)
622 3020 803 3049 quacumque
817 3011 992 3041 excusatione
1011 3014 1150 3052 ceffante,
1166 3015 1277 3045 liberari

211 3046 334 3084 faciatis,
352 3046 386 3076 ad
409 3056 452 3077 eas
473 3047 559 3085 usque
580 3047 690 3078 dietum
711 3048 828 3087 locum,
853 3059 907 3087 pro
926 3050 1065 3088 praedidto
1085 3063 1173 3089 opere
1193 3053 1278 3092 perfi-

213 3084 334 3123 ciendo,
352 3085 508 3123 cariandas,
531 3095 615 3125 prout
628 3086 677 3116 sibi
691 3096 741 3125 per
753 3087 821 3118 Nos
836 3088 944 3126 plenius
960 3088 1001 3118 est
1014 3090 1192 3128 injunctum:

250 3122 286 3152 Et
299 3122 358 3153 hoc
373 3124 527 3155 nullatenus
543 3126 687 3155 omittatis.

288 3160 380 3192 Teste
394 3161 479 3200 Rege
495 3162 569 3201 apud
583 3163 726 3204 Langele,
745 3164 880 3196 vicesimo
896 3164 1016 3203 septimo
1029 3165 1077 3196 die
1085 3166 1215 3205 Januarii.

906 3244 958 3272 Per
969 3242 1052 3283 ipficm
1068 3246 1173 3282 Regem.

536 3365 586 3396 De
603 3368 730 3396 Ancoris
748 3363 961 3401 fabricandis.

284 3445 341 3476 EX
358 3446 585 3478 Vicecomitibus
601 3448 764 3479 Londoniae
780 3449 911 3481 Salutem.

321 3485 401 3516 Cum
418 3494 504 3516 cerras
522 3486 648 3517 Ancoras
663 3498 715 3525 pro
730 3488 863 3519 Navibus
878 3489 996 3529 nostris,
1014 3491 1160 3530 videlicet,
1181 3492 1207 3522 la
1216 3491 1283 3523 Cri-

207 3522 320 3563 ‘stoffre
335 3526 367 3555 ὃς
385 3524 487 3563 Cogge
501 3523 623 3556 Edward
632 3549 641 3562 ,
659 3526 788 3557 celeriter
799 3527 891 3558 facere
903 3528 1145 3568 ordinaverimus,

257 3560 350 3593 Vobis
368 3562 539 3593 Mandamus
554 3563 633 3600 quod
649 3564 787 3604 Qinque
802 3565 885 3596 Milia
898 3566 993 3606 Ferri,
1011 3569 1044 3598 ὃς
1057 3568 1204 3599 Ducentas
1212 3569 1283 3600 Bor-

220 3600 267 3631 das
289 3601 325 3631 dc
344 3601 478 3640 Estland,
493 3610 528 3633 'ac
548 3601 677 3633 Centum
698 3603 850 3642 Qarteria
864 3604 1035 3636 Carbonum
1050 3606 1284 3647 Maritimorum,

221 3650 274 3677 pro
296 3639 378 3671 dietis
399 3641 535 3679 Ancoris,
554 3641 587 3672 &
607 3640 664 3671 aliis
685 3641 926 3683 operationibus,
943 3645 973 3674 in
988 3644 1077 3676 Turri
1091 3644 1187 3676 nostra
1202 3646 1284 3677 Lon-

221 3678 315 3708 doniae
329 3680 480 3717 faciendis,
498 3681 555 3710 emi
569 3681 602 3711 &
618 3679 775 3718 provideri,

258 3716 297 3748 Et
334 3717 453 3751 Dileifto
474 3717 590 3749 Clerico
612 3717 728 3758 nostro,
747 3719 877 3751 Tliomae
896 3720 933 3752 de
954 3721 1132 3761 Stapelford,
1151 3723 1286 3762 Supervi-

224 3753 276 3798 sori
295 3741 504 3794 &pernionum
526 3756 683 3801 nostrarum
704 3758 733 3787 in
746 3757 833 3789 Turri
850 3759 1003 3800 praedirSifi,
1021 3771 1070 3800 per
1084 3761 1285 3802 Indenturam,

225 3792 291 3823 inde
304 3796 530 3834 conficiendam,
548 3796 655 3827 liberari
674 3795 793 3836 faciatis,

225 3867 244 3898 d
263 3830 303 3862 Ita
314 3836 409 3874 quod,
427 3845 479 3874 pro
498 3834 584 3866 vestri
598 3834 818 3873 defc&u,di‹stae
830 3835 1017 3875 Operationes
1032 3838 1187 3870 nullatenus
1202 3848 1287 3872 retar-

247 3878 341 3901 entur:

261 3906 300 3937 Et
319 3909 356 3939 de
372 3910 536 3950 Custubus,
561 3923 631 3950 quos
652 3913 727 3943 circa
748 3911 936 3951 Emptionem
959 3915 993 3945 &
1017 3914 1218 3947 Provisionem
1232 3917 1287 3949 hu—

222 3944 347 3982 jusmodi
360 3951 555 3991 apposueritis,
573 3952 654 3982 vobis
669 3952 697 3980 in
713 3950 796 3982 firma
810 3951 904 3982 vestra
918 3951 1050 3983 Civitatis
1073 3953 1235 3994 praedistae,
1252 3956 1287 3988 ad

224 3982 403 4016 Scaccarium
417 3989 546 4021 nostrum
555 4014 564 4027 ,
582 3990 706 4021 debitam
719 3989 917 4021 allocationem
931 3991 1035 4021 habere
1049 3991 1194 4024 faciemus.

261 4021 352 4055 Teste
365 4024 448 4066 Rege
459 4029 533 4068 apud
547 4029 667 4060 Turrim
681 4028 817 4060 London.
829 4029 964 4062 vicesimo
978 4029 1086 4061 ostavo
1100 4030 1146 4061 die
1154 4031 1286 4070 Januarii.

909 4107 962 4137 Per
977 4105 1060 4147 ipficm
1073 4109 1178 4147 Regem,

1272 199 1304 238 P
1345 200 1387 240 U
1429 202 1461 241 B
1500 203 1534 242 L
1573 203 1592 243 I
1630 204 1668 244 C
1710 205 1756 245 A.
2262 212 2341 258 i59

2347 311 2476 343 Ami).

2346 359 2457 427 2233:

1447 369 1496 399 De
1512 370 1691 403 ProteHione
1704 382 1758 417 pro
1774 375 1906 406 Nunciis
1924 377 2011 421 Regis
2025 378 2166 411 Franciae.

1340 450 1399 482 EX
1414 451 1562 496 Universis
1577 454 1610 485 &
1626 454 1735 499 singulis
1755 455 1929 497 Admirallis,
1944 458 2096 498 Dominis,
2115 462 2149 492 &
2172 462 2334 504 Magistris,
2343 477 2396 502 An,
2416 483 2444 502 11
2451 478 2459 503 g

1357 490 1505 527 Navium,
1523 501 1555 522 ac
1570 491 1745 531 Marinauis,
1763 505 1875 526 necnon
1898 497 2139 538 vicecomitibus,
2160 501 2317 539 Maioribus

1276 527 1404 572 Ballivis,
1422 530 1455 559 &
1475 528 1620 561 Omnibus
1637 532 1693 562 aliis
1715 532 1855 564 Fidelibus
1876 536 1910 566 &
1934 536 2072 568 Ministris
2092 540 2160 578 suis,
2186 542 2245 572 tam
2263 527 2335 572 infrii
2345 517 2460 578 ξαεςιι.

1278 566 1451 612 Libertates,
1466 568 1556 611 ,quam
1568 578 1659 609 exrra,
1676 570 1710 601 ad
1725 582 1813 610 quos,
1832 574 1891 604 &c.
1911 574 2042 606 Salutem.
2344 593 2374 617 E.
2385 596 2443 626 3.p.
2455 592 2479 618 1.'

1312 605 1409 636 Sciatis
1422 605 1520 645 quod,
2345 637 2382 657 m.
2399 637 2446 662 40.

1315 643 1413 687 Cum,
1433 644 1604 689 Magnificus
1617 646 1768 691 Princeps,
1780 648 1926 680 Dominus
1942 651 2101 693 Philippus,
2118 654 2182 685 Rex
2197 656 2335 697 Franciae,

1279 681 1511 722 Coniangumeus
1525 683 1620 714 noster
1635 685 1801 724 carissimus,
1821 689 1954 726 quosdam
1968 691 2104 722 Nuncios
2115 694 2176 724 suos
2190 695 2224 724 ad
2246 696 2315 727 Nos

1278 720 1350 750 infra
1364 720 1501 757 Regnum
1515 721 1661 761 nostrum,
1680 724 1831 755 nobiscum
1844 727 1922 764 super
1937 730 2099 766 quibusdam
2121 733 2259 770 Negotiis
2280 721 2335 766 Arz

1278 758 1357 804 duis-3
1373 760 1462 798 ipsum
1485 759 1599 804 Regem
1621 762 1654 791 ὃ(
1674 761 1743 792 Nos
1757 767 1950 805 tangentibus,
1968 769 2147 810 traetaturos‚
2164 772 2335 804 ordinaverit

1277 797 1431 836 destinare,
1449 805 1480 828 ut
1493 808 1670 837 accepimus,

1316 836 1494 875 Suscepimus
1515 838 1544 867 in
1566 837 1783 869 Protefflonem
1805 841 1839 870 ὃς
1858 841 2063 874 Defensionem
2086 847 2209 879 nostram
2231 851 2338 888 specia-

1282 875 1356 914 lem,
1374 886 1428 906 nec
1441 885 1501 906 non
1515 876 1621 907 salvum
1633 877 1667 908 &
1679 878 1806 909 securum
1818 879 2007 912 Conductum
2024 885 2151 915 nostrum
2160 911 2169 925 ,
2184 899 2216 919 ac
2236 890 2340 921 salvam

1280 913 1419 945 Gardiam
1432 914 1576 954 nostram,
1592 915 1745 953 praedictos
1759 917 1795 946 N
1797 919 1913 957 uncios,
1931 920 1964 950 ad
1979 921 2047 952 Nos
2061 924 2096 954 iic
2119 935 2269 967 venturos,
2287 939 2339 960 cu-

1276 953 1445 992 juscumque
1460 953 1554 984 Status
1566 954 1612 984 seu
1627 953 1809 986 Condirionis
1822 957 1942 997 fuerint,
1955 969 1988 989 ac
2005 971 2104 992 eorum
2120 964 2338 1007 Familias,Res‚

1280 992 1314 1022 ὃς
1333 990 1412 1022 Bona
1431 991 1490 1030 sua,
1509 992 1698 1031 quascumque
1721 995 1863 1025 veniendo
1879 997 1949 1027 infra
1963 997 2100 1037 Regnum
2114 1003 2260 1043 nostrum,
2277 1007 2337 1036 tarn

1248 1062 1251 1066 ⁵
1281 1038 1332 1066 per
1354 1030 1493 1068 Terram,
1519 1031 1605 1069 quam
1626 1040 1676 1070 per
1699 1031 1799 1071 Mare,
1817 1034 1922 1065 ibidem
1943 1038 2102 1078 morando,
2128 1042 2160 1071 δε
2183 1044 2284 1073 exinde
2302 1045 2336 1075 ad

1280 1066 1399 1106 Propria
1412 1068 1565 1099 redeundo.

1321 1107 1340 1127 '¹¹‘
1351 1105 1395 1140 ¹Et
1410 1107 1476 1137 ideo
1491 1108 1591 1145 vobis,
1603 1107 1637 1137 &
1650 1107 1777 1139 vestrsim
1791 1111 1925 1150 cuilibet,
1942 1113 1993 1144 sub
2006 1117 2084 1151 gravi
2099 1116 2274 1149 forisfactura
2287 1130 2341 1150 no·
2354 1124 2369 1139 ³⁸
2387 1125 2440 1151 IV.

1283 1145 1353 1183 stra,
1371 1145 1554 1185 mandamus,
1572 1145 1632 1180 &a
1645 1154 1727 1184 prout
1738 1151 1766 1176 in
1780 1152 1884 1178 Literis
1898 1153 1930 1180 de
1945 1155 2088 1184 conduc‘lu.
2356 1170 2417 1198 73¹·

1321 1182 1355 1214 In
1376 1185 1470 1222 cujus,
1486 1185 1546 1215 &c.
1565 1184 1650 1223 usque
1668 1183 1702 1215 ad
1725 1185 1840 1217 Festum
1863 1188 2038 1221 Ascensionis
2060 1192 2186 1225 Domini
2205 1198 2344 1234 proximo

1285 1223 1410 1253 futurum
1425 1223 1577 1253 duraturas.

1361 1261 1452 1292 Teste
1463 1261 1545 1301 Rege
1559 1261 1632 1301 apud
1646 1262 1785 1302 Langele,
1805 1264 1942 1296 vicesimo
1958 1267 2062 1299 odiavo
2079 1270 2123 1301 die
2133 1270 2265 1309 Januarii.

1288 1337 1563 1398 ET'Mandatum
1580 1339 1621 1370 est
1638 1338 1812 1386 Custodibus
1825 1341 1942 1387 Paffagii
1956 1343 2049 1391 Regis
2068 1347 2206 1391 in·Portu
2227 1349 2346 1393 Dovor-

1366 1386 1432 1415 riae,
1451 1378 1530 1414 quod
1553 1378 1688 1409 Nuncios
1708 1380 1877 1418 praedictos,
1894 1382 2050 1419 hujusmodi
2073 1385 2179 1416 Literas
2202 1387 2290 1425 Regis
2310 1390 2346 1420 de

1251 1413 1255 1423 ²
1287 1415 1487 1454 Proteffione,
1505 1416 1579 1447 salvo
1596 1417 1772 1455 Conductu,
1791 1419 1825 1449 &
1836 1420 1908 1451 salva
1921 1420 2046 1461 Gardia,
2064 1423 2158 1454 secum
2173 1425 2347 1465 deferentes,

1288 1454 1361 1483 cum
1373 1453 1408 1483 ad
1422 1453 1540 1485 Portum
1556 1455 1652 1494 illum,
1671 1457 1738 1486 citra
1751 1457 1860 1488 dietum
1884 1459 2018 1500 Festum,
2035 1470 2068 1491 ex
2088 1463 2169 1493 causa
2190 1465 2344 1502 praedidta,

1288 1492 1511 1531 declinaverint,
1527 1494 1598 1531 ipsos
1611 1495 1639 1524 in
1655 1495 1759 1525 eodem
1775 1495 1863 1527 Portu
1877 1498 2001 1535 benigne
2015 1500 2181 1540 admittant,
2195 1504 2229 1534 δε
2244 1502 2347 1534 eirinde

1290 1530 1324 1560 ad
1344 1530 1476 1569 Regem,
1494 1532 1548 1561 una
1571 1542 1638 1563 cum
1663 1533 1778 1564 Familia
1801 1534 1863 1573 sua,
1879 1535 1982 1575 Equis,
2007 1537 2168 1578 Hernesiis,
2193 1542 2227 1572 &
2248 1542 2350 1572 Rebus

1289 1569 1341 1599 suis
1362 1569 1604 1612 quibuscumque,
1622 1571 1725 1608 absque
1744 1574 1950 1611 impedimento
1972 1576 2083 1614 aliquo,
2102 1579 2215 1610 transire
2233 1576 2351 1618 permit-

1291 1615 1348 1637 tant
1358 1629 1367 1644 ,
1382 1615 1459 1644 Juxta
1473 1607 1623 1639 Tenorem
1640 1609 1799 1641 Literarutn
1812 1611 1897 1651 Regis
1908 1614 2113 1651 praediCtarum.

1328 1645 1419 1676 Teste
1433 1644 1517 1683 Rege
1530 1655 1560 1677 ut
1572 1647 1658 1686 supra.

1295 1720 1506 1782 COnsimiles
1523 1723 1628 1754 Literae
1641 1723 1731 1763 Regis
1743 1724 1780 1755 de
1795 1724 1980 1758 Prorefflone
1994 1728 2065 1760 fiunt
2080 1740 2131 1768 pro
2146 1731 2270 1763 Nunciis
2292 1733 2354 1764 Da-

1373 1760 1423 1790 vid
1444 1761 1481 1791 de
1501 1761 1570 1792 Erus
1591 1761 1627 1791 de
1640 1762 1755 1802 Scotia,
1774 1765 1945 1808 inpartibus
1966 1767 2169 1799 Transmarinis
2188 1771 2352 1811 existentes,

1295 1799 1343 1836 qui
1366 1799 1428 1843 tam·
1444 1810 1459 1829 a
1476 1802 1599 1837 partibus
1621 1800 1838 1841 Transmarims,
1865 1805 1951 1843 quam
1970 1816 1985 1836 a
2002 1808 2128 1845 partibus
2147 1808 2268 1848 Scotiae,
2292 1810 2354 1842 sunt

1295 1839 1406 1869 venturi
1421 1848 1450 1868 iri
1466 1839 1611 1876 Angliam.

1331 1875 1422 1907 Teste
1434 1885 1463 1908 ut
1479 1877 1566 1915 supra.

1509 2003 1568 2037 Ad
1585 2007 1728 2038 Comitem
1743 2005 1865 2049 Markie
1876 2033 1887 2050 ,
1912 2006 1949 2040 de
1969 2008 2137 2044 Credentia.

1298 2087 1432 2144 REX,
1449 2088 1555 2120 Nobili
1575 2091 1609 2121 &
1630 2088 1743 2120 Potenti
1763 2090 1852 2129 Viro,
1871 2091 1983 2138 Comiti
2001 2093 2164 2138 Marchiae,
2182 2098 2289 2130 Amico
2309 2099 2359 2131 suo
2373 2101 2448 2132 Ann.
2463 2099 2507 2132 D.

1372 2127 1515 2160 carissimo
1511 2152 1541 2197 D
1551 2129 1675 2160 Salutem
1690 2129 1724 2160 ὅ(
1737 2129 1851 2160 sincerae
1862 2131 2020 2162 dilectionis
2035 2134 2181 2167 affeeturn.
2397 2149 2482 2180 1337.

1337 2165 1382 2195 Ex
1394 2166 1495 2206 magnii
1545 2167 1680 2198 ilefflonis
1695 2167 1795 2199 vestrae
1807 2168 1910 2200 fiducia
1925 2172 2062 2202 mittimus
2077 2173 2111 2204 ad
2125 2185 2195 2214 VOS,
2208 2175 2358 2208 Diledtum
2375 2184 2427 2208 Aa.
2447 2190 2455 2206 1
2465 2189 2489 2206 i.

1302 2203 1459 2236 Vallettum
1481 2206 1628 2243 nostrum,
1650 2204 1815 2244 Johannem
1833 2207 1870 2239 de
1887 2208 2088 2241 Thraudeston
2108 2213 2185 2251 super
2205 2214 2360 2254 aliquibus,
2376 2223 2403 2246 E.
2423 2227 2448 2254 3.

1302 2243 1383 2274 cordi
1398 2245 1480 2275 nobis
1494 2245 1692 2283 insidentibus,
1711 2246 1744 2277 ὃς
1758 2246 1841 2276 vobis
1855 2257 1906 2277 ore
1919 2256 2000 2279 tenus
2014 2251 2215 2291 exprimendis,
2235 2264 2285 2291 per
2307 2264 2360 2285 nos
2375 2257 2476 2294 Clausit
2487 2265 2510 2283 i.

1302 2282 1454 2319 specialiter
1467 2292 1634 2321 oneratum,
1653 2283 1712 2314 Cui
1725 2284 1866 2315 Auditum
1880 2287 2007 2323 praebere
2019 2287 2244 2330 benivolum,&
2259 2292 2363 2324 Fidem
2380 2300 2409 2323 Ε.
2423 2305 2446 2331 3.
2456 2302 2509 2331 p.1.

1303 2319 1436 2352 adhibere
1448 2322 1537 2352 velitis
1551 2321 1712 2361 credulam,
1730 2324 1865 2362 petimus,
1883 2325 1912 2354 in
1924 2325 2058 2358 dicendis.
2380 2343 2415 2362 m.
2433 2332 2512 2370 37.d.

1341 2358 1408 2391 Dat.
1429 2360 1565 2391 London.
1584 2360 1699 2398 decimo
1710 2360 1756 2391 die
1769 2361 1920 2393 Februarii.

1374 2501 1436 2536 Ad
1451 2502 1698 2551 Burgimagistros
1715 2503 1751 2537 de
1768 2506 1887 2539 Burcels
1904 2505 1939 2540 de
1955 2509 2082 2555 Stapula
2099 2511 2290 2546 concedenda.

1313 2587 1449 2641 REX,
1466 2588 1600 2619 Discretis
1612 2589 1700 2627 Viris,
1719 2589 1945 2627 Burgimagistiis
1958 2594 1992 2624 &
2005 2594 2131 2626 Scabinis
2144 2596 2229 2628 Villae
2240 2597 2277 2628 de
2297 2597 2367 2628 Bur-
2383 2607 2458 2638 Ann,
2474 2605 2516 2637 D,

1390 2627 1463 2663 cels,
1482 2627 1590 2657 Amicis
1605 2627 1657 2657 suis
1676 2628 1836 2667 carissimis,
1851 2630 1983 2661 Salutem.
2406 2654 2489 2685 133*-

1349 2665 1522 2703 Injunximus
1535 2665 1681 2704 quaedam,
1699 2666 1841 2705 Scapulam
1855 2668 1996 2701 Lanarum
2011 2671 2108 2712 Regni
2129 2673 2234 2712 nostri,
2249 2675 2278 2704 in
2297 2674 2366 2705 loco
2385 2688 2436 2713 An.
2455 2663 2496 2713 12,

1310 2713 1456 2743 congruo,
1475 2704 1547 2734 infra
1567 2705 1716 2736 Ducatum
1738 2705 1910 2746 Brabantiae,
1929 2709 2162 2749 concedendam,
2181 2711 2369 2743 Concernen-
2387 2728 2415 2751 E.
2437 2734 2463 2760 3,

1312 2743 1364 2780 tia,
1383 2742 1502 2774 Dilecto
1515 2742 1638 2774 Valletto
1653 2743 1769 2783 nostro,
1783 2744 1909 2783 Johanni
1923 2747 1960 2778 de
1981 2748 2200 2789 Thraudeston,
2217 2761 2266 2788 per
2281 2751 2370 2788 ipsum
2386 2762 2449 2791 wid,

1313 2782 1397 2812 vobis
1412 2792 1462 2812 ore
1479 2790 1558 2812 tenus
1570 2782 1766 2824 exprimenda,
1785 2781 1857 2821 Cui,
1875 2784 1955 2825 super
1969 2785 2112 2826 dicendis,
2126 2797 2160 2818 ex
2175 2797 2252 2827 parte
2265 2789 2372 2828 nostra,

1315 2819 1402 2850 fidem
1417 2821 1508 2852 velitis
1523 2822 1642 2858 petimus
1657 2821 1799 2851 credulam
1812 2822 1954 2854 adhibere.

1350 2857 1420 2889 Dat.
1441 2858 1576 2889 London.
1597 2859 1713 2890 decimo
1728 2859 1774 2890 die
1790 2859 1942 2891 Februarii.

1352 2934 1467 2965 Eodem
1490 2935 1581 2966 modo
1603 2935 1766 2967 mandatum
1782 2936 1823 2967 est
1837 2937 2078 2979 Burgimagistris,
2094 2940 2237 2981 Scabinis,
2254 2943 2288 2974 &
2302 2942 2373 2973 Pro-

1315 2972 1358 3003 bis
1372 2972 1565 3011 Hominibus,
1583 2973 1665 3005 Villae
1679 2975 1716 3005 de
1731 2975 1862 3016 Loveyn.

1318 3047 1427 3118 Mltlem
1441 3048 1680 3091 Burgimagistris,
1699 3051 1842 3091 Scabinis,
1862 3054 1896 3085 &
1908 3053 2011 3085 Probis
2024 3054 2219 3094 Hominibus,
2239 3056 2322 3086 Villae
2335 3055 2372 3086 de

1358 3098 1371 3117 a
1381 3097 1441 3126 yns.

1614 3214 1674 3249 Ad
1685 3219 1800 3263 Papam
1812 3244 1822 3260 ,
1846 3217 1883 3251 de
1901 3217 2068 3253 Credentia.

1319 3299 1535 3362 SAnfflffimo
1554 3301 1582 3331 in
1603 3300 1721 3332 Christo
1741 3302 1833 3342 Patri,
1851 3302 1983 3334 Domino
2004 3304 2034 3334 B.
2056 3304 2163 3336 Divina
2177 3305 2375 3344 Providentia,
2393 3312 2468 3342 Arm,
2482 3311 2526 3342 D.

1377 3339 1566 3370 sacrosancte
1582 3339 1726 3371 Romanae
1739 3351 1772 3371 ac
1785 3341 1955 3372 Universaiis
1968 3342 2102 3373 Ecclesiae
2115 3344 2238 3374 Summo
2258 3344 2377 3374 Pontifi-
2414 3360 2500 3390 1337,

1320 3379 1365 3415 ci,
1387 3377 1560 3416 Edwardus,
1579 3379 1699 3417 ejusdem
1712 3380 1814 3418 gratia,
1834 3380 1897 3410 Rex
1911 3380 2040 3419 Angliae,
2060 3381 2204 3413 Dominus
2218 3382 2377 3422 Hiberniae,
2391 3394 2445 3418 Aa.
2465 3399 2506 3418 ιι,

1320 3417 1354 3447 &
1371 3415 1439 3446 Dux
1451 3416 1625 3454 Aquitaniae,
1644 3417 1746 3448 devota
1761 3418 1871 3448 Pedum
1883 3419 1976 3449 oscula
1989 3419 2149 3450 Beatorum.
2392 3434 2422 3457 E.
2444 3439 2470 3466 3,

1358 3454 1478 3485 Accedit
1497 3455 1532 3485 ad
1554 3456 1710 3486 Sanctitatis
1731 3456 1831 3487 vestrae
1852 3457 2042 3495 praesentiam,
2069 3459 2155 3496 quam
2175 3458 2303 3490 Dxlcstus
2323 3469 2377 3490 no·
2395 3472 2465 3496 Rom.
2484 3476 2526 3493 ιι,

1321 3494 1378 3530 bis,
1398 3493 1536 3532 Magister
1559 3493 1713 3524 Bernardus
1734 3495 1770 3524 de
1791 3494 1894 3533 Sistre,
1918 3496 2025 3534 vester,
2051 3497 2084 3526 &
2106 3496 2279 3536 Apostolicae
2299 3498 2378 3529 Sedis
2395 3511 2425 3534 E.
2450 3515 2476 3543 3,
2488 3514 2528 3533 m.

1323 3533 1352 3561 in
1368 3531 1477 3568 Regno
1491 3531 1590 3562 nostro
1604 3532 1755 3571 Nuncius,
1774 3533 1827 3563 Vir
1842 3534 1938 3572 utique
1954 3534 2075 3564 Morum
2090 3534 2234 3565 honestate
2256 3534 2381 3575 Conspi·
2397 3554 2424 3582 3.

1321 3580 1408 3640 suugt’
1427 3570 1529 3601 Fidelis
1549 3571 1582 3601 ὅ(
1603 3570 1731 3611 Diligens
1757 3572 1785 3601 in
1806 3570 1989 3610 Commiffis,
2006 3572 2040 3602 δε
2061 3573 2089 3602 in
2105 3573 2232 3613 Agilibus
2246 3573 2382 3607 Circum-

1353 3619 1368 3639 e
1401 3619 1447 3639 us:

1333 3619 1351 3647 p
1361 3647 1419 3686 Et,
1436 3647 1502 3678 licet
1516 3647 1665 3678 Probitatis
1678 3648 1733 3678 suae
1748 3647 1853 3678 Merita
1866 3647 1966 3678 vestrae
1981 3647 2150 3680 Clementiae
2165 3649 2249 3681 Nota
2270 3651 2322 3683 sint
2344 3652 2385 3684 sa-

1323 3687 1374 3724 tis,
1392 3694 1423 3716 ut
1437 3687 1611 3723 conicimus,
1629 3687 1662 3718 ὃς
1678 3687 1821 3724 Accepta;
1837 3688 1932 3716 votiva
1953 3695 2046 3717 tamen
2070 3687 2162 3718 nostra
2184 3688 2383 3722 Recommen-

1323 3725 1415 3763 datio,
1434 3725 1454 3755 sl
1469 3725 1576 3763 placet,
1593 3724 1627 3755 ad
1643 3724 1714 3755 Hoc
1731 3726 1759 3754 in
1775 3723 1873 3755 vestrae
1888 3725 2095 3763 Propitiationis
2109 3727 2200 3758 oculis
2220 3728 2322 3760 adiciat
2343 3731 2385 3760 in-

1324 3773 1522 3794 crementum:

1364 3802 1413 3832 De
1438 3801 1586 3832 Fidelitatis
1609 3801 1744 3839 siquidem
1765 3800 1820 3831 suae
1840 3801 2014 3840 constantii,
2033 3803 2067 3833 δε
2087 3805 2204 3841 puritate
2227 3805 2385 3837 Conscien-

1325 3842 1390 3878 tiae,
1406 3840 1515 3877 plenius
1536 3839 1730 3878 confidentes,
1748 3839 1797 3869 sibi
1817 3840 1895 3877 super
1918 3840 2099 3879 quibusdam,
2118 3843 2199 3873 cordi
2214 3845 2298 3875 nobis
2322 3845 2386 3875 infi-

1326 3879 1475 3916 dentibus,
1493 3879 1527 3909 δε
1542 3877 1643 3908 vestrae
1658 3877 1824 3908 Beatitudini
1838 3888 1888 3915 per
1901 3879 2006 3917 ipsum,
2025 3880 2043 3909 {i
2068 3881 2217 3921 placuerit,
2235 3884 2310 3914 vivae
2333 3894 2386 3914 vo-

1326 3919 1367 3948 cis
1382 3917 1498 3947 oraculo
1512 3915 1716 3953 exprimendis,
1733 3917 1893 3954 aperuimus
1906 3917 2069 3948 fiducialiter
2090 3929 2218 3951 mentem
2233 3921 2369 3952 nostram.

1365 3956 1565 3994 Quamobrem
1587 3953 1764 3993 Apostolicae
1782 3954 1960 3986 Constantiae
1983 3956 2079 3995 (quam
2103 3958 2132 3987 in
2155 3958 2278 3991 Persona
2295 3958 2386 3992 vestra

1327 3993 1544 4026 eminentiffime
1565 3993 1585 4012 ²*
1603 3993 1725 4024 firmavit
1741 3993 1907 4030 Altiffimus)
1930 3994 2035 4025 devota
2054 4005 2170 4033 precum
2186 3998 2312 4029 instantia
2324 3998 2387 4035 sup-
2402 4010 2421 4030 si
2444 4011 2497 4037 lv,

1327 4034 1479 4072 plicamus,
1498 4033 1642 4070 quatinus,
1655 4033 1734 4070 juxta
1754 4040 1924 4072 conceptam
1943 4033 1971 4062 in
1993 4033 2089 4064 Nobis
2110 4034 2146 4066 de
2158 4036 2283 4067 bonitate
2298 4035 2387 4066 vestra
2404 4058 2469 4085 732,

1328 4072 1479 4108 fiduciam,
1498 4071 1697 4109 Relationem,
1713 4081 1764 4111 per
1778 4071 1868 4108 ipsum
1883 4079 1917 4101 ex
1933 4081 2010 4109 parte
2025 4072 2122 4104 nostra
2143 4074 2296 4106 faciendam
2332 4073 2390 4103 cle-

1329 4119 1440 4142 menter
1452 4109 1566 4149 audite,
1583 4109 1746 4149 Relatisque
1766 4108 1866 4142 Fidem
1889 4110 2035 4144 indubiam
2055 4111 2202 4151 adhibere,
2220 4123 2253 4144 ac
2273 4096 2385 4181 Νῗὲῐοίε,

2326 4158 2393 4187 uper
