2562 4279
44 224 121 258 Ann.
138 225 179 256 D.

789 138 897 180 ET
984 134 1252 176 ACTA

200 243 202 246 v
232 226 279 257 Ad
300 234 385 266 quem
406 234 474 258 vota
495 226 590 258 nostra
609 234 661 266 pro
676 226 749 262 alio,
769 225 839 255 sicut
852 224 937 261 sciris,
955 221 1060 252 direffl
1074 222 1205 256 fuerunt,
1223 218 1257 248 δε

65 273 147 334 2323-
192 266 292 334 vobijs,
311 267 384 296 inter
404 275 520 304 caetera,
539 264 700 305 peculiarius
724 263 874 294 commiffa
897 260 1072 300 procuranda
1088 260 1122 290 ὃς
1136 266 1258 295 promo-

44 311 65 335 Ε
83 317 110 334 v.
127 314 153 332 2.
192 314 249 337 ven
272 313 304 342 a,

193 381 341 420 portastis,
363 381 431 412 Nos
452 381 598 419 compellit
618 380 653 409 de
677 379 732 409 alio
727 401 764 446 gd

231 341 342 374 Contra
357 343 530 374 voluntatem
543 341 685 377 nostram,
700 341 727 370 in
742 339 830 369 nostri
845 339 1032 377 vituperium,
1049 345 1102 373 pro
1117 334 1199 365 vobis
1215 342 1259 362 re-

775 388 828 418 pro
848 377 966 415 negotiis
985 374 1104 412 nostris,
1129 374 1158 402 in
1182 370 1259 401 diist&⁴

766 427 801 454 o,
821 414 977 455 providere.

197 420 286 450 Curia
301 420 517 459 prosequendis,
535 420 617 449 nobis
630 419 715 456 magis
1200 449 1205 454 ⁷
1230 447 1239 457 Α

235 458 316 488 Cum
338 461 428 498 itaque
448 458 483 488 de
505 458 634 488 fidelitate
658 455 774 494 probata
797 456 829 485 ὃ(
853 451 1106 489 ςίι·ειιηιΓΡείίἰοηε
1125 448 1260 492 provida,

197 498 291 528 dilecti
316 496 539 534 Clerici-nostri,
558 494 688 534 Magistri
704 494 774 524 Adae
790 491 981 528 Mirimouth,
1000 487 1259 531 plenam-fiduciam

196 545 388 575 reportantes,
406 535 496 575 ipsum
510 535 544 565 ad
559 534 665 564 diist-am
681 531 814 568 Curiam,
833 540 885 567 pro
904 529 1022 568 negotiis
1036 527 1154 571 nostris,
1178 526 1260 557 vobis

198 585 288 615 nuper
311 574 444 613 injunffis
466 575 499 604 ὃς
523 571 693 609 commiffis,
711 580 744 600 ac
764 570 838 607 aliis,
856 578 907 598 nos
927 576 961 598 ex
975 576 1053 597 nunc
1070 566 1175 596 ibidem
1191 574 1262 595 con-

199 614 385 652 tingentibus,
403 609 604 654 prosequendis
618 608 807 646 destinemus,
1122 644 1127 648 ι
1202 642 1207 647 .

235 653 326 683 Vobis
349 652 530 688 mandamus,
548 650 597 683 sub
617 646 791 678 forisfadtura
810 645 961 682 omnium,
979 654 1042 683 quae
1059 644 1142 673 nobis
1155 640 1262 672 forisfa-

200 701 266 722 cere
285 690 426 729 poteritis,
443 688 558 719 firmiter
577 687 773 725 injungentes,
796 683 876 721 quod
897 683 1002 713 Literas
1022 681 1198 721 originales,
1219 681 1262 709 in-

199 731 346 766 dentur-as,
366 727 529 766 Process'us,
553 727 586 757 &
604 725 658 755 alia
700 732 884 762 uaecumque,
903 732 955 752 nos
974 722 1018 752 seu
1038 722 1150 760 negotia
1169 718 1265 748 nostra

200 767 412 806 contingentia,
430 767 464 798 ὃς
499 775 563 796 enes
577 773 628 793 vos
640 763 682 792 exi
710 763 797 799 entia,
815 761 931 798 prae‘s‘ato
944 760 1085 800 Magistro
1095 758 1189 797 Adae,
1208 757 1264 787 sine

201 807 334 838 dilatione
355 804 463 843 aliqua,
490 802 621 839 iberetis,
640 799 786 841 ipsumque
804 799 839 829 de
864 799 931 829 statu
948 799 1133 838 negotiorum
1149 796 1265 827 nostro-

202 855 270 876 rum
288 844 498 884 praedidiorum*
510 841 545 870 ad
560 840 678 880 plenum
692 839 861 875 informetis,
880 840 917 869 ita
933 836 1028 876 quod,
1045 838 1117 876 §tutta
1130 836 1266 866 informa-

202 885 316 914 tionem
335 883 429 920 illam,
447 877 560 910 ulterius
581 880 614 910 δί
628 877 782 908 consultius
794 877 926 916 prosequi
941 877 1028 906 valeat
1043 875 1161 913 negotia
1173 875 1266 911 supra-

202 922 296 961 dieta,
314 922 348 952 ὃς
370 930 421 950 nos
441 918 477 948 de
496 917 566 947 statu
584 917 765 955 negotiorum
784 916 918 954 illorum,
936 925 1020 954 prout
1040 914 1132 945 eidem
1146 913 1267 952 injunxi-

204 969 269 992 mus
277 985 287 998 ,
305 957 436 990 distinete
448 956 482 987 &
495 957 589 995 aperte
603 956 739 986 certiores
752 954 876 985 reddere.

241 998 310 1038 Dat.
325 994 397 1037 apud
409 994 580 1035 Pykeryng,
597 994 714 1025 decimo
726 993 846 1034 septimo
860 993 906 1024 die
920 992 1049 1032 Augusti,

203 1128 287 1171 Papa
309 1120 356 1155 ad
377 1124 487 1169 Regem
500 1146 510 1165 ,
528 1122 620 1169 sitper
636 1122 820 1167 Praefcfflone
835 1120 991 1168 Johannis
1008 1121 1044 1154 de
1059 1120 1218 1166 Serasford
1239 1125 1270 1153 in

1327 133 1802 177 PUBLICA.
2309 134 2358 186 83

1302 228 1401 257 cutor,
1421 229 1503 256 peries
1524 232 1593 260 nOS,
1611 223 1643 253 ὃς
1660 223 1765 254 Fratres
1779 221 1907 261 nostros,
1923 224 2064 263 oportune
2077 222 2109 252 S:
2124 219 2284 258 importune
2300 218 2360 257 plu·
2376 211 2453 241 Ann-
2467 211 2513 241 D«

1302 259 1407 287 timum
1422 259 1573 296 laboravit,

2399 258 2484 290 1323-

1340 296 1396 325 Sed
1417 305 1504 340 tunc,
1529 305 1643 337 propter
1664 298 1753 336 aliqua
1770 299 1805 329 de
1825 299 1941 339 persona
1963 299 2033 330 dieti
2053 297 2191 334 Roberti,
2212 295 2310 338 nobis,
2329 292 2362 323 &
2378 290 2446 318 Ἐάν·
2465 296 2494 317 2·

1302 335 1384 365 diffisis
1401 335 1559 373 Fratribns,
1579 336 1720 373 querelose
1741 337 1839 376 relata,
1859 338 1938 368 dieto
1956 338 2086 376 Jolianne
2108 336 2135 366 id
2157 334 2267 373 penitus
2281 341 2364 372 igno-

1303 382 1395 411 rante,
1412 383 1475 412 qum
1485 384 1525 403 ex
1540 374 1620 404 causa
1633 374 1812 413 praesentibus
1826 376 2009 412 subticemus5

1336 411 1421 455 Tum
1442 413 1547 450 etiarn,
1572 414 1636 452 quia
1656 412 1764 452 statim,
1783 414 1848 450 post
1870 415 1990 453 ejusdem
2013 413 2125 453 Rigaldi
2145 410 2302 448 decessum,
2324 409 2367 438 in-

1304 448 1422 494 spirante
1437 450 1591 488 Domino,
1605 447 1722 481 firmiter
1734 451 1981 484 deliberaveramus
1992 453 2026 483 de
2042 453 2163 483 Pei-ient
2179 448 2365 487 diffljohan-

1304 499 1346 518 nis
1358 489 1537 526 praeficiendst
1556 489 1691 520 Ecclesiae
1707 499 1887 529 memoratae,
1905 491 2023 522 honeste
2037 502 2097 522 non
2111 490 2252 531 potu'ssmtu
2268 489 2297 518 in
2313 486 2365 516 haic

1304 537 1382 565 parre
1396 537 1493 566 preces
1506 527 1610 567 Regias
1627 527 1776 566 exaudire,

1342 565 1379 596 Et
1402 566 1469 596 ideo
1490 566 1669 610 Magnitudo
1690 574 1754 604 tua,
1779 566 1813 596 de
1834 569 1949 598 veritate
1969 568 2035 598 faeti
2057 568 2178 608 plenarie
2202 565 2367 601 informata,

1305 614 1425 634 omnem
1448 603 1562 634 sinistrae
1585 605 1738 642 relationis,
1756 605 1800 634 vel
1816 605 1997 644 credulitatis,
2016 609 2044 636 in
2061 607 2234 637 contrarium
2247 604 2366 641 habite,

1306 643 1381 673 forte
1404 651 1597 681 conceptum,
1618 643 1653 673 de
1673 644 1824 674 sinceritate
1846 646 1946 675 mentis
1965 646 2080 682 evellat,
2102 645 2180 684 supet
2206 643 2258 673 hiis
2281 641 2368 671 fidem

1307 682 1438 721 plenam,
1461 689 1566 712 certam
1581 703 1591 719 ,
1615 682 1648 712 &
1669 680 1814 712 indubiam
1831 683 1902 713 veris
1923 683 2092 722 Apostolicis
2114 683 2242 714 relatibus
2260 681 2371 711 habitu-

1306 730 1360 750 rus.

1347 761 1362 776 ’¹³
1375 759 1422 802 De
1440 760 1547 789 cieteris
1565 766 1659 788 autem
1679 758 1733 788 tuis
1745 759 1882 797 negotiis,
1897 759 1987 790 eidem
2001 769 2050 798 per
2063 767 2091 789 te
2103 760 2249 798 injunctis,
2266 756 2372 795 Regiae

1310 795 1478 828 Cellitudini
1492 797 1722 836 respondebimus
1736 806 1785 834 per
1799 797 1931 827 eundem.

1349 836 1416 867 Dat.
1439 835 1576 867 Avinion.
1592 836 1709 866 decimo
1724 835 1809 865 tertio
1831 834 1951 866 Kalend.
1978 836 2166 873 Septembm,
2186 833 2374 867 pontificatus

1386 874 1475 906 nostri
1490 885 1566 905 anno
1578 875 1706 914 septimo.

1938 911 1991 942 Sub
2003 912 2064 954 filis
2087 911 2217 941 tambeis.

1314 1039 1364 1074 De
1380 1037 1532 1073 Conduffn
1543 1050 1598 1085 pro
1618 1040 1748 1071 Nunciis
1767 1036 1888 1071 Roberti
1907 1036 1942 1069 de
1962 1039 2036 1069 Brus
2050 1034 2229 1081 ‚secundum
2240 1036 2377 1079 formam

1677 1090 1796 1134 Treugae
1819 1097 1911 1132 nuper
1935 1089 2022 1118 initae.

2390 742 2521 780 *1v.141

515 1171 691 1218 EpifiOan
717 1170 956 1221 wyntonienfim.
1315 1173 1403 1236 LE
1420 1173 1481 1204 Roi
1501 1183 1530 1204 as
1549 1181 1619 1209 touz
1640 1173 1680 1204 ses
1696 1172 1799 1204 Baillifs
1819 1172 1852 1203 ὅ(
1867 1171 1981 1209 foiaux,
1999 1180 2026 1202 as
2040 1180 2130 1210 queux
2144 1168 2231 1201 cestes
2247 1167 2382 1208 presentes
2400 1176 2476 1207 Anu,
2487 1174 2531 1209 D,

1387 1214 1477 1243 lettres
1489 1213 1650 1245 vendrount
1658 1236 1668 1252 ,
1687 1211 1780 1242 Saluz.

57 1275 124 1307 Anu
145 1272 176 1303 D
222 1254 225 1257 ’
241 1256 377 1288 Ohannes
396 1257 570 1297 Episcopus,
587 1256 679 1288 servus
692 1257 839 1287 servorum
850 1255 928 1293 Dei,
945 1255 1097 1286 Carissimo
1111 1255 1138 1284 in
1152 1253 1271 1295 ‚Christo
1355 1252 1466 1284 Sachez
1479 1263 1551 1291 que,
2397 1225 2513 1289 Λιηῗῖὄγζ

78 1324 90 1344 1
116 1297 151 1350 ,ὲ
180 1296 186 1302 ’
252 1295 325 1326 Filio
348 1295 511 1335 Edwardo,
531 1295 607 1335 Regi
630 1295 742 1335 Angliae
761 1295 876 1333 illustri,
894 1294 1007 1326 salutern
1027 1295 1060 1326 &
1075 1293 1272 1333 Apostolicam
1356 1291 1455 1322 Come
1469 1291 1530 1322 Sire
1545 1290 1657 1321 Robert
1669 1289 1705 1320 de
1720 1288 1806 1328 Bruys
1819 1297 1890 1319 nous
1905 1287 1944 1318 eit
1958 1285 2079 1326 signifie,
2097 1294 2145 1324 per
2160 1285 2197 1315 ses
2211 1286 2315 1322 lettres,
2332 1282 2379 1321 q’il
2399 1298 2431 1320 E.
2453 1302 2479 1320 2·

57 1324 169 1386 A„3]7'.
231 1335 468 1365 benedietionem.
496 1366 497 1369 ,
1318 1331 1366 1361 bie
1385 1330 1510 1361 d’envier
1529 1329 1566 1359 ses
1590 1328 1729 1367 Meffages
1750 1327 1839 1367 parmi
1862 1325 1957 1357 nostre
1978 1336 2065 1364 poet,
2085 1326 2117 1355 δε
2142 1334 2212 1354 nous
2225 1325 2262 1353 eit
2274 1324 2381 1361 requis,
2402 1336 2460 1359 pm,
2474 1339 2515 1365 ¹7=

61 1397 78 1419 E
110 1401 134 1417 2·
242 1373 418 1404 Priesentatae
437 1373 520 1403 nobis
539 1371 640 1411 Regiae
654 1371 834 1402 Celsitudinis
848 1371 946 1402 litterae
959 1381 1073 1408 magna:
1089 1371 1170 1400 nobis
1184 1369 1274 1399 adini·
1338 1381 1353 1399 e
1364 1379 1444 1399 nous
1464 1369 1597 1400 voilloms
1617 1367 1755 1407 grauntier
1773 1365 1901 1406 conduyt
1913 1374 1965 1403 pur
1980 1373 2050 1403 eux,
2068 1372 2190 1400 tancque
2204 1373 2219 1393 a
2233 1370 2382 1401 quaraunte
2402 1375 2430 1398 E,
2451 1379 2478 1396 2,

66 1436 98 1456 x
112 1432 168 1456 Au-
205 1413 318 1443 rationis
340 1413 486 1442 materiam
508 1411 680 1449 intulerunt,
698 1411 784 1449 dum,
804 1420 898 1441 earum
914 1410 980 1441 serie
998 1410 1106 1449 plenius
1116 1408 1274 1446 intelleilzii,
1347 1408 1454 1438 arsones
1473 1418 1489 1438 a
1509 1406 1637 1445 Cheval,
1656 1406 1692 1435 de
1713 1405 1794 1444 quele
1817 1404 1973 1435 condicion
1995 1403 2043 1442 q'il
2062 1402 2169 1440 soient,
2188 1400 2308 1438 ovesque
2321 1399 2382 1429 lour
2403 1419 2437 1436 m,
2453 1407 2498 1436 18,

70 1478 111 1496 W,
206 1461 241 1481 ex
261 1450 357 1489 caussi,
376 1449 512 1481 contenta
531 1451 561 1479 in
577 1450 634 1487 eis,
651 1450 683 1480 ὃς
706 1449 823 1479 reserato
838 1449 998 1487 proposito,
1018 1450 1049 1479 St
1068 1449 1173 1486 periris,
1189 1448 1274 1485 longe
1319 1456 1422 1487 gentz,
1441 1446 1580 1483 chivaux,
1596 1446 1629 1476 &
1651 1444 1781 1481 herneis,
1795 1454 1811 1474 a
1831 1442 1916 1473 durer
1938 1450 1997 1472 tant
2018 1451 2053 1471 ue
2068 1441 2122 1471 ala
2139 1448 2210 1470 touz
2224 1439 2335 1476 Seints,
2351 1447 2387 1475 qe

79 1493 94 1505 ⁴³
114 1488 121 1495 “
207 1490 312 1533 diversa
319 1490 506 1533 collegimus,
524 1489 558 1519 δε
574 1488 706 1527 colligere
715 1488 791 1526 juste
807 1489 969 1526 potuimus,
984 1489 1086 1526 quarn,
1103 1497 1137 1516 ex
1153 1487 1275 1523 praeteri·
1321 1487 1415 1522 vient,
1434 1495 1470 1514 cn
1493 1495 1531 1514 un
1556 1484 1622 1522 An,
1639 1483 1734 1514 selonc
1758 1482 1795 1512 les
1816 1482 1917 1521 pointz
1933 1481 1969 1512 de
2018 1482 2120 1518 riewe,
2140 1479 2210 1518 prise
2225 1487 2303 1508 entre
2318 1486 2389 1507 nous

209 1537 258 1566 tis,
277 1527 503 1567 uniuscuiusque,
521 1528 598 1558 reete
616 1527 809 1565 deliberantis,
829 1528 967 1565 intentio,
982 1527 1049 1566 justi
1065 1526 1188 1556 censurae
1201 1525 1277 1562 judi-
1322 1525 1355 1556 ὃς
1372 1525 1428 1561 lui,

209 1567 246 1598 cii
262 1565 379 1605 praesum
401 1568 480 1597 tione
494 1566 650 1606 probabili,
669 1565 801 1606 colligere
815 1565 948 1604 potuisset
965 1576 972 1595 ;
1357 1560 1395 1592 Et
1415 1571 1450 1590 en
1473 1560 1590 1591 meisme
1611 1560 1671 1590 cele
1682 1560 1817 1597 Triewe,
1832 1559 1868 1589 de
1881 1558 1941 1588 cele
1954 1557 2105 1596 busoigne,
2123 1555 2212 1587 soient
2226 1560 2390 1586 contenuez

247 1605 338 1644 Sane,
388 1606 416 1635 ili
437 1605 590 1643 carissime,
616 1604 818 1644 Wyiitonienfi
840 1604 965 1635 Ecclesia
987 1612 1120 1641 vacante,
1144 1612 1193 1639 per
1208 1601 1276 1631 obi-
1321 1602 1360 1631 les
1383 1600 1488 1638 paroles
1505 1599 1574 1629 souz
1587 1599 1710 1635 escrites‚
1727 1597 1773 1627 Ιτ
1784 1605 1856 1635 EM,
1868 1597 1893 1637 fi
1910 1596 1934 1625 le
1948 1597 1989 1625 dit
2006 1599 2063 1625 Sire
2079 1595 2178 1625 Robert
2194 1594 2225 1624 de
2239 1597 2328 1633 Bruys
2342 1603 2388 1622 en-

61 1647 194 1685 *1V.i3.
208 1653 289 1682 turn,
308 1645 394 1674 bonae
407 1644 426 1663 ²*
436 1645 602 1680 memoriae,
620 1643 732 1680 Riaaidi
747 1644 879 1683 Episcopi
892 1642 1121 1685 Wyntonienlis,
1136 1639 1210 1679 apud
1226 1639 1277 1669 Sc-
1322 1642 1384 1670 voie
1406 1636 1531 1676 Mrffiges
1553 1650 1571 1667 a
1582 1636 1670 1676 paffi’i·
1678 1640 1770 1674 parmi
1785 1635 1872 1674 nostre
1881 1643 1963 1673 por-r,
1976 1633 2082 1672 paffent
2091 1642 2145 1672 par
2161 1631 2245 1673 nostre
2259 1631 2388 1671 conduyt,

209 1684 277 1714 dem
300 1682 499 1721 Apostolicam
521 1682 698 1720 decedentis,
716 1692 748 1712 ac
767 1691 815 1718 per
832 1682 888 1711 lioc
904 1682 1063 1718 provisione
1075 1680 1162 1709 dietae
1176 1678 1278 1708 Eccle-

210 1722 255 1753 sire
247 1721 303 1791 1<Titi
318 1731 385 1759 nos,
404 1721 437 1752 &
453 1720 557 1755 Sedem
572 1721 754 1762 praedictam,
773 1720 805 1750 ea
818 1721 881 1750 vice
895 1719 1046 1757 specialiter·
1062 1719 1240 1756 pertinente,

285 1770 334 1798 os,

250 1799 294 1829 Ex
313 1797 417 1829 astetfitu
437 1797 590 1835 praecipuae
607 1797 743 1835 caritatis,
761 1806 820 1834 quo
834 1796 866 1827 ad
888 1796 1135 1836 Magnificentiam
1147 1803 1225 1825 tuam
1240 1793 1281 1823 af-

214 1838 327 1868 ficimur
337 1859 346 1876 ,
364 1835 538 1867 attendentes
557 1836 636 1874 quod
646 1858 655 1874 ,
674 1836 846 1866 Venerabilis
859 1836 952 1866 Frater
966 1835 1079 1872 noster,
1092 1835 1235 1873 johannes
1245 1832 1281 1863 de

214 1876 387 1918 Strctsorde,
411 1875 567 1913 Episcopus
587 1874 801 1915 Wyntoniensis
815 1898 825 1913 ,
849 1873 1028 1905 Celsitudinis
1048 1882 1105 1904 tuae
1127 1872 1282 1909 Nuncius,

212 1925 265 1955 pro
287 1914 377 1944 ardms
396 1914 428 1943 δε
451 1915 563 1944 utilibus
582 1915 649 1951 tuis,
667 1915 700 1944 ὃς
717 1912 812 1953 Regni
827 1914 867 1944 tui
881 1913 1017 1952 negotiis,
1034 1912 1131 1942 denuo
1146 1911 1234 1941 fuerat
1246 1911 1281 1940 ad

213 1953 338 1984 nostram
361 1952 536 1990 praesentiam
552 1952 702 1982 destinatus
717 1962 722 1980 :
744 1953 884 1982 intuentes
898 1952 1006 1989 insuper
1022 1949 1204 1980 solicitudinis
1219 1959 1283 1979 ma-

212 2002 278 2035 gnre
298 1992 411 2030 zelum,
431 1993 518 2031 vigilis
538 1991 690 2031 diligentie
706 1991 849 2030 studium,
867 1990 1027 2029 sedulusque
1040 1990 1162 2027 labores,
1180 1989 1284 2027 quibus

213 2031 346 2064 fideliter,
370 2030 499 2069 solerter,
526 2032 559 2061 ὅσ
582 2031 685 2060 utiliter
709 2039 793 2067 penes
817 2040 883 2068 nos,
905 2030 938 2061 &
1100 2028 1207 2058 Fratres
1228 2037 1284 2056 no-

214 2068 305 2106 stros,
322 2068 433 2098 Sanctae
458 2069 600 2107 Romanae
622 2068 756 2099 Ecclei'iae
776 2068 954 2105 Cardinales,
972 2066 1063 2106 Regia
1083 2067 1201 2104 negotia
1217 2075 1285 2102 pro-

214 2107 367 2144 movebat,
386 2108 590 2138 conliderantes
610 2109 714 2144 etiarn,
739 2107 819 2145 quod
842 2107 895 2137 Vir
916 2106 958 2136 est
979 2106 1149 2136 Litterarum
1169 2103 1284 2134 scientia

214 2145 365 2185 praeditus,
381 2145 410 2187 in
431 2147 511 2176 rebus
532 2145 644 2184 agendis
657 2154 799 2184 expertus,
817 2147 884 2176 vitae
897 2144 1055 2182 laudabilis,
1070 2144 1105 2174 δε
1116 2143 1211 2174 inultis
1223 2151 1286 2181 gra-

217 2185 319 2226 tiarum
334 2182 446 2214 dotibus
459 2185 619 2222 insignitus,
635 2184 669 2214 &
683 2184 719 2213 de
732 2184 836 2223 Regno
854 2183 966 2222 Angliae
979 2182 1130 2219 oriundus,
1144 2183 1178 2213 &
1194 2181 1284 2219 quod,

218 2233 267 2261 per
286 2232 344 2259 ejus
368 2223 613 2254 conversationem
636 2222 775 2260 placidam
789 2224 822 2254 ὅ(
836 2221 1002 2259 honestam,
1021 2223 1106 2260 quam
1121 2222 1150 2251 in
1170 2220 1286 2250 Roma-

220 2262 258 2291 na
280 2259 367 2290 Curia
388 2261 554 2300 nobiscum,
574 2262 607 2292 ὃς
620 2270 690 2291 cum
704 2261 807 2292 eisdem
824 2261 963 2292 Fratribus
980 2260 1135 2300 plurimum
1150 2259 1286 2289 reddeba-

220 2308 266 2331 tur
279 2308 425 2337 acceptus,

257 2337 290 2381 In
307 2348 372 2368 euin
394 2337 545 2368 direximus
561 2339 652 2368 aciem
668 2338 767 2368 mentis
780 2337 899 2375 nostrae,
918 2337 1031 2367 firmam
1045 2336 1236 2374 concipiendo
1254 2335 1287 2365 fi-

219 2376 336 2406 duciam
351 2400 360 2414 ,
373 2415 377 2420 ι
392 2376 471 2415 quod
494 2378 549 2414 ejus
568 2376 719 2407 Promotio
740 2386 773 2406 ac
793 2375 950 2407 Ecclesiam
973 2384 1163 2405 memoratam
1181 2399 1191 2414 ,
1219 2374 1286 2404 esset

219 2414 289 2444 Deo
308 2414 432 2452 placida,
450 2415 587 2446 Ecclesiae
608 2416 731 2453 praefatae
743 2416 883 2454 perutilis,
901 2415 935 2446 &
951 2413 1115 2445 Celsitudini
1130 2422 1203 2452 tuae,
1222 2423 1287 2450 quae

221 2453 406 2492 obsequentes
426 2454 466 2483 ibi
482 2455 606 2493 personas
626 2454 773 2486 consuevit
786 2455 906 2492 gratiose
920 2453 1097 2494 prospicere,
1113 2461 1188 2492 grata
1201 2452 1287 2491 pluri-

222 2491 309 2523 mum
325 2492 359 2522 &
375 2500 506 2532 accepta,

223 2569 228 2574 Ἰ
258 2529 379 2574 Propter
400 2531 495 2570 quod,
514 2531 616 2571 absque
630 2531 721 2570 aliqui}
735 2532 935 2571 procuratione
949 2530 1050 2569 ipsius,
1067 2530 1112 2561 vel
1129 2529 1286 2569 aliquorum

220 2568 381 2599 instantiam
402 2580 456 2607 pro
478 2571 596 2608 eodem,
615 2570 672 2600 solii
693 2571 721 2600 id
743 2571 824 2600 nobis
840 2569 967 2608 Divina,
985 2577 1016 2599 ut
1028 2568 1186 2606 credimus,
1205 2568 1289 2605 inspi-

220 2616 299 2652 rante
321 2606 500 2652 Clementia,
517 2609 553 2639 de
567 2608 688 2647 ipsorum
704 2609 834 2639 Fratrum
848 2609 994 2646 unanimi,
1012 2608 1045 2639 6:
1061 2607 1199 2638 concordi
1216 2617 1287 2637 con—

220 2646 301 2686 silio,
319 2646 409 2685 ipsum
432 2647 524 2678 eidem
545 2647 679 2678 Eccleiiae
694 2648 722 2677 in
737 2647 910 2687 Episcopum
928 2647 1124 2685 praefecimus,
1143 2647 1176 2677 ὃς
1190 2644 1291 2676 Pasto-

222 2694 302 2723 rem,
320 2695 353 2714 ac
367 2684 562 2723 subsequenter
577 2686 628 2716 fibi
643 2686 761 2716 fecimus
777 2696 878 2716 munus
890 2684 1121 2716 Consecrationis
1133 2684 1270 2722 impendi.

262 2722 430 2767 Consideres
450 2725 548 2763 igitur,
566 2724 620 2755 Fili
641 2724 795 2764 cariffime,
814 2725 832 2755 si
848 2725 959 2763 virum,
979 2724 1018 2754 sie
1034 2723 1206 2762 providum,
1221 2724 1255 2755 δε
1275 2732 1292 2752 a

223 2760 397 2805 Celsitudine
419 2761 481 2806 tua,
497 2773 550 2800 pro
561 2763 651 2793 arduis
662 2765 784 2800 negotiis
797 2763 912 2803 Regiis,
929 2762 965 2793 ad
978 2771 1032 2793 nos
1047 2761 1171 2800 repetitis
1184 2763 1294 2793 vicibus

220 2800 407 2838 destmatum,
426 2801 476 2830 tibi
491 2801 550 2845 fore
563 2801 689 2832 divinare
703 2810 879 2841 poteramus,
898 2802 944 2832 vel
956 2801 1128 2832 debebamus
1141 2802 1293 2840 ingratum,

224 2847 293 2882 cum
313 2838 388 2869 nulla
407 2839 558 2877 probabilis
575 2841 739 2877 conjectura
759 2841 892 2878 recipiat,
915 2849 978 2870 non
998 2841 1072 2871 bene
1093 2841 1226 2877 meritos,
1245 2840 1290 2870 vel

226 2884 348 2915 ingratos
361 2899 371 2914 ,
383 2877 430 2919 'ad
451 2878 571 2915 gerenda
588 2887 838 2918 quorumcumque
860 2878 1030 2917 Magnarum
1051 2879 1166 2918 negotia
1179 2901 1189 2917 ,
1210 2878 1293 2917 dirigi

226 2916 271 2944 vel
291 2914 461 2958 assumi,qset
482 2917 576 2954 potius
595 2918 724 2956 personas
738 2918 768 2947 iri
782 2917 942 2948 constantia
953 2916 1072 2956 solidas,
1089 2918 1123 2948 &
1145 2917 1294 2955 probatas,

227 2954 262 2985 ὃ(
276 2953 339 2983 fidei
351 2954 472 2983 claritate
485 2955 620 2993 pollentes
635 2964 642 2984 :

250 2991 402 3036 'Attendasl
419 2991 529 3029 insuper
546 2993 678 3031 qualiter,
697 2993 774 3032 quod
790 2993 826 3023 de
838 2993 919 3031 ipsius
931 2993 1122 3024 Promotione
1133 2991 1294 3024 revocanda

227 3030 363 3073 dictarum
387 3030 537 3073 litterarum
557 3031 703 3062 concluiio
724 3031 910 3070 deposcebat,
928 3041 997 3063 cum
1011 3031 1108 3062 nosti-a
1120 3032 1154 3062 &
1169 3031 1292 3068 ejusdem

228 3068 306 3100 Sedis
322 3068 538 3113 bonorilicenria
550 3069 610 3100 fieri
629 3069 740 3108 potest,
758 3070 833 3100 nulla
850 3070 932 3101 causa
946 3070 1101 3101 rationabili
1115 3069 1253 3100 suadente.

267 3106 306 3151 Et
326 3107 414 3150 ideo,
432 3107 483 3137 Fili
497 3108 653 3147 cariffime,
673 3107 819 3146 premissis
832 3109 861 3138 in
875 3109 1052 3139 Scrutinium
1065 3108 1152 3138 reecae
1165 3108 1294 3139 conside-

229 3154 345 3190 rationis
366 3146 490 3176 adductis
512 3146 602 3183 (cum
626 3152 656 3177 'ea
691 3156 756 3186 quae
775 3147 919 3186 legitime,
934 3147 968 3178 &
981 3156 1052 3178 cum
1067 3145 1144 3177 tanta.
1156 3146 1293 3177 delibera-

229 3191 308 3228 tione
326 3183 387 3214 sunt
401 3184 510 3229 habita,
527 3189 640 3229 non'po
664 3194 728 3224 ent,
747 3185 850 3225 absque
865 3184 983 3216 Divina:
1000 3183 1154 3223 Maiestatis
1165 3185 1292 3225 offensi,

228 3222 363 3266 ipsiusque
381 3221 512 3261 Episcopi
526 3225 639 3263 injuria,
659 3225 692 3256 &
707 3224 831 3262 ejusdem
846 3224 927 3254 Sedis
939 3223 1115 3262 indecentia,
1133 3224 1293 3260 retraetari)

229 3260 348 3305 moleste
363 3270 424 3291 non
438 3261 522 3300 feras,
540 3262 585 3293 sed
599 3264 794 3302 aequanimiter
805 3264 912 3303 patiaris
925 3271 971 3293 tua
987 3265 1017 3293 in
1032 3262 1086 3293 hac
1102 3270 1178 3301 parte
1192 3263 1227 3293 ad
1241 3272 1291 3293 ex-

228 3300 400 3344 auditionem
415 3302 571 3336 precamina
585 3312 646 3332 non
661 3302 788 3339 admitti,
803 3303 871 3342 quin
886 3302 978 3340 potius
993 3301 1133 3338 Spirituali
1148 3300 1240 3340 Patri,
1257 3302 1293 3332 de

230 3338 277 3368 tali
294 3337 455 3377 propofim,
474 3339 508 3368 de
527 3339 574 3369 tali
593 3340 788 3378 providentia,
806 3339 999 3371 benivolentia
1011 3340 1086 3370 filiali
1101 3341 1292 3379 congaudeas,

229 3377 264 3407 &
283 3376 407 3406 eundem
418 3376 582 3421 Johannern
596 3377 773 3418 Episcopum
782 3400 791 3415 ,
806 3379 847 3408 ob
861 3380 1043 3410 reverentiam
1060 3378 1182 3416 ejusdem
1195 3378 1293 3418 Sedis,

230 3416 266 3447 &
286 3414 426 3452 nostram,
443 3415 538 3452 amplo
559 3419 618 3446 sinu
641 3415 743 3484 Repiae
761 3417 938 3455 benignitatis
955 3416 1098 3454 admittas,
1115 3425 1213 3456 utpote
1232 3427 1293 3448 non

231 3462 391 3484 extraneum
400 3477 417 3497 ³.
429 3453 474 3483 sed
497 3462 578 3483 tuum
599 3453 685 3484 Coris
698 3456 814 3493 iarium,
833 3457 867 3486 &
881 3454 917 3485 de
933 3453 1039 3494 Regno
1053 3464 1106 3486 tuo
1121 3455 1292 3495 oriundum,

230 3503 264 3536 ae
286 3492 486 3536 Secretarium,
501 3492 536 3522 &
551 3491 679 3530 fidelem,
699 3501 782 3530 prout
795 3494 823 3523 in
839 3493 932 3524 litteris
946 3495 1017 3532 tuis,
1032 3495 1116 3524 nobis
1132 3495 1232 3532 pluries
1244 3494 1292 3526 de-

232 3530 351 3569 stinatis,
369 3530 510 3561 evidenter
523 3530 645 3560 vidimus
657 3532 805 3561 contineri.

267 3569 459 3613 Supponirnus
473 3569 556 3599 etiam
565 3591 574 3607 ,
592 3568 673 3608 quod
687 3569 741 3608 ipse
754 3569 780 3600 se
794 3570 886 3600 taliter
898 3570 1078 3608 beneplacitis
1090 3572 1143 3601 tuis
1160 3580 1292 3612 exponet,

229 3608 326 3652 quod,
346 3618 401 3646 ejus
419 3608 631 3639 exuberantibus
652 3608 769 3646 meritis,
789 3608 881 3646 ipsum
902 3610 935 3639 &
950 3608 1106 3639 Ecclesiam
1120 3609 1195 3641 suam
1211 3611 1293 3642 Sere-

230 3655 300 3677 nitas
322 3646 369 3676 Re
390 3648 414 3676 ia
431 3648 503 3677 inter
523 3647 676 3684 praecipuae
695 3646 852 3677 dilectionis
873 3648 987 3678 brachia
1006 3648 1130 3684 gratiose
1148 3648 1292 3689 suscipiet,

228 3685 263 3715 &
280 3695 366 3724 proce
386 3694 450 3716 ente
470 3694 599 3724 tempore
613 3685 718 3726 semper
737 3686 766 3715 in
787 3686 905 3724 amplius
919 3709 929 3725 ,
951 3685 1137 3726 praerogativa
1157 3688 1292 3720 uberioris

1323 1677 1362 1713 ὠ»
1383 1689 1416 1707 en
1440 1676 1495 1706 cela
1518 1687 1561 1705 cas
1582 1682 1721 1713 grantoms
1738 1686 1770 1715 qe
1796 1685 1847 1704 eux
1870 1677 1941 1703 eient
1962 1673 2073 1711 conduyt
2086 1671 2233 1712 ficffi'saunt
2252 1670 2284 1701 de
2307 1680 2390 1708 nous,

1322 1724 1410 1758 quant
1425 1726 1488 1745 nous
1502 1723 1549 1744 erit
1558 1718 1674 1755 Jerroms
1690 1717 1785 1753 requis.

1364 1755 1467 1793 Nous,
1484 1755 1642 1785 voillauntz
1662 1753 1733 1782 tenir
1758 1753 1791 1783 &
1806 1750 1922 1791 garder,
1939 1758 2042 1788 tanque
2056 1759 2093 1779 en
2105 1757 2178 1778 nous
2193 1746 2252 1785 est,
2267 1747 2306 1778 les
2319 1746 2392 1777 cho-

1325 1796 1364 1826 ses
1386 1803 1542 1825 contenues
1565 1803 1600 1823 en
1622 1793 1645 1822 la
1665 1791 1722 1822 dite
1746 1790 1880 1827 Triewe,
1895 1799 2030 1828 pernoms
2049 1798 2085 1818 en
2108 1786 2202 1817 nostre
2215 1786 2276 1816 sauf
2287 1787 2320 1816 &
2333 1785 2392 1815 seur

1326 1834 1452 1873 conduyt
1467 1833 1505 1862 les
1523 1831 1663 1870 Messages
1677 1830 1702 1860 le
1721 1829 1763 1869 dit
1772 1829 1836 1860 sire
1850 1828 1983 1866 Robert,
2000 1835 2122 1864 tancque
2137 1836 2153 1856 a
2168 1833 2320 1865 quaraunte
2352 1833 2394 1854 ar-

1326 1874 1404 1903 sones
1426 1882 1442 1902 a
1462 1871 1575 1909 chival,
1593 1869 1628 1900 de
1648 1869 1729 1909 quele
1748 1868 1898 1898 condition
1913 1867 1950 1906 qil
1963 1867 2069 1903 soient,
2085 1865 2118 1896 δε
2132 1863 2196 1894 lour
2210 1870 2314 1901 gentz,
2342 1871 2395 1892 our

1326 1912 1465 1949 chivaux,
1482 1910 1515 1941 &
1540 1910 1601 1940 lour
1624 1909 1747 1948 herneyz
1761 1906 1906 1946 passauntz
1921 1905 2011 1945 parmi
2024 1903 2120 1934 nostre
2133 1912 2220 1942 poet,
2237 1901 2359 1933 dedeinz
2369 1900 2396 1931 le

1326 1959 1418 1988 temps
1434 1948 1558 1980 avantdit
1572 1959 1578 1978 ε

1363 1989 1417 2027 Et,
1436 1998 1488 2027 por
1507 1997 1580 2026 ceo,
1599 1985 1749 2017 mandorns
1770 1984 1803 2015 &
1817 1981 2007 2014 comandoms
2021 1991 2036 2011 a
2051 1989 2121 2012 vous
2135 1987 2223 2018 touz,
2242 1979 2276 2010 ὃ(
2288 1989 2303 2009 a
2317 1977 2397 2009 ches-

1328 2038 1386 2059 cun
1408 2028 1443 2057 de
1460 2037 1545 2066 vous,
1562 2035 1617 2065 que
1629 2035 1655 2055 as
1670 2025 1730 2055 ditz
1744 2022 1902 2061 Messages,
1921 2031 1959 2051 ne
1974 2032 1989 2051 a
2006 2021 2069 2050 lour
2083 2027 2187 2058 gentz,
2204 2028 2241 2048 en
2255 2017 2322 2060 lour·
2329 2017 2397 2047 Par-

1329 2067 1408 2097 sones
1417 2090 1426 2104 ,
1446 2075 1482 2096 ne
1496 2075 1532 2095 en
1547 2064 1610 2094 lour
1623 2064 1743 2093 chivaux
1752 2085 1762 2101 ,
1781 2071 1817 2091 ne
1831 2070 1921 2091 autres
1935 2059 2030 2096 biens,
2047 2068 2082 2088 en
2096 2056 2221 2095 paffiunt
2235 2065 2324 2093 parmi
2342 2064 2397 2084 no-

1330 2105 1383 2136 stre
1406 2103 1554 2140 Roialrne,
1573 2102 1687 2133 dedeins
1704 2100 1730 2131 le
1752 2099 1794 2131 dit
1813 2106 1924 2137 temps,
1942 2097 2007 2127 n’en
2028 2097 2125 2134 facez,
2144 2105 2200 2133 ne,
2218 2103 2295 2125 taunt
2309 2103 2395 2124 corne

1330 2155 1367 2174 en
1389 2154 1460 2174 vous
1475 2143 1531 2180 est,
1549 2141 1653 2172 soffrez
1684 2149 1720 2170 ue
1754 2149 1782 2169 ar
1797 2146 1874 2169 autre
1888 2137 1939 2168 soit
1951 2136 1998 2166 fait
2013 2135 2087 2172 mal,
2105 2134 2240 2171 moleste,
2260 2132 2396 2171 damage,

1330 2182 1562 2222 empeschement
1575 2190 1612 2210 ne
1625 2180 1662 2210 de
1687 2188 1740 2208 our
1763 2187 1851 2207 aunce
1863 2188 1872 2214 3
1886 2177 1951 2206 einz
1962 2175 2025 2205 lour
2037 2173 2117 2204 facez
2132 2182 2211 2209 aver,
2220 2182 2235 2202 a
2249 2171 2311 2202 lour
2325 2180 2397 2201 cou-

1331 2222 1433 2261 stages,
1453 2220 1514 2251 fauf
1531 2219 1565 2250 &
1588 2219 1647 2249 seur
1666 2216 1801 2254 conduit,
1818 2223 1906 2254 quant
1927 2224 1976 2252 par
1997 2222 2102 2244 aucuns
2116 2212 2165 2243 des
2178 2211 2239 2241 ditz
2254 2209 2398 2249 Meffages

1331 2270 1380 2291 ent
1392 2261 1481 2291 serrez
1495 2258 1585 2297 requis
1601 2267 1607 2287 :

1367 2299 1423 2337 Et,
1447 2299 1466 2329 fi
1489 2299 1548 2327 rien
1568 2295 1641 2327 feust
1662 2293 1796 2334 trepasse‚
1811 2303 1849 2323 ou
1869 2291 1963 2322 forfait
1985 2301 2002 2322 a
2023 2298 2095 2328 eux,
2110 2298 2150 2320 ou
2171 2298 2187 2319 a
2205 2286 2256 2319 nul
2278 2287 2314 2318 de
2334 2286 2398 2317 lour

1331 2346 1434 2376 gentz,
1450 2346 1505 2367 ceo
1525 2336 1551 2365 la
1564 2335 1644 2366 facez
1658 2332 1795 2364 tedrescer
1807 2332 1840 2362 &
1853 2329 1987 2361 amender
2000 2328 2136 2359 duement
2145 2352 2155 2367 ,
2173 2327 2271 2358 sauntz
2286 2325 2377 2357 delai:

1370 2376 1425 2414 Et,
1440 2375 1480 2405 s'il
1500 2375 1616 2412 aveigne
1630 2383 1686 2412 que
1701 2371 1828 2401 meismes
1841 2379 1913 2400 ceux
1928 2367 2086 2407 Meffiiges,
2103 2376 2143 2397 ou
2157 2366 2206 2396 nul
2219 2366 2255 2396 de
2269 2374 2339 2408 eux,
2357 2374 2398 2395 ou

1332 2414 1366 2444 de
1388 2415 1450 2444 lour
1472 2413 1641 2451 deveignent
1650 2435 1661 2451 ‚
1678 2421 1718 2440 ou
1732 2409 1868 2448 deveigne
1882 2406 2001 2444 malads,
2017 2407 2104 2437 deinz
2117 2403 2213 2435 nostre
2225 2413 2303 2442 poair
2312 2426 2322 2441 ,
2335 2402 2396 2442 q’ils

1332 2452 1458 2493 peussent
1480 2451 1643 2481 sauvement
1660 2449 1790 2479 demorer
1804 2455 1908 2484 tanque
1922 2455 1970 2475 eus
1980 2445 2083 2482 seient,
2101 2454 2141 2474 ou
2153 2443 2223 2481 soit,
2237 2443 2344 2481 garriz·,
2362 2441 2396 2472 δι’

1331 2492 1439 2522 adoncs
1455 2491 1616 2521 sauvement
1634 2487 1739 2526 passer,
1752 2487 1816 2516 hors
1828 2485 1863 2515 de
1877 2483 1972 2515 nostre
1985 2484 2077 2523 poair,
2089 2492 2164 2523 queu
2178 2489 2237 2520 part
2251 2479 2331 2520 qu’ils
2343 2489 2396 2512 vo-

1331 2531 1433 2568 dront,
1450 2540 1490 2560 ou
1502 2528 1599 2559 vodra.

1373 2569 1419 2600 En
1431 2568 1642 2606 tesrnoignance
1657 2565 1694 2595 de
1710 2564 1790 2603 quele
1805 2562 1889 2593 chose
1903 2571 1975 2592 nous
1988 2570 2088 2592 avorns
2101 2561 2148 2590 fait
2165 2559 2232 2590 faire
2245 2557 2332 2589 cestes
2346 2566 2398 2587 nos

1334 2609 1426 2639 lettres
1445 2615 1572 2644 overtes,
1587 2616 1601 2636 a
1623 2604 1719 2634 durrer
1742 2612 1862 2643 tancque
1882 2611 1898 2632 a
1910 2609 1961 2632 toz
1977 2600 2091 2639 Seintz,
2107 2609 2143 2629 en
2157 2608 2197 2629 un
2210 2597 2276 2636 An,
2293 2597 2400 2628 sicutne

1335 2647 1411 2678 desus
1426 2645 1466 2676 est
1480 2645 1531 2675 dit.

1375 2685 1456 2716 Don.
1470 2696 1485 2715 a
1497 2683 1659 2723 Pykering,
1675 2680 1701 2712 le
1717 2690 1755 2710 22
1764 2680 1830 2719 jour
1845 2677 1974 2718 d'Augst.

2034 2754 2088 2784 Per
2098 2752 2181 2792 ipfitm
2193 2754 2298 2790 Regem.

1587 2888 1645 2917 Pro
1665 2883 1786 2916 Nuncio
1807 2884 1890 2927 Papae
1908 2876 2172 2915 commendatoria.

1376 2972 1513 3003 Ohannes
1533 2969 1704 3009 Episcopus,
1721 2967 1812 2998 servus
1831 2966 1974 2997 servorum
1991 2964 2065 3002 Dei,
2084 2963 2225 2995 carissimo
2238 2964 2267 2993 in
2283 2962 2400 2994 Christo
2415 2966 2491 2998 Am,
2508 2967 2549 2998 D,

1390 3011 1462 3041 Filio
1484 3009 1645 3048 Edwardo,
1663 3007 1739 3046 Regi
1759 3006 1872 3046 Angliae
1892 3004 2003 3043 illustri,
2023 3003 2137 3035 salutem
2153 3004 2187 3034 &
2202 3002 2398 3042 Apostolicam

1361 3049 1605 3080 Benedictionem.

2434 3015 2519 3046 1323.

2415 3049 2468 3073 Ar.
2490 3056 2531 3081 ¹7·

1376 3089 1424 3119 Re
1443 3088 1489 3118 alis
1508 3086 1691 3118 Excellentiae
1711 3092 1844 3124 prompta
1864 3083 2041 3122 benignitas,
2055 3080 2090 3112 acl
2107 3079 2206 3110 Deum
2230 3079 2263 3110 &
2286 3078 2396 3121 Rorna-
2414 3089 2444 3110 E.
2464 3094 2489 3112 2,

1338 3137 1405 3158 nam
1456 3126 1586 3157 eclesiam
1606 3125 1704 3164 jugiter
1717 3124 1828 3154 fervore
1842 3122 1999 3153 devotionis
2010 3119 2141 3157 accensa,
2157 3118 2239 3148 nobis
2259 3117 2396 3147 indubita-
2414 3127 2453 3149 Ex
2472 3126 2532 3157 Auff

1337 3174 1394 3197 tam
1415 3166 1547 3196 fiduciam
1563 3163 1753 3204 repromittit,
1781 3161 1861 3201 quod
1882 3160 1965 3192 clarae
1985 3158 2131 3189 memoriae
2145 3179 2154 3194 ,
2178 3155 2397 3195 Progenitorum
2414 3169 2479 3198 ngr.

1336 3205 1449 3245 sequens
1464 3204 1594 3243 vestigia,
1613 3203 1691 3240 super
1706 3202 1772 3240 hiis,
1787 3210 1853 3239 quae
1866 3199 1950 3230 nobis
1963 3199 1997 3229 &
2013 3196 2103 3241 eidem
2119 3195 2253 3226 Ecclesiae
2265 3203 2341 3232 grata
2353 3194 2398 3225 fc-

1337 3254 1368 3274 re
1387 3243 1576 3281 conspexerit,
1589 3242 1615 3273 se
1631 3241 1784 3279 propitiam
1796 3239 1925 3270 exhibeat
1939 3239 1972 3269 ὅτ
1985 3238 2147 3273 ϋεηιςῑιαῐη.

1373 3281 1455 3312 Cum
1477 3284 1590 3320 itaque,
1606 3280 1746 3310 dileetum
1768 3279 1891 3315 Filium,
1908 3274 2083 3317 Magistrum
2104 3271 2317 3316 Hugonemode
2339 3271 2397 3301 En-

1337 3321 1468 3361 golisma,
1483 3319 1634 3352 Sacristam
1650 3318 1784 3349 Ecclefiae
1800 3317 2012 3357 Narbonensis,
2025 3311 2200 3357 Apostolifae
2215 3309 2293 3355 Sedis
2310 3309 2399 3352 Nun-

1338 3361 1418 3390 cium
1432 3359 1488 3396 (de
1500 3360 1578 3397 cujus
1593 3357 1848 3395 circumspectione
1862 3355 1895 3385 &
1908 3352 2038 3383 fidelitate
2051 3350 2169 3393 probata
2183 3349 2264 3392 plene
2279 3347 2397 3379 confidi-

1337 3398 1418 3436 mus)
1436 3398 1470 3428 ad
1489 3407 1577 3436 partes
1597 3397 1692 3436 Regni
1709 3397 1766 3433 tui,
1782 3404 1834 3432 pro
1853 3392 1952 3423 nostris
1972 3391 2005 3421 &
2027 3389 2161 3433 Eccleliae
2175 3387 2317 3432 praeditstae
2331 3395 2397 3426 pro-

1337 3437 1485 3468 movendis
1496 3437 1530 3468 &
1545 3434 1739 3476 prosequendis
1753 3432 1888 3472 negotiis,
1906 3428 2109 3468 praesentialiter
2122 3426 2321 3468 destinemusz
2353 3462 2362 3472 ,

1375 3476 1558 3506 Serenitatem
1577 3475 1622 3505 Re
1644 3475 1698 3503 iarn
1719 3480 1848 3511 rogamus
1868 3468 1998 3500 attentius
2019 3468 2052 3497 ὃς
2072 3466 2231 3507 hortamur,
2247 3473 2396 3506 quatinus,

1336 3515 1440 3546 habens
1461 3514 1584 3545 eundem
1608 3482 1779 3549 ΙΞυηείυῐη,
1797 3519 1849 3549 pro
1869 3506 1966 3538 nostra
1985 3506 2018 3536 &
2039 3503 2211 3549 Apostolicae
2225 3501 2302 3545 Sedis
2316 3512 2398 3533 reve*

1336 3553 1425 3584 tentia
1458 3552 1619 3593 propensius
1637 3549 1891 3584 commendatum,
1909 3548 1968 3576 tam
1986 3555 1994 3574 1
2015 3543 2091 3586 sum,
2131 3550 2194 3583 uam
2216 3539 2291 3571 dieta
2304 3550 2395 3578 nego-

1336 3594 1395 3631 tia,
1433 3602 1459 3623 ic
1487 3592 1585 3621 favore
1607 3589 1742 3620 benivolo
1760 3587 1826 3618 velit
1845 3584 1972 3626 prosequi
2025 3590 2083 3620 egla
2153 3578 2271 3617 llitudo,
2295 3579 2394 3617 quod,

1336 3630 1454 3672 praesidii
1474 3629 1559 3668 Regii
1580 3629 1648 3659 fulta
1666 3627 1775 3668 speciali
1796 3620 1986 3654 benivolentia
1999 3643 2008 3657 ,
2020 3658 2024 3663 ι
2038 3617 2230 3661 prosperentur
2248 3627 2258 3653 ,-
2288 3617 2396 3657 nosque

1335 3669 1452 3711 proinde
1473 3668 1681 3699 Sublimitatem
1704 3666 1826 3704 Regiam
1845 3662 1938 3698 dignis
1957 3665 2105 3698 gratiarum
2127 3656 2284 3686 actionibus
2300 3656 2396 3694 prose-·

291 3725 296 3730 '
421 3724 427 3728 “
1354 3718 1461 3740 uamur.

226 3726 437 3801 gral'f'lrffeieiadge
457 3734 663 3802 [illeimcla'riffimffi
682 3763 811 3798 ignorare
825 3770 852 3793 te
866 3763 999 3794 nolumus
1012 3763 1206 3802 quodprimae
1219 3765 1292 3797 litte-
1333 3720 1353 3750 q
1370 3747 1438 3792 Dar.
1461 3746 1597 3778 Avinion'
1619 3753 1640 3784 4
1654 3742 1716 3776 Μ’
1738 3739 1927 3780 Septembris'
1943 3732 2129 3766 pontificat&
2141 3732 2232 3763 nOstri
2243 3732 2386 3771 annm-ep-

229 3809 270 3830 rae
289 3809 345 3831 tuae
358 3811 441 3841 quaS,
447 3812 513 3870 Ᾰπο
526 3801 661 3847 Roberto
675 3800 789 3845 Baldoki
804 3802 1004 3847 promovendo
1018 3801 1052 3832 ad
1067 3801 1179 3847 distairi·
1188 3802 1291 3849 Eccle-
1406 3793 1487 3818 nmo·
1948 3813 2003 3844 Sub
2010 3811 2072 3854 filis
2083 3810 2220 3842 canabeis.

229 3838 314 3879 siam,
329 3840 436 3884 nostro·
475 3840 626 3881 postolatur
643 3839 801 3876 destinasti,
820 3849 898 3870 nona
916 3841 961 3871 die
982 3840 1089 3870 Mensis
1107 3839 1181 3871 Mau
1195 3851 1291 3879 proxi-

230 3878 284 3907 mo
308 3879 460 3923 praeteriti,
488 3879 608 3924 fuerunt·
619 3880 707 3922 nobis¹
718 3888 765 3918 per
784 3878 893 3908 dietum
913 3878 1076 3917 Johannem
1097 3878 1290 3921 Episcopum,

231 3922 299 3947 tunc
313 3915 558 3949 Archidiaconum
574 3917 805 3948 Lincolniensum
815 3939 824 3954 ,
843 3917 1032 3956 praesentatae,

268 3951 357 3991 Super
377 3956 492 3994 quibus,
508 3956 543 3988 ad
562 3957 772 3988 exauditionem
785 3954 938 3986 efficaciter
950 3954 1136 3995 deducendis,
1150 3955 1227 3988 idem
1236 3957 1290 3997 Jo-

230 3990 562 4064 haisssss,})1eoPTieiIte,
579 3998 713 4036 tanquam
733 3994 903 4038 fidelissimus
917 3994 1002 4034 Regii
1014 3993 1180 4033 beneplaciti
1191 3995 1292 4036 Profe:

2316 4021 2337 4040 ²*
2344 4022 2398 4050 Aa
