2562 4279
734 132 844 173 ET
927 127 1192 171 ACTA

0 226 65 262 kim.
77 222 116 257 D.
142 223 261 256 duciam
277 224 451 262 pleniorem,
470 219 622 253 affeeaeuose
639 218 802 261 requirimus
819 216 860 260 &.
870 224 1002 260 rogamus
1028 214 1154 258 quatinus
1174 212 1210 243 ad

9 275 91 307 1317.
139 262 284 301 praemissa
310 262 407 293 vestrae
432 258 657 292 considerationis
683 258 814 286 intuitum
831 255 1005 291 dirigentes,
1029 261 1158 290 aequitate
1176 252 1209 281 δε

4 310 71 334 xilv.
92 315 117 331 2.
144 301 241 332 'ustitifi
298 300 429 338 sideratis,
443 297 598 329 concedere
615 295 823 333 dignemini&
839 294 954 330 jubere,
978 290 1058 329 quod
1076 290 1210 332 praedicta

172 351 208 370 uo
227 311 312 369 hAElia
332 338 515 369 Florenornm
525 357 536 372 ,
555 333 638 364 dietis
663 331 858 362 Cardinalibus
876 340 928 368 pro
943 339 1042 359 eorum
1058 338 1211 359 communi

139 378 252 410 servitio
266 378 376 414 debita,
391 374 468 406 utest
475 373 600 409 dietum,
620 371 694 402 &in
712 370 801 400 vestra
814 368 937 398 Camcra
953 368 1081 405 liberata,
1098 368 1127 396 in
1142 376 1209 396 exo-

140 418 319 447 nerationem
344 413 470 453 praedic‘ti
497 411 596 440 Fratris
621 409 662 438 W
664 409 774 438 illielmi
787 430 796 445 ,
824 416 900 436 nunc
936 405 1053 448 Abbatis
1078 405 1210 435 Abbatiae

142 455 290 494 praedidkae
331 462 394 491 quae
415 451 450 481 de
473 448 693 485 Progenitorum
720 445 880 476 nostrorum
907 443 1071 473 Elemosinis
1097 443 1211 474 fundata

142 493 199 524 effe
222 476 371 523 dinoscitur
384 511 394 527 ,
417 488 451 519 ad
476 486 535 517 usus
558 486 591 516 &
615 484 807 516 commodum
832 482 976 514 dictorum
1001 481 1210 520 Cardinalium,

141 542 196 571 pro
214 531 337 570 ipbrum
354 526 467 558 servitio
483 524 659 562 supradicto,
678 533 693 552 a
714 522 808 560 plicari
826 521 951 563 valeant,
968 528 998 551 ut
1015 519 1055 550 est
1071 519 1189 558 justum.

178 569 333 600 Constrvet
356 574 406 595 vos
424 562 578 597 Altissirnus
592 585 603 600 ,
628 562 661 592 ad
709 563 826 598 egimen
846 558 980 589 Ecclesiae
1004 559 1060 589 suae
1078 559 1209 597 Sanctae,

143 617 192 647 per
208 614 335 644 tempora
353 602 471 632 feliciter
486 601 532 632 lon
557 601 621 630 iora.
984 636 988 640 ι

177 645 244 676 Dat.
261 640 334 682 apud
350 640 524 672 Westmona
548 640 653 676 etium,
670 637 807 668 vicesimo
824 635 946 667 secundo
961 635 1008 666 die
1023 635 1210 667 Novembris.

293 787 353 818 Pro
377 779 609 817 Mercatoribus
642 781 678 814 de
700 784 843 815 Societate
866 780 1047 816 Bardorum.

0 883 65 914 ann,
79 879 120 911 D,
216 869 348 912 Agnifico
365 867 512 906 Principi,
530 867 665 898 Domino
673 866 825 906 Philippo,
842 867 900 898 Dei
913 867 1020 906 gratia,
1039 865 1121 905 Regi
1128 866 1213 898 Fran-

11 932 23 952 Ι
88 942 95 948 ‚
142 879 211 943 M
232 918 332 941 corum
346 907 380 938 &
393 906 428 936 N
431 916 535 937 avarrae
550 905 665 945 illustri,
685 905 909 944 Consanguineo
921 906 971 937 suo
981 906 1139 942 carissimo,
1157 905 1215 936 Ed-

0 965 40 988 4n.
61 963 101 986 ri.
142 948 265 986 warduS,
282 944 407 985 ejusdem
424 944 514 983 grati&
549 944 613 976 Rex
630 945 764 984 Angliae,
782 946 844 976 &o
861 945 994 983 salutem,
1012 945 1061 983 &,
1076 944 1111 976 ad
1129 953 1215 983 vota,

0 1004 19 1026 ε.
40 1007 65 1024 2.
142 985 279 1020 successus
296 983 440 1023 prosperos
457 993 490 1014 ac
510 967 613 1014 fizlices.

52 1055 58 1062 ,
88 1032 122 1067 &⁸
180 1025 304 1062 Regiam
321 1022 405 1053 decet
424 1020 618 1059 Magestatem
635 1030 683 1061 ut,
703 1031 773 1061 quos
790 1022 928 1061 obsequiis
941 1022 1054 1054 utilibus
1067 1029 1217 1060 promptos

0 1076 121 1102 .··r.1i.F..
144 1065 177 1097 &
192 1072 298 1103 pronos
313 1062 469 1105 invenerit,
484 1062 536 1092 hos
552 1060 695 1092 favoribus
714 1061 817 1099 Regiis
841 1062 1036 1099 communiat,
1059 1062 1093 1092 &
1111 1070 1216 1099 procu-

0 1122 18 1140 ι,
31 1119 120 1141 m,12,
142 1110 183 1134 ret
199 1113 214 1132 a
224 1101 271 1135 rud
287 1099 355 1131 ahos
371 1099 496 1130 similiter
513 1099 720 1131 commendari.

182 1139 263 1172 Cum
284 1141 378 1179 itaque
403 1138 502 1169 dilecti
522 1137 698 1169 Mercator&
712 1137 825 1176 nostri,
845 1138 881 1168 de
899 1138 1041 1169 Societate
1059 1136 1216 1167 Bardorum

141 1179 176 1211 de
193 1178 348 1217 Florentii,
362 1179 392 1208 in
411 1176 518 1215 Regno
535 1176 631 1208 nostro
647 1177 842 1207 conversantes
859 1177 892 1207 &
911 1184 1125 1207 commorantes
1135 1198 1146 1214 ,
1163 1185 1217 1204 no-

143 1219 185 1250 bis
200 1218 334 1249 haetenus
351 1215 452 1247 utiliter
468 1215 661 1254 deservierint,
679 1215 713 1247 &
732 1215 822 1246 indies
838 1214 1045 1253 obsequantur,
1059 1224 1160 1252 onera,
1178 1214 1218 1243 eis

142 1267 194 1296 pro
212 1255 312 1287 nostris
332 1254 490 1286 utilitatibus
503 1253 648 1294 imposita,
664 1253 754 1285 subire
769 1263 829 1284 non
847 1262 989 1291 verentes,
1008 1262 1076 1291 nos,
1095 1262 1130 1282 eo
1146 1262 1218 1289 prae-

140 1304 217 1328 texm
226 1318 235 1334 ,
253 1294 378 1333 ipsorum
390 1292 536 1323 utilitatum
552 1300 755 1329 augmentum,
772 1292 806 1322 &
819 1293 924 1323 votivae
933 1292 1121 1330 tranquilitatis
1133 1300 1217 1321 com-

142 1333 267 1364 modum
283 1333 347 1363 totis
364 1331 513 1362 visceribus
529 1330 707 1368 affeetantes,
731 1330 852 1361 Reoiam
879 1329 1127 1367 Magnificentiam
1148 1327 1217 1359 affe-

143 1373 244 1403 cruoris
262 1371 390 1409 precibus
405 1369 607 1408 deprecamur,
632 1371 760 1408 quatinus
776 1355 959 1399 Mercator-es
976 1368 1128 1406 praedfflos
1142 1391 1152 1406 ,
1183 1369 1217 1398 δε

140 1421 240 1441 eorum
253 1410 355 1440 Socios
367 1418 466 1439 omnes
479 1408 513 1439 &
525 1407 663 1446 singulos,
682 1407 754 1439 infra
766 1407 903 1444 Regnum
922 1408 955 1438 &
969 1406 1141 1437 Potestitem
1167 1417 1218 1436 ve-

146 1449 230 1480 stram
246 1448 386 1478 favoribus
400 1447 503 1484 Regiis
521 1446 662 1486 attollere,
679 1447 713 1478 &
727 1457 743 1477 a
758 1447 971 1484 gravaminibus
991 1446 1099 1484 velitis,
1118 1444 1217 1475 nostris

144 1487 288 1526 precibus,
302 1485 459 1516 defensare:

182 1526 201 1546 *ᾖ
213 1525 257 1555 Ut
274 1525 311 1555 sic
326 1524 412 1555 iidem
421 1523 597 1555 Mercatores
619 1522 731 1562 nostri,
749 1522 847 1562 Regiis
856 1522 1037 1560 beneplacitis
1054 1521 1222 1560 conjunffl,

146 1565 224 1632 juxtsa
238 1573 339 1594 eorum
358 1564 476 1602 merita,
494 1563 527 1594 δί
540 1561 628 1593 nostri
643 1562 811 1593 desiderium
816 1584 827 1600 ,
843 1561 888 1592 sua
906 1561 1016 1599 agenda
1026 1561 1114 1591 valeat
1130 1559 1223 1591 utilius

169 1613 200 1633 ro
231 1612 315 1633 erare.

148 1613 167 1644 p
182 1613 252 1671 Dgt.
270 1640 344 1682 apud
362 1639 589 1680 Wyndesoram,
607 1639 744 1670 vicesimo
762 1639 844 1669 tertio
863 1637 909 1668 die
927 1637 1118 1668 Novembris.

9 1538 28 1557 ⁸
53 1538 105 1565 ΙΙΙ.

28 1577 92 1604 681.

149 1717 308 1788 ὼέοᾴἓῑῖἰ
323 1716 412 1747 modo
428 1715 555 1747 scribitur
572 1715 747 1754 subscriptis,
772 1715 883 1746 mutatis
903 1722 1095 1753 competenter
1114 1722 1227 1746 mutan-

185 1768 208 1796 ‘3
225 1767 254 1788 vi
274 1766 289 1786 e
311 1764 374 1794 cet,

153 1835 156 1838 ⁴
184 1836 301 1864 Domino
320 1831 425 1861 Karolo
446 1831 478 1861 de
495 1831 606 1871 Valoys,

187 1875 302 1902 Domino
322 1871 483 1909 Lodowico,
502 1874 599 1901 Comiti
617 1870 790 1911 d’Evereys,

187 1913 302 1940 Domino
322 1910 353 1938 de
371 1909 440 1947 Soly.

175 2054 233 2088 Ad
254 2057 361 2101 Regem
385 2056 540 2096 Francius,
558 2054 648 2099 fitper
672 2055 803 2098 captione
825 2051 986 2097 cujusdam
1009 2051 1197 2086 Dromondae.

0 2145 129 2179 ΛΜΗ),
225 2138 362 2177 Agnifico
374 2137 517 2176 Principi,
538 2137 672 2167 Domino
691 2136 842 2175 Philippo,
861 2136 919 2167 Dei
934 2137 1040 2174 gratini,
1056 2136 1135 2175 Regi
1144 2137 1229 2168 Fran-

21 2195 105 2225 1217·
152 2147 221 2208 M
242 2187 341 2208 corum
364 2175 473 2215 illustri,
500 2176 720 2213 Consanguineo
739 2175 788 2205 suo
814 2175 959 2206 carissimo
973 2198 983 2214 ,
1009 2175 1180 2215 Edwardus,
1197 2187 1228 2207 e-

0 2229 54 2254 A„‚
77 2234 117 2252 ιι,
147 2215 254 2255 jusdem
265 2238 275 2254 ,
293 2216 354 2246 &c.
373 2215 503 2254 salutem,
519 2216 552 2246 ὃς
567 2215 709 2252 prosperos
720 2214 754 2244 ad
769 2222 834 2245 vota
849 2214 996 2244 successus

0 2268 32 2292 E.
52 2274 78 2290 2,
191 2254 334 2292 Qzedam
350 2254 641 2296 negotia,.tangeiitia
665 2252 813 2282 Ducatum
836 2253 961 2283 nostrum
978 2251 1145 2290 praedictum
1157 2277 1167 2292 ,
1185 2254 1228 2285 su-

0 2300 114 2334 ttona&-
151 2302 200 2333 per
215 2292 440 2332 gravaminibuS,
456 2292 576 2329 injuriis,
598 2293 632 2321 r&
658 2289 881 2321 infestationibus
902 2291 1053 2329 indebitis,
1075 2293 1175 2331 nobis,
1192 2294 1227 2324 &

0 2345 42 2368 Fr.
54 2350 62 2367 i
73 2350 95 2367 i.
154 2331 308 2371 Ministris,
325 2340 358 2361 ac
373 2329 494 2361 Subditis
509 2329 609 2359 nostris
630 2339 677 2366 per
697 2328 820 2366 vestros,
837 2337 868 2359 ut
891 2329 1076 2360 intelleximus
1087 2352 1097 2368 ,
1120 2331 1227 2361 ibidem

0 2382 29 2405 E.
45 2388 116 2406 2,m,
152 2370 246 2407 illatis,
263 2380 295 2400 ac
313 2369 395 2399 etiam
417 2369 581 2406 captionem
598 2367 693 2398 Navis
713 2367 877 2405 cujusdam,
896 2378 960 2405 quse
980 2369 1134 2399 vocabatur
1150 2369 1229 2400 Dro-

6 2426 48 2445 12,
153 2409 261 2448 mond,
279 2407 390 2438 diversis
409 2407 491 2437 bonis
504 2407 538 2438 &
551 2407 744 2437 mercimoniis
762 2405 958 2436 Mercatorum
969 2406 1150 2445 Januensium
1163 2418 1224 2439 car-

154 2455 242 2485 catae,
257 2447 291 2478 &
312 2455 388 2477 extra
409 2445 577 2484 potestatem
600 2443 725 2475 nostram
749 2455 797 2482 per
813 2444 920 2475 Gentes
942 2444 1042 2476 vestras
1068 2454 1173 2485 captae,
1195 2449 1229 2479 &

153 2485 283 2516 abductae
304 2484 351 2524 (de
376 2494 434 2525 quo
456 2485 577 2521 negotio
594 2484 695 2523 pluries
714 2493 778 2514 ante
801 2483 865 2514 haec
883 2492 1010 2521 tempora
1029 2485 1111 2515 vobis
1124 2486 1230 2524 scripsi-

153 2523 229 2562 mus)
256 2524 444 2562 injunximus,
462 2522 569 2554 dilecto
589 2524 622 2554 ὃς
644 2521 719 2552 fideli
742 2520 858 2560 nostr0,
876 2521 1005 2552 Antonio
1030 2522 1176 2562 Peffaigne
1194 2524 1230 2555 de

151 2562 257 2602 janua,
274 2562 428 2593 Senescallo
442 2561 540 2592 nostro
550 2561 619 2591 diCti
630 2559 778 2600 Ducatiis,
796 2561 879 2591 vobis
897 2560 1017 2592 seriosius
1030 2562 1213 2602 exponenda,

194 2600 326 2632 Vestram
345 2600 528 2631 Serenitatem
545 2599 723 2631 affectuosius
741 2599 918 2637 deprecantes
930 2622 940 2639 ,
966 2601 1095 2638 quatinus
1114 2601 1231 2638 praefato

158 2639 313 2671 senescallo
328 2639 425 2670 nostro
435 2640 465 2669 in
480 2639 548 2677 hiis,
564 2649 628 2679 quae
641 2638 719 2676 super
733 2637 935 2669 reformatione
955 2638 1166 2676 praemissorum
1179 2651 1232 2671 vo-

156 2678 215 2716 bis,
233 2688 267 2709 ex
283 2687 359 2718 parte
372 2677 484 2716 nostrfi,
498 2678 655 2716 exposuerit
668 2677 735 2707 vivi
750 2687 840 2715 voce,
865 2677 957 2708 velitis
975 2676 1063 2708 fidem
1083 2679 1228 2710 credulam

157 2715 303 2755 adhibere,
322 2717 355 2747 &
373 2715 554 2755 exponenda,
566 2717 643 2755 juxta
663 2715 749 2746 nostri
767 2715 986 2756 confidentiam,
1002 2716 1138 2748 exaudire.

194 2754 262 2786 Dat.
279 2755 354 2794 apud
369 2754 596 2795 Wyndesoram,
613 2755 709 2793 primo
726 2754 773 2785 die
791 2753 974 2786 Decembris.

162 2892 238 2937 Regi
262 2892 392 2923 Francia
416 2889 668 2924 commendatoriae
688 2901 741 2937 pro
765 2889 951 2925 Marchione
976 2890 1013 2925 de
1037 2892 1164 2935 Carere,
1200 2895 1237 2931 ὠ

565 2937 728 2974 Fratribus
750 2941 824 2986 ejus.

12 3024 86 3057 Ann.
99 3023 142 3055 D.
163 3022 450 3084 EXcellentiffimo
462 3023 612 3063 Principi,
631 3024 765 3070 Domino
783 3025 937 3070 Philippo,
956 3025 1014 3055 Dei
1036 3025 1141 3070 grati-2,
1158 3025 1238 3064 Regi

33 3072 119 3105 1317.
237 3063 411 3107 Francorum
424 3063 458 3094 &
481 3063 618 3094 Navarrae
636 3063 751 3102 illustri,
771 3063 993 3101 Consanguineo
1009 3063 1059 3094 suo
1080 3065 1241 3104 carissimo,

58 3125 64 3132 .
84 3112 126 3130 ιι.
165 3100 336 3140 Edwardus,
352 3101 494 3141 ejusdem,
511 3102 571 3133 &c.
589 3101 720 3140 salutem,
745 3103 779 3134 &
799 3102 952 3140 successuS,
970 3101 1080 3140 semper
1101 3102 1136 3133 ad
1158 3112 1240 3143 vota,

15 3145 44 3169 Ε.
61 3151 86 3169 2.
165 3139 233 3180 pros
247 3149 307 3170 eros
321 3141 355 3171 &
370 3139 474 3171 felices.

14 3183 83 3208 Rom.
103 3177 136 3212 (φ
238 3178 344 3208 obilem
366 3178 485 3218 Virum,
503 3179 537 3210 ὃς
551 3178 680 3209 nostrum
703 3178 856 3219 dileetum,
883 3180 916 3210 &
942 3178 1156 3217 Consiliarium,
1175 3179 1241 3211 Do-

18 3221 145 3284 {triti-¹1²3.
168 3218 281 3248 minum
295 3216 494 3248 Guillielmum
510 3217 631 3255 Daniel,
649 3217 854 3249 Marchionem
866 3218 903 3248 de
918 3216 1038 3257 Careto,
1057 3217 1241 3256 Consangui-

166 3265 272 3294 neum,
288 3255 450 3298 venerabilis
467 3256 572 3300 Patris,
598 3256 726 3287 Domini
749 3256 840 3288 Lucae
860 3257 897 3288 de
919 3256 1027 3295 Flisco,
1044 3255 1157 3288 Sanetae
1176 3257 1241 3288 Ro-

168 3303 261 3325 manae
276 3292 409 3323 Ecclesiae
424 3292 580 3325 Cardinalis
588 3317 597 3333 ,

207 3332 268 3371 Qu
278 3355 288 3369 ,
304 3332 339 3375 in¹
350 3331 499 3364 Comitiva
512 3333 637 3370 ejusdem
652 3333 825 3372 Cardinalis,
850 3332 923 3364 infra
937 3333 1076 3371 Regnum
1092 3334 1221 3365 nostrum
1231 3358 1241 3373 ,

166 3371 318 3414 postquam
332 3369 440 3414 ibidem
455 3380 606 3410 venerunt,
622 3373 697 3402 bona
710 3371 909 3410 procurando,
927 3372 960 3403 &
982 3372 1052 3403 mala
1068 3383 1121 3413 pro
1138 3374 1243 3405 viribus

168 3408 332 3444 amovendo
340 3431 349 3446 ,
367 3408 534 3445 diligentem
544 3410 571 3441 se
584 3411 710 3441 exhibuit
718 3433 728 3448 ,

207 3447 317 3480 Vestrae
333 3446 558 3491 Magnificentiae
572 3449 965 3488 commendamus,attentius
978 3450 1160 3489 supplicantes
1174 3461 1242 3490 qua-

170 3488 244 3518 tinus
257 3485 381 3517 eundem
394 3485 615 3524 Marchionem,
631 3488 664 3518 &
680 3487 784 3520 Fratres
798 3489 854 3527 ejus
873 3487 982 3527 velitis,
998 3490 1019 3520 si
1031 3489 1139 3528 placet,
1155 3490 1242 3520 habe-

171 3536 202 3556 re
215 3525 425 3569 eo'propenfius
436 3525 672 3568 commendatos,
690 3536 749 3565 quo
763 3527 832 3566 ipsi,
849 3536 883 3558 ex
898 3527 983 3559 caufis
996 3529 1123 3567 praeviis,
1141 3528 1244 3560 nostris

171 3563 319 3596 affectibus
334 3563 484 3602 speciahter
496 3562 556 3593 sunt
571 3564 726 3602 conjunffl.

209 3602 279 3634 Dat.
297 3602 370 3641 apud
387 3601 616 3642 Wyndesoram,
632 3601 707 3634 sexto
719 3603 768 3636 die
781 3603 962 3636 Decembris.

174 3678 392 3754 Εῧῗὲἑὲεῐέἐῡᾶο
403 3679 531 3713 scribitur
547 3678 722 3719 subscriptis,
737 3671 847 3714 mutatis
869 3689 1066 3721 competenter
1086 3683 1244 3723 mutandis3

338 3741 349 3757 2

209 3797 324 3825 Domino
342 3795 375 3825 de
390 3794 467 3834 Soly‚

211 3836 328 3864 Domino
347 3835 492 3868 Lodowico
525 3836 622 3864 Comiti
647 3833 816 3874 d’Evcreys,

211 3874 326 3903 Domino
342 3875 378 3905 G.
396 3874 429 3905 a'e
446 3857 615 3914 Castaliam,
633 3872 834 3912 Constabulario
849 3878 981 3907 Franci-e.

1273 129 1305 169 P
1344 130 1389 171 U
1427 130 1458 170 Β
1497 130 1530 172 L
1568 131 1586 172 1
1626 131 1664 173 C
1698 128 1753 172 A.
2239 130 2320 183 141'

1258 255 1348 258 *a*
1483 258 1581 261 “⁷⁷⁷
1656 260 1698 261 j
1723 257 1746 259 F
2331 262 2408 295 Ann.
2420 260 2463 298 D.

1307 298 1366 332 Ad
1386 302 1519 345 Papam,
1541 311 1595 347 pro
1617 313 1781 335 memorato
1806 300 1989 336 Marchione
2013 304 2050 339 ζῇ·
2072 298 2242 335 Fratribus.
2331 310 2445 371 ΕἏῙΞ.

2331 382 2385 407 An.
2405 390 2448 409 ιιψ

1247 386 1324 447 ΡΑ
1334 387 1418 455 {AE
1428 388 1492 418 Rex
1508 389 1610 433 devota
1626 390 1731 428 pedum
1743 391 1834 423 oscula
1848 391 2002 436 beatorum.
2199 429 2206 436 ¹
2238 429 2243 435 Ι

1336 466 1340 470 ¹
1370 427 1485 470 obilem¹
1499 427 1622 471 Virum,
1647 429 1680 459 &
1704 429 1831 460 nostrum
1855 430 2014 468 ducitum,
2040 428 2074 460 &
2098 427 2315 467 Consiharium,
2331 421 2362 444 E.
2384 427 2410 445 ²·

1247 463 1412 495 Dominum
1426 464 1623 496 Guillielmum
1641 466 1761 504 Daniel,
1780 467 1979 499 Marchionem
1999 468 2034 498 de
2049 467 2170 506 Careto,
2186 466 2315 498 Consan-
2333 459 2402 484 Rom.
2421 455 2455 490 &⁸

1247 503 1400 541 guineum,
1418 504 1579 534 venerabilis
1596 504 1699 542 Patris,
1717 504 1839 535 Domini
1855 507 1942 537 Lucae
1954 506 1990 537 de
2004 506 2114 545 Flisco,
2130 506 2243 537 SanEtae
2250 505 2314 536 Ro-
2334 497 2358 522 F
2357 504 2370 520 r
2372 516 2380 523 ·
2406 504 2448 522 ¹¹·

1248 551 1342 571 manae
1356 540 1491 572 Ecclesiae
1507 541 1677 580 Cardinalis,
2333 536 2364 560 E.
2382 541 2408 561 2·
2428 543 2464 561 m*

1287 579 1365 618 Qi,
1385 581 1414 609 in
1428 579 1575 611 comitiva
1588 581 1710 618 ejusdem
1727 580 1897 620 Cardinalis,
1912 583 1983 614 infra
2004 583 2141 621 Regnum
2165 582 2314 621 nostrum,
2339 579 2382 608 ¹3·

1247 618 1397 656 postquam
1413 618 1521 662 ibidem
1535 627 1688 656 venerunt,
1701 619 1774 649 bona
1795 621 1971 656 procurando
1983 645 1992 660 ,
2003 623 2036 653 &
2051 622 2122 654 mala
2141 631 2193 660 pro
2211 622 2315 653 viribus

1250 656 1413 687 amovendo
1421 679 1431 695 ,
1443 656 1613 694 diligentem
1627 656 1653 687 se
1668 657 1804 687 exhibuit.

1264 733 1269 739 ⁸
1290 695 1307 714 *ὃ
1324 694 1434 725 Vestrae
1448 694 1613 738 Beatitudini
1627 696 1880 734 commendamus,
1898 699 2024 728 attentius
2042 698 2223 739 supplicantes
2244 708 2313 737 qua·
2351 695 2364 711 ”
2381 695 2425 722 ῙῙΪ

1250 741 1322 763 tinus
1343 733 1465 764 eundem
1484 732 1704 772 Marchionem,
1722 734 1755 764 &
1779 734 1883 764 Fratres
1906 736 1980 773 ejus,
1998 736 2016 765 fi
2039 736 2143 781 placet,
2162 737 2262 768 habere
2279 747 2315 768 eo
2358 733 2425 769 ⁶3²2

1250 772 1409 809 propensius
1423 772 1677 810 commendatum,
1692 781 1751 810 quo
1765 772 1831 810 ipsi,
1846 783 1880 803 ex
1895 774 1977 804 causis
1993 777 2117 813 praevris,
2136 775 2235 806 nostris
2249 774 2317 807 affe-

1252 810 1343 840 Ctibus
1358 810 1419 840 sunt
1435 810 1593 848 conjuncti.

1290 848 1445 879 Conservet
1466 859 1516 880 vos
1538 847 1709 886 Altiffimus,
1726 848 1760 878 ad
1783 849 1941 887 Regimem
1961 849 2094 880 Ecclefiae
2114 851 2168 882 suae
2189 852 2319 892 Sanetae,

1253 897 1302 926 per
1317 895 1442 925 tempora
1456 887 1585 926 prospera
1597 888 1630 918 δε
1645 887 1786 924 longaeva.

1290 925 1356 956 Dat.
1375 926 1449 964 apud
1468 925 1691 967 Wyndesoram,
1708 925 1783 957 sexto
1802 926 1849 957 die
1867 925 2047 957 Decembris,

1254 1011 1420 1043 Consimiles
1438 1011 1544 1043 Literae
1562 1011 1720 1050 diriguntur
1738 1011 1909 1050 subscriptis,
1928 1013 2040 1044 mutatis
2049 1021 2243 1051 competenter
2257 1020 2320 1047 mu⁴

1648 1051 1755 1089 randis,
1772 1050 1922 1090 videlicet,
2319 1049 2321 1051 ¹

1292 1130 1408 1158 Domino
1426 1131 1461 1157 B.
1481 1127 1566 1158 Tituli
1583 1129 1677 1157 Sanffi
1696 1126 1842 1166 Marcelli,
2064 1140 2222 1172 presbiteris
2235 1140 2305 1172 Gar,

1291 1170 1406 1197 Domino
1423 1169 1457 1196 G.
1475 1165 1561 1196 Tituli
1579 1168 1674 1196 Sanbi‘i
1688 1169 1788 1196 Ciriaci
1805 1169 1836 1196 in
1853 1168 1972 1205 Termis,
2098 1179 2236 1212 (finalibus

1293 1208 1408 1235 Domino
1427 1207 1458 1235 P.
1476 1204 1562 1235 Tituli
1578 1207 1682 1235 Sanc‘i‘ae
1700 1203 1849 1244 Sufiznnae,
2239 1203 2247 1210 ⁸

1295 1286 1410 1313 Domino
1429 1286 1464 1312 Β.
1479 1284 1588 1312 Sanc'lae
1607 1285 1712 1313 Mariae
1731 1286 1760 1312 in
1776 1284 1904 1322 Aquiro,
2031 1283 2050 1312 Ἰ

1293 1325 1409 1351 Domino
1428 1325 1471 1351 A.
1490 1322 1598 1351 Sanblae
1618 1324 1722 1351 Mariae
1738 1325 1767 1351 in
1784 1323 1911 1359 Portica,
2047 1314 2053 1353 l
2069 1329 2206 1360 Diaconis
2230 1330 2329 1362 (jardi,⁴

1294 1362 1410 1389 Domino
1430 1362 1470 1390 N.
1489 1362 1585 1390 sancii
1605 1361 1749 1398 Adriani,
2043 1356 2068 1395 >
2105 1369 2218 1399 fidibus,

1294 1400 1412 1428 Domino
1436 1401 1469 1466 ᾗ).
1493 1400 1602 1429 δαηέῖιε
1627 1402 1754 1428 Romame
1781 1396 1904 1438 Ecclefiae
1935 1396 2055 1453 Caroli-l

1399 1449 1436 1468 lla
1447 1449 1466 1467 1.
2034 1456 2053 1484 J
2154 1450 2157 1452 ⁴

1373 1576 1420 1607 De
1443 1574 1543 1616 eodem
1566 1574 1772 1616 Mar-chione,
1799 1584 1908 1607 retento
1930 1573 1974 1607 ad
1996 1571 2092 1609 Robas
2116 1575 2214 1621 Regis.

1265 1659 1385 1716 REX
1403 1661 1556 1699 omnibus,
1574 1660 1608 1691 ad
1623 1670 1694 1698 quos
1728 1660 1789 1690 &c.
1806 1659 1929 1690 salutem.
2353 1660 2428 1694 Ann,
2445 1661 2487 1693 D,

1360 1698 1510 1743 Volentes,
1533 1699 1681 1730 Nobilem
1699 1684 1884 1742 Ἄμπῃ-δε
1904 1696 2033 1729 nostrum
2054 1696 2209 1735 diledtum,
2230 1695 2337 1729 Domi-
2376 1710 2458 1741 13¹7-

1264 1744 1335 1767 num
1355 1737 1553 1768 Guillielmum
1578 1737 1700 1775 Daniel,
1726 1736 1928 1767 Marchionem
1955 1736 1992 1766 de
2013 1735 2118 1766 Careto
2132 1758 2142 1774 ,
2165 1735 2277 1767 Consan
2298 1738 2339 1768 ui-
2355 1744 2407 1768 An.
2427 1750 2467 1767 ii.

1265 1784 1371 1815 neum,
1386 1777 1547 1808 venerabilis
1572 1775 1678 1815 Patris,
1697 1775 1819 1806 Domini
1842 1774 1934 1806 Luca:
1956 1775 1992 1805 de
2017 1774 2122 1813 Flisco,
2141 1773 2253 1806 Sanctae
2306 1786 2339 1807 0-
2357 1783 2387 1806 Ε.
2408 1788 2434 1805 2.

1267 1823 1359 1845 manae
1374 1814 1505 1846 Ecclesiae
1518 1814 1688 1854 Cardinalis,
1705 1815 1801 1844 favore
1814 1813 1943 1852 prosequi
1959 1813 2083 1851 gratioso
2092 1836 2101 1851 ,
2358 1821 2414 1844 Pat.
2428 1826 2436 1842 i
2447 1826 2469 1842 1.

1304 1853 1398 1891 Ipsum
1415 1854 1627 1892 Guillielmum,
1645 1854 1681 1884 de
1690 1852 1819 1883 Consilio
1835 1852 1950 1891 nostro,
1968 1854 1997 1882 in
2013 1853 2133 1890 partibus
2148 1851 2342 1892 transmarinis,
2360 1859 2388 1883 Ε,
2401 1865 2424 1882 2.
2443 1861 2468 1891 p.

1268 1893 1302 1923 ὃ(
1321 1892 1355 1922 ad
1372 1891 1473 1923 Robas
1488 1892 1611 1931 nostras,
1629 1892 1677 1923 suo
1693 1894 1828 1929 perpetuo
1846 1890 1977 1921 duximus
1993 1890 2183 1921 retinendum:
2362 1903 2481 1923 i.m.iz.

1306 1930 1474 1962 Mandantes
1486 1932 1621 1962 omnibus
1642 1932 1675 1962 ὃς
1690 1930 1815 1970 singulis,
1832 1930 1869 1960 de
1884 1928 2022 1960 Concilio
2040 1929 2154 1968 nostro,
2172 1931 2202 1960 in
2218 1931 2340 1969 partibus

1266 1969 1409 2007 praedictis
1423 1970 1616 2014 existentibus,
1635 1969 1714 2008 quod
1733 1968 1768 1999 ad
1790 1968 1941 1999 Traitatus
1963 1968 1997 1998 &
2013 1967 2163 2006 Concilia,
2179 1978 2230 1998 nos
2252 1970 2282 1998 in
2296 1969 2341 2000 di-

1268 2008 1322 2038 <Stis
1344 2009 1466 2046 partibus
1487 2017 1646 2046 tangentia,
1665 2007 1756 2045 ipsum
1780 2006 1968 2038 Guilielmum
1988 2007 2060 2037 inter
2082 2007 2108 2037 se
2129 2005 2289 2045 collocent,
2306 2007 2341 2038 ὃς

1267 2055 1335 2076 cum
1348 2056 1385 2076 eo
1400 2048 1616 2077 communicent
1630 2046 1666 2076 de
1684 2045 1797 2076 eisdem.

1305 2083 1338 2114 In
1358 2085 1453 2123 cujus,
1471 2085 1531 2115 δίς.

1340 2122 1429 2154 Teste
1445 2123 1528 2161 Rege
1538 2123 1612 2162 apud
1624 2121 1829 2164 Wyndesoram
1837 2144 1847 2162 ,
1864 2121 1941 2153 sexto
1954 2120 1999 2152 die
2012 2119 2196 2152 Decembris.

1929 2200 1983 2229 Per
2001 2196 2085 2238 ipfiaem
2101 2200 2210 2237 Regem.

1344 2328 1403 2358 Pro
1429 2327 1558 2370 Majore
1579 2328 1616 2363 (ῤ’
1643 2322 1769 2357 Civibus
1791 2320 1932 2365 Dublin,
1963 2321 2000 2355 de
2021 2320 2252 2368 Indempnitate.

1267 2409 1416 2472 REX,
1433 2410 1539 2441 dilecto
1555 2409 1792 2448 Consanguineo,
1811 2409 1845 2439 &
1859 2407 1947 2439 Fideli
1959 2407 2027 2446 suo,
2045 2407 2166 2446 Rogero
2181 2407 2216 2438 de
2225 2407 2346 2439 Mortuo
2366 2404 2495 2437 Ann.D.

1350 2449 1442 2488 Mari,
1460 2449 1581 2480 Custodi
1594 2450 1694 2480 Terrae
1707 2448 1762 2479 suae
1777 2448 1945 2487 Hiberniae,
1962 2457 1997 2478 ac
2021 2447 2120 2478 locum
2142 2446 2272 2478 nostrum
2286 2447 2343 2478 ibi—
2385 2452 2467 2483 ¹317-

1268 2490 1335 2520 dem
1349 2490 1472 2527 tenenti,
1491 2487 1617 2518 salutern.
2361 2486 2414 2512 An.
2440 2493 2481 2511 ii.

1305 2527 1349 2558 Ex
1368 2527 1551 2558 insinuatione
1565 2526 1683 2565 Majoris
1698 2525 1732 2557 &
1753 2523 1874 2555 Civium
1889 2522 2021 2555 Civitatis
2043 2523 2148 2555 nostrae
2167 2523 2280 2555 Dublin
2300 2525 2346 2555 in-
2360 2525 2391 2549 Ε-
2412 2531 2438 2549 2-

1269 2566 1438 2603 telleximuS,
1457 2566 1554 2604 quod,
2102 2564 2105 2566 '
2367 2559 2460 2598 Claus.

1309 2604 1364 2635 Pro
1379 2615 1416 2635 eo
1433 2605 1512 2643 quod
1529 2614 1637 2642 nuper,
1655 2604 1791 2634 iminente
1810 2600 1906 2632 hostili
1925 2601 2081 2638 irruptione
2096 2601 2270 2639 Scotorum,
2289 2600 2348 2631 Ini-
2369 2608 2413 2628 ιι.
2426 2603 2456 2626 Ε.
2471 2603 2500 2626 ῑέ

1272 2645 1415 2675 micorum
1428 2643 1588 2674 nostrorum
1622 2642 1694 2673 infra
1706 2641 1826 2672 Terram
1840 2639 1967 2670 nostram
1984 2639 2166 2679 praedictam,
2183 2639 2270 2670 iidem
2279 2638 2348 2671 Ma·
2366 2647 2403 2667 m.
2421 2647 2453 2672 19
2473 2637 2500 2669 οἱ,

1270 2684 1315 2722 jor
1331 2684 1363 2714 &
1381 2682 1484 2721 Cives,
1501 2692 1554 2720 pro
1569 2665 1717 2712 salvatione
1730 2681 1763 2711 &
1773 2679 1931 2710 munitione
1939 2678 2069 2708 Civitatis
2082 2679 2243 2717 praedistae,
2261 2679 2294 2709 ὃς
2308 2689 2346 2709 ne

1273 2722 1358 2752 dietis
1374 2722 1500 2752 Inimicis
1523 2721 1622 2751 nostris
1646 2720 1680 2750 ad
1704 2717 1861 2749 Civitatem
1880 2717 2044 2755 praedictam
2058 2727 2095 2747 eo
2117 2717 2224 2747 facilior
2244 2725 2350 2754 pateret

1275 2761 1428 2799 ingressus,
1449 2770 1506 2798 quo
1530 2761 1559 2790 in
1574 2758 1715 2790 Suburbio
1729 2757 1814 2787 dietae
1837 2755 1968 2786 Civitatis
1986 2756 2045 2786 tute
2068 2757 2156 2795 recipi
2172 2755 2299 2794 possent,
2316 2757 2349 2787 δε

1275 2799 1405 2830 νίᾶυειίία
1427 2799 1460 2830 &
1481 2798 1533 2829 alia
1554 2797 1703 2828 necess‘aria
1726 2797 1756 2825 in
1784 2795 1905 2833 partibus
1927 2793 2116 2832 adjacentibus
2138 2793 2350 2834 habundarent,

1276 2837 1391 2869 Domos
1406 2838 1439 2868 &
1456 2836 1592 2867 AEdificia
1605 2836 1675 2866 dieti
1691 2834 1823 2865 Suburbii
1841 2832 1977 2871 prosterni
1991 2842 2026 2863 ac
2047 2833 2182 2864 incendio
2202 2833 2348 2872 consumi,

1277 2877 1492 2914 Animaliaque,
1513 2874 1635 2913 Catalla,
1651 2875 1684 2905 &
1699 2873 1751 2904 alia
1770 2871 1875 2902 diversa
1891 2870 2057 2902 victualium
2081 2881 2183 2909 genera
2204 2872 2246 2902 ibi
2268 2873 2349 2910 capi,

1277 2916 1311 2947 &
1327 2915 1410 2953 usque
1423 2914 1494 2944 infra
1510 2913 1664 2944 Civitatem
1680 2910 1846 2950 praedictam
1858 2911 1954 2941 cariati
1968 2909 2094 2941 fecerunt

1315 2954 1437 2984 Timent
1446 2953 1495 2983 sibi
1510 2951 1692 2983 verisimiliter
1706 2961 1755 2988 per
1771 2960 1834 2989 eos,
1850 2959 1972 2988 quorum
1987 2948 2063 2980 dicta
2084 2933 2239 2986 AEdificia,
2258 2947 2353 2979 Catal-

1278 2993 1321 3031 la,
1344 2994 1378 3024 &
1397 2991 1537 3022 victualia
1556 2991 1787 3028 fuerant,coram
1810 2988 1911 3027 vobis,
1926 2987 2081 3018 secundum
2101 2996 2290 3018 communem
2312 2986 2351 3017 le-

1279 3042 1366 3071 gem,
1383 3042 1447 3070 qure
1463 3032 1545 3061 utitur
1558 3031 1588 3059 in
1601 3029 1721 3069 partibus
1732 3027 1799 3066 illis,
1816 3027 1844 3057 se
1856 3027 1891 3058 ad
1906 3028 2044 3057 rationem
2058 3027 2143 3065 poni,
2160 3026 2194 3057 &
2216 3025 2350 3062 multipli-

1278 3072 1347 3102 citer
1361 3070 1509 3108 inquietari
1522 3078 1569 3106 per
1584 3067 1715 3105 eosdem,
1733 3068 1767 3097 &
1786 3067 1885 3104 nobis,
1903 3075 1975 3095 cum
1996 3064 2142 3102 instantia,
2159 3063 2350 3107 supplicarunt

1279 3118 1328 3148 ut,
1355 3108 1533 3139 consideratis
1549 3106 1677 3145 qualitate
1699 3106 1732 3135 &
1747 3103 1960 3135 circumstantiis
1980 3102 2048 3134 faeti
2069 3103 2156 3141 illius,
2172 3111 2274 3133 eorum
2294 3110 2351 3131 im-

1280 3148 1409 3179 munitati
1424 3148 1452 3176 in
1468 3147 1521 3176 hac
1536 3154 1610 3183 parte
1623 3144 1780 3182 prospicere
1793 3152 1966 3174 curaremus:

1317 3186 1402 3225 Nos,
1421 3185 1590 3215 advertentes
1602 3183 1682 3222 quod
1697 3193 1745 3220 ea,
1761 3191 1824 3220 quae
1837 3189 1953 3218 urgente
1967 3178 2123 3210 necessitate
2139 3178 2260 3209 Guerrae
2273 3177 2353 3216 fiunt,

1279 3226 1372 3265 poenis
1384 3225 1454 3262 legis
1468 3224 1629 3254 communis
1643 3221 1748 3252 subesse
1763 3231 1823 3251 non
1846 3220 1965 3256 debent,
1982 3218 2063 3249 vobis
2084 3217 2249 3249 mandamus
2271 3217 2351 3255 quod

1280 3264 1391 3303 dictos,
1412 3262 1557 3301 Majorem
1579 3269 1623 3291 aut
1646 3260 1750 3298 Cives,
1778 3258 1927 3289 occasione
1946 3255 2171 3295 praemissorum,
2197 3255 2352 3286 secundum

1280 3303 1376 3341 legem
1392 3310 1584 3332 communem
1599 3300 1699 3330 Terrae
1722 3298 1880 3336 praedidloe,
1898 3304 1999 3326 cosam
2014 3294 2162 3332 vobis,vel
2177 3294 2352 3331 alibi,occa-

1280 3342 1355 3373 fione
1371 3339 1525 3378 praedicta,
1544 3340 1572 3369 in
1587 3338 1695 3369 causam
1710 3337 1794 3373 trahi,
1811 3335 1856 3366 seu
1870 3334 1932 3365 alias
1945 3334 2114 3364 occasionari
2126 3355 2136 3371 ,
2154 3332 2198 3363 vel
2218 3332 2353 3370 inquieta-

1280 3382 1321 3419 ri,
1336 3379 1487 3411 nullatenus
1501 3378 1680 3416 permittatis,
1695 3375 1789 3405 donec
1806 3373 1890 3412 inde,
1908 3373 2017 3411 plenitis
2036 3371 2198 3408 informati,
2213 3369 2250 3400 de
2266 3369 2350 3401 Con-

1281 3420 1349 3451 cilio
1363 3417 1478 3456 nostro,
1496 3416 1570 3448 aliud
1583 3417 1612 3446 in
1627 3415 1679 3445 hac
1696 3422 1769 3451 parte
1782 3412 1942 3444 duxerimus
1956 3409 2159 3452 ordinandum:
2217 3446 2223 3452 Ι
2313 3447 2319 3453 ,
2345 3447 2352 3452 ·

1319 3458 1403 3488 Dum
1415 3464 1510 3487 tamen
1535 3454 1693 3491 Animalia,
1712 3452 1836 3490 Catalla,
1853 3452 1886 3482 &
1907 3450 1959 3481 alia
1978 3458 2078 3486 genera
2100 3445 2293 3491 victualium,
2312 3447 2353 3477 ibi

1281 3505 1377 3535 capta,
1396 3496 1429 3526 δε
1451 3494 1536 3533 usque
1556 3493 1628 3523 infra
1651 3490 1805 3522 Civitatem
1827 3489 2011 3528 praedietam,
2028 3485 2176 3530 occasione
2195 3485 2350 3524 praedicta,

1279 3536 1383 3573 ducta,
1401 3533 1467 3571 illis,
1484 3534 1582 3573 quibus
1614 3531 1633 3551 ³*
1650 3530 1776 3567 fuerunt,
1794 3529 1827 3560 &
1843 3536 1954 3570 extent,
1971 3525 2165 3568 restituantur,
2186 3523 2232 3568 vel
2248 3523 2284 3554 de
2298 3534 2350 3568 va-
2384 3529 2405 3551 ιιι
2415 3532 2470 3559 111²

1280 3576 1339 3606 lore
1359 3571 1546 3609 eorumdem,
1563 3571 1583 3601 fi
1602 3580 1662 3600 non
1683 3577 1776 3599 extent
1790 3570 1808 3606 ,l
1826 3575 1909 3604 prout
1926 3563 2031 3602 justum
2054 3561 2156 3601 fuerit,
2173 3561 2281 3595 satisfiat
2297 3573 2351 3595 eis·
2396 3569 2463 3606 683,

1280 3615 1408 3683 dess'este
1422 3649 1507 3688 Rege
1520 3647 1594 3688 apud
1608 3644 1802 3686 Wyndesore,
1816 3641 1933 3673 decimo
1948 3639 1995 3671 die
2006 3639 2186 3671 Decembris.

2090 3718 2145 3747 Per
2164 3715 2319 3751 Caruilium}

1282 3855 1342 3892 Ad
1362 3851 1554 3893 cardinales,
1580 3848 1617 3882 de
1629 3846 1777 3894 succeffit,
1800 3849 1837 3884 όν
1863 3844 2041 3890 transiistis,
2065 3847 2096 3878 in
2112 3845 2263 3880 Trastam
2280 3854 2349 3879 cum
2364 3835 2440 3868 Ann.
2455 3834 2497 3873 D,

1282 3895 1285 3897 ⁵
1663 3893 1789 3930 Roberto
1812 3893 1849 3928 de
1869 3896 1958 3928 Brus.
2386 3883 2473 3915 1317-

2365 3917 2417 3943 An.
2437 3923 2480 3948 ιιι,

1283 3984 1541 4065 Vaut-:abiimus
1553 3983 1698 4028 Panibus,
1716 3981 1898 4019 Gauceiino,
1916 3979 2009 4011 Tituri
2021 3979 2193 4014 smuorum
2208 3976 2350 4023 Marcent-
2362 3956 2495 4023 {Jahn

1369 4027 1401 4057 ni
1413 4026 1446 4057 ὃς
1463 4023 1553 4062 Petri,
1578 4023 1752 4061 PresbiterO,
1761 4019 1878 4099 83²3&ae
1899 4018 2041 4051 Romanae
2059 4017 2194 4052 Ecclesiae
2207 4016 2434 4083 Vicecezaunaj-dulffi
