2562 4279
114 143 194 193 184

0 234 54 255 rnn.
68 223 109 257 D.
124 223 283 255 senfionum
299 221 477 254 existeremus
493 220 606 251 Nuncii
617 219 651 250 &
666 218 835 254 Praecones,
854 225 979 253 quorum
993 217 1023 245 in
1034 215 1087 245 hac
1102 222 1180 252 parte

0 271 82 302 ¹345-

0 304 42 330 λυ.
63 312 90 339 3.

124 263 278 301 cogitatus,
295 262 315 292 sr
334 260 393 291 talis
412 257 502 288 forsan
521 258 620 294 fuerit,
639 257 800 299 temerarius
819 255 909 285 extitit
930 254 1050 294 (procul
1071 251 1179 289 dubio)

125 299 373 339 praesumptuosus,
391 296 589 336 dampnabilis,
605 297 638 326 &
650 296 745 324 inanis.

164 338 194 368 O
210 339 261 368 Fili
274 334 520 375 praedilefflffime,
539 333 659 364 utinam!
679 334 750 363 intra
761 331 916 370 praecordia
937 330 1030 370 Regia
1050 328 1181 361 revolves

125 377 271 415 diligenter
288 399 297 414 ,
327 382 427 412 quanta
446 373 500 403 suae
518 373 607 403 salutis
627 373 727 401 merita
741 393 751 408 ,
777 378 944 408 quantaeque
965 369 1051 400 laudis
1070 378 1180 412 praeco-

125 417 221 451 nium,
241 415 273 444 &
293 413 407 443 honoris
425 411 588 449 cumulum,
607 411 780 448 acquireres,
798 409 851 446 &,
864 408 994 453 *celebris
1017 417 1180 444 memoriae,

125 453 244 489 gloriam
259 453 287 482 in
304 460 354 482 tuo
368 450 501 480 Nomine
517 458 652 487 poneres,
670 447 689 478 fi
699 472 708 486 ,
724 447 875 477 reformata
889 456 956 476 cum
971 446 1074 476 eodem
1097 445 1179 484 Rege

126 491 199 521 Pace
222 489 410 526 Rationabili,
427 488 460 518 ad
482 498 567 526 quam
590 487 674 525 pura,
691 485 779 524 justa,
798 486 831 516 ὃ(
852 484 929 515 reeta
943 485 1101 514 intentione
1113 483 1180 513 diri-

123 529 274 568 gebamus,
292 529 324 559 &
338 527 500 566 dirigimus,
516 526 699 556 solicitudinis
711 524 817 555 nostrae
838 522 946 560 studia,
965 533 995 553 ut
1016 522 1180 565 praefertur,

123 567 158 597 ad
180 565 403 604 prosequendum
424 564 483 594 Dei
501 565 667 602 negotium,
683 562 717 594 ad
739 561 817 600 quod
837 562 884 592 Te
905 560 1026 604 Creator
1046 570 1179 591 omnium

124 614 222 642 aptum
242 605 327 642 fecit,
353 605 386 634 δε
407 603 493 641 Nos,
517 603 626 633 attentis
648 601 778 632 univeriis
799 599 1031 638 circumstannis,
1056 608 1086 629 ut
1107 598 1180 642 saepe

123 643 259 681 diximus,
284 652 342 672 non
363 641 492 680 indigne,
519 650 678 679 reputamus
698 639 780 670 valde
797 638 960 680 ydoneum,
984 637 1050 676 Te,
1073 637 1181 667 inclitae

125 683 291 717 memoriae‚
310 680 528 719 progenitorum
551 688 664 709 tuorum
686 678 801 717 Regum
826 677 935 716 Angliae
953 676 1025 707 clara
1037 675 1180 719 sequendo

125 719 194 749 vesti
217 721 256 758 ia,
273 719 429 756 disponeres
441 728 509 748 cum
523 717 649 756 effectu,
667 717 700 748 &
716 726 857 747 exerceres
870 715 995 747 adversus
1010 714 1117 745 Hostes
1134 713 1181 743 Fi-

123 757 169 788 dei
180 765 183 766 ’
214 758 341 788 atholicre
353 758 422 787 vires
435 766 502 788 tuas.

162 795 255 826 Porro
275 796 422 826 acerbitate
445 795 549 825 mentis
570 795 603 826 ὃς
623 794 725 825 dolore
737 792 830 824 cordis
844 791 1013 832 affligimur,
1030 790 1111 830 quod
1130 789 1182 834 ali-

123 835 175 872 qui
190 836 238 873 qui
253 833 341 864 forsan
355 834 399 864 sua
414 834 500 873 magis
514 842 645 871 quaerunt
658 833 753 864 venari
772 832 864 862 Lucra
884 832 1013 868 propria,
1031 830 1118 868 quam
1130 839 1182 873 'rn-

125 873 239 903 tendere
261 874 312 904 tuis
334 872 502 902 Honoribus
523 872 556 902 &
577 872 679 910 Saluti,
699 880 726 901 te
749 870 871 900 deviasse
886 869 1015 900 videntur
1033 869 1069 898 ab
1087 868 1183 906 hujus-

125 911 206 941 modi
228 911 392 951 propoiito,
413 911 445 942 ὅ(
465 910 500 941 ad
521 910 582 947 illa,
600 919 663 948 quae
682 909 750 940 Deo
772 909 932 947 displicent,
951 907 1057 946 tuisque
1079 916 1181 936 como-

123 949 164 980 dis
175 972 185 986 ,
202 950 375 987 honoribus,
395 949 429 980 δε
441 949 517 979 saluti
530 959 589 978 non
605 949 795 986 conveniunt,
811 956 863 986 pro
877 945 973 977 dolor!
994 944 1139 976 induxiffe.
1161 983 1166 989 Π

159 988 306 1026 Qantum
320 997 414 1018 autern
426 995 576 1025 acceptum
589 986 620 1017 sit
635 986 704 1016 Deo
718 985 752 1016 N
790 986 881 1016 otium
896 983 1064 1015 defensionis
1085 985 1119 1015 ὃς
1139 983 1184 1013 d1-

120 1025 256 1059 latationis
271 1027 348 1057 Fidei
362 1026 557 1063 orthodoxae,
576 1034 692 1063 ceptum
706 1025 735 1054 in

123 1073 164 1095 tra
178 1065 330 1103 Turchos,
348 1065 432 1095 claret
447 1064 588 1102 stupendis
603 1063 756 1101 miraculis,
775 1072 839 1100 quae
854 1062 970 1093 Divinae
988 1061 1100 1092 Pietatis
1113 1060 1183 1091 Cle-

123 1104 242 1142 mentia,
261 1106 289 1134 in
310 1103 422 1134 diversis
443 1104 580 1142 partibus,
598 1112 650 1140 pro
673 1101 753 1132 dieto
766 1101 916 1140 Negotio,
936 1100 1004 1131 sicut
1019 1099 1054 1130 ad
1067 1098 1136 1130 Nos
1149 1098 1184 1129 fi-

122 1141 257 1182 dedigna,
277 1144 336 1173 tam
361 1143 496 1180 verbalis,
523 1142 609 1180 quam
630 1140 767 1179 litteralis,
793 1140 905 1170 Relatio
925 1138 1036 1179 pertulit
1050 1162 1060 1177 ,
1084 1147 1184 1176 opera·

123 1189 176 1211 tur.

161 1218 275 1257 Habet,
294 1228 413 1259 nempe,
430 1218 485 1256 ipsa
500 1217 613 1248 Relatio
628 1217 708 1256 quod
723 1216 830 1248 Cruces
844 1216 981 1253 fulgentes
997 1217 1024 1246 in
1047 1214 1182 1254 plerisque

122 1266 307 1296 apparuerunt
327 1258 463 1296 partibus,
481 1256 516 1287 ad
536 1267 602 1294 quas
623 1265 823 1287 concurrentes
844 1255 950 1285 Fideles
965 1254 1052 1284 multa
1065 1255 1182 1285 sanitatis

122 1295 258 1327 beneficia
281 1296 348 1335 (illi,
366 1296 514 1334 videlicet,
533 1296 581 1334 qui
605 1296 791 1333 gravabantur
813 1293 1035 1330 Infirmitatibus)
1055 1292 1182 1331 reporta-

124 1344 198 1366 runt

160 1373 205 1404 Ex
220 1374 321 1412 quibus
335 1373 519 1411 intelligentes
533 1372 614 1402 multi
624 1395 633 1410 ‚
651 1371 776 1402 Nobiles
792 1372 825 1402 &
841 1369 995 1408 Potentes,
1013 1369 1038 1400 se
1053 1379 1102 1408 per
1123 1369 1181 1400 hoc

122 1411 157 1443 ad
179 1412 361 1443 vindicandas
383 1412 519 1442 Crucifixi
540 1411 739 1448 Redemptoris
760 1409 874 1448 Injurias
888 1410 1015 1447 invitari,
1030 1408 1183 1439 multitudo

121 1461 224 1482 eorum
238 1451 463 1488 innumerabilis,
480 1450 513 1480 ὃ(
525 1450 675 1486 specialiter
689 1449 724 1479 de
740 1449 860 1486 partibus
873 1447 960 1478 Italiae
974 1447 1128 1484 (nonnullis
1146 1455 1182 1476 ex

122 1490 178 1528 eis,
203 1490 352 1527 videlicet,
378 1488 526 1519 commilla
549 1487 711 1526 Parricidia,
739 1485 918 1524 fratricidia,
942 1486 976 1516 &
997 1486 1047 1516 alia
1070 1485 1182 1516 Delicta

122 1529 235 1566 gravia,
254 1539 304 1566 pro
325 1527 478 1558 reverentia
500 1526 720 1564 Redemptoris,
740 1527 771 1556 in
793 1524 905 1556 diversis
922 1524 1025 1563 Locis,
1041 1524 1091 1554 fibi
1105 1524 1182 1554 adin-

121 1567 217 1598 vicem
233 1567 454 1604 remittentibus,
472 1565 633 1603 Pacemque
646 1564 870 1601 reformantibus)
887 1562 922 1593 ad
935 1572 1024 1606 partes
1039 1561 1183 1593 Ultrama-

124 1606 197 1635 rinas
210 1614 308 1635 contra
322 1604 458 1634 Turchos
472 1603 624 1641 praedictos
637 1613 705 1635 cum
719 1603 876 1633 Armorum
892 1601 1019 1640 potentia
1038 1602 1065 1632 se
1086 1603 1183 1632 accin-

123 1652 224 1674 xerunt
238 1644 371 1674 hactenus
383 1643 417 1673 δε
433 1644 595 1680 accingunt.

161 1682 249 1720 Nec,
268 1682 346 1720 quod
367 1681 480 1712 ulterius
500 1680 599 1711 eadem
620 1680 735 1711 Relatio
750 1679 785 1710 ad
805 1678 874 1710 Nos
893 1679 1018 1710 laetanter
1038 1678 1184 1717 perduxit,

123 1720 397 1759 praetermittendum
418 1720 463 1750 vel
483 1719 635 1756 silendum,
655 1719 754 1758 quod,
772 1717 837 1756 post
858 1718 986 1748 foelicem
1001 1717 1184 1755 Tmnsnum,

123 1760 210 1789 bonae
231 1760 394 1797 memoriae,
420 1757 538 1788 Henrici
560 1758 725 1788 Patriarchze
747 1756 1056 1794 Constantinopolitani
1102 1756 1183 1794 Apo-

123 1797 233 1828 stolicae
244 1797 321 1828 Sedis
335 1797 449 1836 Legati,
468 1796 555 1827 occis1
570 1797 604 1826 ab
617 1795 796 1832 infidelibus,
809 1794 886 1832 supra
906 1794 1035 1825 Turrem
1055 1779 1184 1825 Civitatis

123 1835 309 1873 Smirnensis,
329 1845 430 1873 quam,
449 1834 520 1864 dum
535 1834 834 1872 viveret,inhabitabat
851 1832 1009 1864 Patriarcha
1023 1833 1184 1871 praedictus,

123 1876 158 1905 &
174 1884 238 1913 quae
253 1875 353 1905 Turris
368 1873 535 1904 Patriarchae
548 1873 699 1909 vulgariter
712 1873 832 1911 dicitur,
850 1871 916 1902 Lux
939 1881 1043 1908 magna
1065 1871 1121 1902 visa
1142 1871 1184 1902 est

123 1913 240 1952 pluries,
259 1913 292 1943 ad
308 1912 533 1949 prosecutionem
548 1913 640 1950 operis
652 1911 710 1942 Dei
725 1910 868 1942 strenuam
881 1910 969 1942 corda
984 1909 1122 1941 Fidelium
1137 1919 1185 1941 ex-

123 1953 211 1982 citans
227 1953 259 1983 &
274 1951 458 1981 inflammans.

165 1991 262 2028 Agere
275 2000 339 2020 nam
363 2000 397 2020 ue
410 1989 484 2020 Bella
496 1988 557 2019 talia
570 1988 652 2020 decet
665 1988 810 2028 Principes
822 1987 989 2020 Catholicos
1002 1989 1036 2021 &
1050 1987 1187 2026 devotos;

126 2039 185 2059 non
207 2029 240 2059 ad
260 2000 468 2059 effundendum
490 2027 721 2067 Redemptorum
743 2027 866 2067 pretioso
890 2037 992 2059 cruore
1021 2026 1187 2058 Dominico

124 2068 296 2107 Sanguinem
309 2067 422 2097 inhiare.

164 2105 314 2143 Rogamus
328 2107 419 2144 itaque
437 2104 642 2137 Celsrtudinem
656 2114 732 2137 tuam
746 2105 884 2145 Regiam,
903 2105 936 2138 &
953 2107 982 2137 in
996 2104 1130 2138 Domino
1144 2114 1187 2139 at-

127 2145 230 2176 tentius
246 2145 426 2175 exhortamur
461 2145 511 2174 tibi
526 2145 743 2184 nichilominus,
760 2146 810 2176 sub
827 2144 1095 2183 virtuteJuramenti
1113 2156 1186 2184 prae-

126 2182 183 2214 stiti
197 2182 276 2221 super
291 2183 392 2213 eisdem
407 2168 751 2226 ‘I‘reugiffiinjungentee
771 2185 897 2222 quatinus
912 2183 1068 2215 Civitatem
1083 2184 1187 2223 praedi-

126 2223 203 2253 ctam
218 2222 420 2259 Venetensem,
440 2223 469 2251 in
482 2222 609 2252 manibus
636 2222 826 2253 Nunciorum
850 2221 1015 2253 nostrorum
1034 2223 1187 2261 praedicto-

123 2270 188 2292 rum
201 2260 334 2291 Nomine
349 2260 444 2290 nostro
459 2260 626 2300 regendam,
643 2262 671 2291 in
687 2261 764 2292 Statu
778 2271 838 2299 quo
851 2271 908 2292 erat
930 2270 1061 2299 tempore
1084 2261 1186 2293 Occu-

123 2301 243 2338 pationis
265 2300 299 2331 ὃς
320 2299 501 2338 Dejeiiionis
523 2299 656 2338 illorum,
674 2301 722 2338 qui
737 2300 840 2330 eodem
854 2299 1007 2337 Nomine,
1025 2309 1056 2331 ut
1071 2301 1185 2338 praefer-

123 2346 188 2378 tur,
205 2339 355 2378 regebant,
373 2338 490 2369 eandem
505 2337 600 2368 reduci
615 2339 714 2376 facias,
731 2338 882 2369 tenendam
896 2348 948 2383 pro
969 2347 1033 2369 toto
1053 2348 1184 2376 tempore

780 1023 953 1054 ransmarinis
967 1023 1090 1061 partibus
1111 1032 1184 1052 con-

72 2397 84 2405 .
107 2376 304 2417 ‚Treugarum
321 2377 457 2415 ipsarum,
473 2377 505 2408 δε
518 2376 667 2416 regendam
683 2377 773 2408 modo
789 2377 823 2409 &
839 2377 935 2408 forma
959 2377 977 2396 *²
1002 2377 1132 2418 expressis
1153 2380 1185 2409 in

127 2416 252 2454 Treugis
268 2416 435 2454 supradietis.

163 2455 200 2485 Et
216 2456 416 2485 nichilominus
430 2454 464 2485 ad
476 2454 701 2486 observationem
718 2455 898 2493 Treugarum
921 2454 1084 2485 earumdem
1094 2478 1104 2493 ,
1119 2465 1186 2486 om-

128 2493 215 2524 miffis
233 2493 379 2524 hostilibus
402 2494 434 2524 δε
455 2493 560 2524 bellicis
585 2493 813 2533 Aggresiionibus
832 2495 865 2525 ὃς
887 2492 1053 2531 Insultibus‚
1077 2493 1187 2534 redeas,

128 2532 228 2570 easque
250 2542 303 2570 pro
323 2539 385 2562 toto
405 2539 534 2570 tempore
553 2532 688 2570 ipsarum,
707 2532 855 2571 videlicet,
871 2532 956 2570 usque
969 2532 1002 2562 ad
1017 2531 1117 2563 instans
1133 2533 1186 2563 Fe-

129 2570 204 2601 stum
226 2570 302 2602 Beati
323 2570 485 2608 Miclnelis,
509 2571 541 2601 ὃς
564 2570 668 2600 abinde
686 2571 770 2608 usque
789 2570 822 2600 ad
844 2580 933 2601 unum
955 2571 1073 2601 Annum
1095 2574 1188 2602 conti-

129 2619 238 2647 nuum,
258 2620 311 2648 pro
333 2616 409 2647 parte
430 2608 477 2639 tua
496 2608 623 2639 observes
644 2609 858 2647 inviolabiliter,
877 2609 910 2639 &
933 2609 1014 2640 facias
1033 2610 1187 2649 observari,

130 2648 202 2678 cum
224 2658 273 2686 per
294 2647 415 2678 eundem
438 2647 552 2684 Regem
573 2647 651 2678 idem
665 2648 784 2679 velimus
799 2647 876 2685 fieri,
891 2649 925 2679 ὃ(
939 2647 1004 2678 inde
1021 2648 1071 2678 fibi
1087 2647 1190 2680 scriba—

130 2696 193 2717 mus
208 2697 256 2724 per
271 2686 389 2717 Litteras
403 2695 566 2724 oportunas.

169 2724 227 2755 Pro
241 2734 321 2756 certo
336 2724 440 2755 scituris
455 2724 517 2762 (Fili
534 2724 741 2763 praecarisiime)
757 2724 838 2764 quod
850 2725 992 2765 negligere
1012 2725 1191 2763 nequibimus

131 2773 191 2801 quo
206 2765 315 2802 minus,
332 2764 440 2794 attentis
452 2763 632 2802 Treugarum
653 2763 771 2802 ipsarum
793 2763 987 2802 Utilitatibus,
1005 2764 1038 2795 &
1059 2764 1116 2794 tam
1139 2763 1192 2802 Ju-

130 2804 265 2840 ramenti,
284 2803 370 2841 quim
384 2802 440 2831 aliis
453 2801 644 2840 firmitatibus,
663 2803 763 2841 quibus
777 2803 919 2833 roboratae
940 2802 1002 2833 fore
1022 2802 1192 2841 noscuntur,

130 2849 232 2870 contra
354 2839 498 2870 Fruerores
511 2841 544 2871 δε
561 2840 719 2871 Violatores
732 2851 828 2872 earum
837 2865 846 2878 ,
866 2850 950 2879 prout
965 2841 1077 2872 rationis
1091 2841 1173 2871 fuerit
1182 2863 1192 2880 ,

130 2880 164 2910 &
177 2878 210 2908 ad
226 2877 355 2908 nostrum
369 2879 519 2917 pertinebit
537 2878 679 2909 Officium
689 2903 698 2918 ,
716 2879 912 2917 procedamus.

169 2916 340 2954 Postremo,
361 2916 495 2946 Precibus
509 2918 540 2947 δε
555 2917 803 2948 Exhortationibus
820 2917 921 2947 eisdem
943 2916 1049 2948 affeetu
1072 2915 1193 2948 Paterno

132 2955 285 2993 adicimus,
303 2963 378 2985 tuam
393 2954 595 2986 Excellentiam
611 2966 659 2993 per
683 2955 742 2986 Dei
765 2955 984 2987 misericordiam
1003 2956 1194 2994 obsecrantes,

133 3003 164 3024 ut
179 2994 213 3024 ad
226 2994 309 3024 diersa
324 2993 403 3024 Pacis
421 2994 588 3023 Tractatum
610 2994 717 3032 redeas,
735 2995 769 3025 &
790 2994 836 3032 pia
857 2995 957 3025 mentis
977 2993 1129 3024 affeitione
1152 2996 1194 3024 in·

133 3033 245 3067 tendas,
264 3041 326 3062 tuos
360 3032 470 3062 doneos
485 3031 620 3062 Nuncios
631 3055 639 3070 ‚
657 3032 739 3069 plena
753 3032 895 3063 Potestate
910 3032 1195 3071 suffultos,Pacisque

132 3071 279 3109 praedixitne
298 3081 336 3100 vo
350 3071 487 3107 untarios,
512 3081 544 3100 ac
567 3071 649 3108 ipsius
670 3071 803 3101 zelatores
825 3070 918 3101 fideles
937 3071 970 3101 &
991 3071 1113 3102 fervidos
1129 3094 1139 3109 ,
1161 3071 1195 3101 ad

133 3109 260 3140 nostram
282 3109 452 3145 praesentiam
475 3118 622 3146 propterea
640 3108 821 3147 destinand03
840 3110 904 3147 quia
927 3119 981 3147 pro
1003 3119 1099 3147 certo,
1125 3109 1195 3141 licut

133 3147 204 3185 saepe
218 3146 356 3185 diximus,
374 3146 458 3183 Nos,
476 3157 546 3177 cum
561 3147 639 3178 reita
652 3148 806 3177 intentione
827 3147 918 3178 solum
942 3148 1039 3178 Deum
1064 3147 1196 3179 habendo

133 3195 193 3225 prae
205 3186 310 3222 oculis,
329 3185 432 3215 modos
446 3188 479 3216 ἃ
496 3187 570 3223 vias,
588 3186 622 3215 ad
640 3185 765 3216 Laudem
784 3185 860 3222 Dei,
877 3185 1069 3216 commodum
1090 3185 1196 3226 Nego-

134 3225 167 3254 tii
180 3223 275 3262 Fidei,
293 3234 326 3253 ac
341 3223 482 3261 utriusque
496 3226 576 3261 partis
590 3224 742 3254 Honorem
755 3224 788 3254 &
801 3223 965 3254 Utilitatem
975 3248 985 3261 ,
998 3233 1057 3254 non
1069 3223 1196 3261 dirigen-

134 3263 190 3300 do,
209 3257 267 3300 duo
290 3262 324 3291 ad
345 3262 420 3298 hoc,
438 3262 574 3293 effectum
597 3262 726 3292 nostrum
748 3262 782 3292 ad
804 3272 888 3292 unam
910 3270 1016 3299 partem
1030 3263 1088 3297 plus
1111 3272 1199 3300 quam

135 3301 236 3337 aliam,
254 3300 298 3330 sed
316 3301 443 3330 librando
464 3300 606 3331 dumtaxat
627 3301 761 3331 Stateram
780 3300 910 3331 Veritatis
930 3301 963 3331 &
979 3299 1117 3339 Justitiae,
1135 3311 1199 3339 per-

136 3340 266 3377 quirere,
281 3339 413 3376 tractare,
429 3348 461 3368 ac
478 3339 605 3376 prosequi
620 3339 806 3377 studebimus,
825 3347 960 3377 quantum
979 3348 1047 3369 cum
1061 3338 1130 3369 Deo
1152 3349 1200 3369 ex-

139 3378 236 3415 pedire
251 3377 428 3415 videbimus,
441 3377 500 3407 aliis
514 3377 674 3414 postpositis
690 3377 842 3416 Negotiis,
860 3379 892 3408 ὃς
909 3376 1068 3407 Laboribus
1083 3387 1143 3407 non
1157 3379 1202 3407 vi-

138 3418 218 3452 tatis;
236 3416 269 3446 &
284 3417 362 3453 super
376 3416 427 3445 hiis
443 3415 522 3445 dicto
536 3415 611 3454 Regi
630 3415 748 3446 scribere
769 3415 953 3452 intendimus,
970 3415 1116 3452 ipsumque
1138 3415 1202 3453 (Pa-

140 3456 181 3484 cis
200 3455 320 3484 faciente
342 3454 481 3490 Αυέὶοῐε)
505 3456 625 3491 reperire
646 3455 778 3492 cupimus
799 3453 878 3491 super
899 3454 951 3484 hiis
972 3454 1140 3484 benivolum
1167 3456 1201 3486 &

140 3493 308 3531 benignum.

181 3531 228 3561 Sic
241 3540 269 3561 te
286 3530 352 3566 (Fili
367 3529 514 3565 carissime)
528 3529 606 3567 super
621 3529 766 3568 praemiffis
781 3530 814 3561 &
829 3540 930 3561 eorum
952 3529 1062 3569 singulis
1084 3531 1204 3568 (quaesu-

146 3569 220 3605 mus)
237 3569 378 3599 habiturus
392 3569 472 3606 quod
490 3568 589 3598 Deum
603 3570 653 3599 tibi
667 3568 819 3599 constituas
838 3569 1008 3607 propitium,
1025 3569 1078 3605 &,
1096 3570 1205 3599 assecu-

147 3607 175 3636 ta
191 3606 268 3637 Pacis
290 3606 454 3643 dulcedine,
472 3606 675 3644 Redemptoris
696 3607 818 3645 ejuldem
837 3608 975 3645 obsequiis
996 3606 1140 3637 intendere
1158 3617 1206 3637 va-

147 3643 220 3682 leas,
237 3645 306 3675 sicut
319 3653 347 3676 te
363 3646 460 3675 votive
473 3655 602 3682 appetere
615 3646 787 3682 audivimus,
805 3646 838 3676 ὃς
853 3655 905 3675 nos
916 3646 999 3676 etiam
1023 3644 1205 3684 affetstamus3

153 3682 254 3712 exinde
274 3682 424 3713 Coronam
446 3683 542 3722 Regni
562 3685 703 3723 perpetui,
721 3692 819 3722 praeter
838 3683 924 3714 laudis
939 3683 1083 3714 Humanae
1098 3693 1208 3721 praeco-

154 3721 250 3757 nium,
271 3721 385 3750 feliciter
398 3731 586 3758 percepturus.

193 3757 297 3788 Rursus
320 3759 383 3794 (Fili
401 3759 597 3795 amantissime)
622 3760 685 3796 quia
708 3768 763 3789 tuce
783 3759 932 3790 voluntatis
946 3759 1138 3798 propositum,
1156 3761 1211 3791 uti-

156 3795 238 3826 nam!
258 3796 408 3826 favorabile
422 3798 453 3827 δε
467 3799 640 3835 benignum,
659 3798 725 3827 scire
738 3799 817 3835 super
831 3798 881 3827 hiis
903 3796 1084 3835 affectamus,
1102 3798 1209 3836 quaesu-

158 3843 222 3864 mus
237 3840 268 3862 ut
282 3833 317 3862 de
329 3835 376 3864 illo
389 3835 458 3864 Nos
475 3838 607 3866 certiores
623 3835 736 3866 efficere
750 3836 918 3874 quantocius
932 3846 991 3866 non
1006 3836 1165 3873 postponas.

195 3871 264 3901 Dat.
276 3871 408 3902 Avinion.
421 3873 593 3905 duodecimo
610 3873 674 3904 Kal.
689 3873 830 3913 Augusti,
848 3873 1033 3905 Pontificatfis
1046 3874 1135 3905 nostri
1149 3874 1212 3906 An-

156 3920 197 3943 no
214 3918 323 3949 quarto.

832 3952 876 3980 A.
893 3950 924 3979 de
938 3952 1049 3980 Lavac-

794 4025 847 4056 Sub
853 4024 915 4065 filis
924 4026 1107 4057 cannabaceis.

569 123 1373 176 coNvENT1oNES,

1431 116 1833 169 LITERAE,

2305 202 2385 236 'Ana
2397 205 2441 241 D:

2327 252 2412 285 1345-

1405 298 1499 342 Super
1522 292 1662 339 Experfis
1681 294 1712 324 in
1733 288 1925 335 Ambaffiata
1942 289 2104 338 Hispania.
2306 283 2373 312 Ην·
2394 294 2420 322 3-

1223 381 1350 452 REX
1371 380 1575 418 Thefirurario,
1593 378 1626 410 &
1650 376 1805 408 Baronibus
1823 375 1860 407 de
1881 376 2050 416 Scaccario,
2065 386 2100 409 ac
2120 374 2290 409 Camerariis
2304 370 2422 434 {in-19:

1305 421 1373 457 suis,
1389 419 1524 450 Salutem.
1788 455 1794 460 ,
2007 454 2012 460 Ι
2212 454 2217 460 ’
2242 455 2248 460 .
2327 429 2334 435 ·
2356 417 2383 444 3.

1767 453 1872 485 dilecto
1889 454 1923 485 &
1938 453 2014 485 fideli
2029 453 2146 493 nostro,
2163 453 2289 485 Williel-
2305 445 2394 483 Claus.

1263 458 1435 489 Mandamus
1456 458 1540 487 vobis
1560 455 1640 494 quod
1662 465 1730 486 cum

1717 477 1751 524 15}
2235 502 2289 531 pro
2311 489 2393 519 19.E.
2410 488 2437 523 32

1225 507 1278 527 mo
1296 496 1428 534 Truffel,
1447 505 1533 534 quem
1556 503 1646 532 nuper
1665 495 1694 524 in

1226 535 1391 573 quibusdam
1410 534 1501 564 arduis
1524 532 1660 564 Neootiis
1679 532 1780 562 nostris
1799 531 1904 562 ibidmi
1929 531 2124 571 expediendis,
2146 531 2289 571 mifimus,
2305 529 2440 561 P·¹·m·4·

1225 576 1285 605 tam
1298 574 1333 604 de
1346 573 1441 604 Vadiis
1454 572 1506 602 suis
1519 557 1614 601 eundo
1629 571 1721 601 versus
1734 577 1821 608 partes
1836 569 2000 613 praedidtas,
2012 569 2121 601 ibidem
2136 570 2290 610 morando,

1225 614 1259 643 &
1279 612 1380 642 exinde
1402 609 1564 648 redeundo,
1582 609 1670 652 quam
1690 618 1743 646 pro
1763 608 1913 647 Expenlrs,
1931 618 1985 647 pro
2004 607 2135 650 Paffagio
2156 609 2207 641 suo
2219 609 2290 641 ultra

1227 650 1312 681 Mare
1325 650 1420 687 fastis,
1440 655 1630 686 computetis,

1264 688 1301 719 Et
1319 690 1345 719 ei
1365 699 1419 727 pro
1442 687 1551 725 lingulis
1572 685 1686 723 diebus,
1703 685 1804 722 quibus
1817 685 1854 716 fic
1869 686 1898 715 in
1913 684 2037 717 Servitio
2049 685 2149 717 nostro
2166 685 2290 727 steterit,

1226 727 1374 765 videlicet,
1399 728 1427 756 in
1449 724 1531 755 dictis
1551 724 1673 761 partibus
1693 723 1912 762 Tranfinarinis,
1935 725 2034 764 viginti
2054 724 2186 764 Solidos,
2208 725 2242 756 δε
2259 727 2292 757 in

1226 766 1350 804 partibus
1370 763 1532 795 Cismarinis
1552 771 1639 793 unam
1661 760 1812 805 Marcam,
1828 772 1861 793 ac
1881 762 2019 801 Expensas
2039 764 2217 795 rationabiles
2236 773 2293 803 pro

1227 804 1357 843 Paffagiis
1371 803 1424 834 suis
1437 801 1574 840 praedictis
1589 800 1728 838 allocetrs,

1266 842 1304 873 Et
1323 843 1349 873 ei
1369 841 1406 872 de
1425 851 1479 879 eo,
1497 838 1576 877 quod
1596 848 1646 876 per
1667 837 1850 882 Qompotqm
1869 838 2054 879 praedidkum,
2072 850 2127 879 pro
2139 839 2236 873 Vadiis
2255 839 2291 871 δε

1228 880 1362 918 Expensrs
1385 880 1437 910 suis
1457 877 1633 917 hujusmodi,
1652 876 1702 907 sibi
1723 876 1819 907 deberi
1838 878 1958 908 inveniri
1979 881 2146 919 contigerit,
2164 879 2292 911 debitam

1229 920 1426 956 Solutionem,
1444 918 1490 948 seu
1503 916 1728 947 satisfactionem
1737 937 1747 953 ,
1767 915 1870 945 habere
1883 915 1996 946 faciatis.

1267 957 1356 988 Teste
1371 957 1454 997 Rege
1468 954 1542 994 apud
1557 953 1758 991 Sandwicum,
1775 953 1913 985 vicefimo
1925 954 2005 985 sexto
2017 954 2062 985 die
2072 955 2159 994 Junii.

1755 494 1871 523 uncium
1889 492 1924 523 ad
1945 502 2036 531 partes
2057 492 2212 532 Ispanniae,

1921 1033 1974 1062 Per
1988 1031 2070 1072 ipsum
2082 1034 2186 1071 Regem.

1501 1158 1550 1190 De
1570 1153 1692 1199 Custode
1714 1155 1829 1202 Angliae
1845 1152 2009 1198 constituto.

1227 1241 1341 1298 REX
1355 1241 1507 1280 omnibus,
1524 1241 1559 1273 ad
1575 1250 1663 1280 quos,
1680 1241 1741 1272 &c.
1760 1240 1893 1271 Salutem.

1319 1280 1416 1311 Sciatis
1431 1280 1530 1319 quod,
2330 1291 2415 1323 1345.

1271 1318 1353 1349 Cum
1369 1318 1437 1349 Nos
1472 1329 1526 1356 pro
1540 1318 1701 1349 Salvatione
1714 1318 1748 1349 &
1763 1317 1939 1349 Defenfione
1951 1317 2049 1357 Regni
2063 1318 2152 1351 nostri
2164 1317 2294 1359 Angliae,
2310 1325 2362 1350 An.
2385 1331 2427 1359 19.

1228 1357 1262 1388 &
1283 1358 1399 1427 ῗὶἰέὶῖιφ
1419 1342 1577 1388 'serrarum
1599 1356 1759 1388 nostrarum
1773 1380 1784 1396 ,
1810 1356 1894 1388 fimus
1911 1357 1992 1395 supra
2012 1356 2098 1390 Mare
2114 1357 2294 1397 personaliter
2309 1364 2341 1388 Ε.
2362 1369 2388 1398 3.

1249 1406 1282 1426 ro
1295 1406 1311 1426 e
1361 1406 1400 1434 ri,
2309 1402 2368 1427 Pae.
2398 1409 2407 1427 ι
2434 1421 2440 1428 .

1228 1404 1248 1434 p
1263 1434 1333 1465 Nos
1346 1459 1356 1473 ,
1381 1434 1511 1466 volentes
1531 1434 1613 1465 bono
1632 1433 1781 1474 Regimini
1799 1433 1869 1465 dieti
1891 1433 1988 1475 Regni
2035 1443 2122 1474 prout
2138 1437 2292 1475 convenit,
2309 1441 2341 1466 Ε.
2357 1445 2383 1474 3.
2393 1407 2430 1474 p.⁹

1227 1473 1396 1512 providere,
1422 1473 1618 1503 constituimus
1639 1472 1809 1504 Leonellum
1828 1472 1932 1504 Filium
1953 1458 2084 1505 nostrum
2105 1474 2295 1514 cariffimum,
2315 1485 2384 1505 1.m.
2398 1485 2427 1505 2.

1229 1509 1391 1542 Custodem
1411 1511 1482 1542 dieti
1502 1511 1597 1551 Regni
1617 1511 1730 1550 nostri,
1754 1521 1788 1542 ac
1809 1511 1926 1543 Locum
1948 1511 2078 1544 nostrum
2099 1521 2246 1545 tenentem
2265 1515 2295 1544 in

1229 1550 1334 1581 eodem
1348 1549 1472 1590 Regno,
1491 1549 1560 1580 durn
1573 1550 1612 1594 {ic
1625 1551 1732 1590 agimus
1747 1558 1822 1581 eXtra
1837 1549 1949 1581 dictum
1961 1550 1992 1581 R

2311 1242 2386 1275 Ann.
2396 1245 2440 1276 D.

2051 1560 2101 1582 um
2115 1551 2257 1583 nostrum.

1267 1589 1286 1608 ³¹*
1307 1588 1418 1620 Damus
1430 1598 1525 1620 autem
1541 1595 1673 1620 univerns
1687 1589 1720 1620 &
1740 1588 1850 1628 fingulis
1870 1587 2005 1628 Archiep'
2017 1591 2115 1629 copis,
2133 1589 2296 1630 Episcopis,
2314 1582 2331 1600 ⁸
2342 1585 2444 1620 V-472·

1230 1627 1407 1666 Abbatibus,
1430 1627 1592 1665 Prioribus,
1614 1626 1794 1666 Comitibus,
1820 1626 1992 1667 Batonibus,
2017 1628 2176 1668 Militibus,
2201 1629 2298 1661 Com-

1230 1666 1432 1704 munitatibus,
1455 1665 1699 1704 vicecomitibus,
1721 1665 1814 1696 liberis
1832 1664 2028 1706 Hominibus,
2049 1666 2179 1707 Bauius,
2204 1668 2300 1699 Mini-

1231 1703 1310 1743 stris,
1334 1706 1368 1736 &
1389 1705 1524 1735 omnibus
1542 1704 1598 1734 aliis
1617 1704 1759 1735 Fidelibus
1777 1703 1898 1744 nostris,
1922 1713 2021 1737 tenore
2040 1705 2239 1746 praesentium‚
2265 1708 2298 1739 in

1231 1743 1382 1781 mandatis,
1401 1743 1480 1781 quod
1493 1743 1610 1781 praefato
1626 1742 1782 1781 Leonello,
1799 1751 1934 1782 tanquam
1948 1742 2072 1775 Custodi
2091 1745 2161 1776 dicti
2183 1745 2214 1776 R
2271 1745 2298 1784 i,

1231 1782 1265 1812 δε
1285 1781 1382 1812 locum
1405 1780 1536 1812 nostrum
1561 1781 1688 1812 Tenenti
1707 1782 1737 1811 in
1755 1780 1859 1812 eodem
1879 1781 2008 1822 Regno,
2024 1782 2206 1817 Intendentes
2236 1792 2296 1822 int,

1232 1819 1465 1858 Respondentes,
1480 1818 1684 1858 consulentes,
1702 1819 1736 1850 δε
1750 1819 1929 1851 Auxiliantes.

1268 1858 1302 1890 ln
1316 1859 1394 1897 cujus
1402 1881 1412 1897 ,
1429 1859 1490 1889 &c.
1510 1867 1564 1896 pro
1578 1857 1678 1888 nostro
1689 1858 1867 1896 beneplacito
1880 1858 2031 1891 duraturas.

1307 1894 1398 1928 Teste
1414 1896 1502 1936 Rege
1513 1896 1587 1935 apud
1599 1896 1783 1929 Sandwicum
1790 1919 1801 1936 ,
1820 1898 1914 1936 primo
1925 1897 1971 1929 die
1978 1898 2058 1937 Julii.

1863 1976 1918 2005 Per
1934 1973 2017 2015 ipsum
2033 1977 2139 2015 Regem?

1548 2056 1593 2084 De
1609 2052 1772 2085 intendendo
1787 2050 1894 2092 Custodi
1910 2051 2033 2092 Angliae.

1270 2128 1361 2163 Teste
1379 2137 1409 2163 ut
1428 2130 1517 2170 supra.

1277 2262 1520 2298 Memorandum
1540 2262 1577 2298 de
1595 2265 1717 2312 Magno
1732 2265 1837 2313 Sigillo
1849 2291 1859 2309 ,
1882 2267 1921 2305 ὠ·
1937 2263 1975 2299 de
1994 2263 2128 2312 Paffizgio
2146 2266 2247 2312 Regis.

1231 2349 1308 2411 M
1316 2349 1341 2381 E
1351 2357 1377 2381 M
1388 2360 1408 2380 0
1417 2359 1441 2382 R
1449 2361 1469 2382 A
1479 2358 1500 2381 Ν
1510 2359 1531 2381 D
1539 2359 1562 2381 υ
1571 2358 1598 2381 Μ
1611 2349 1687 2391 quod
1697 2353 1831 2382 Dominus
1840 2349 1973 2381 Robertus
1986 2350 2019 2381 de
2033 2350 2205 2390 Sadyngton,
2222 2352 2298 2381 Can-
2311 2342 2390 2374 Ann-
2404 2341 2447 2374 D:

1327 2388 1449 2419 cellarius
1462 2392 1576 2419 Domini
1589 2388 1671 2430 nostri
1683 2391 1761 2427 Regis
1769 2412 1779 2428 ,
1797 2393 1877 2420 venit
1890 2391 1932 2419 ad
1940 2388 2023 2429 ipficm
2037 2392 2133 2427 Regem
2139 2389 2222 2428 super
2227 2391 2299 2419 Pas-
2334 2388 2419 2422 1345·

1224 2427 1355 2495 figigfim
1367 2429 1442 2496 aqud
1449 2428 1623 2496 {gudwicum
1645 2427 1817 2474 enistentem,
1835 2427 1979 2468 videlicet,
1997 2428 2040 2458 die
2061 2428 2206 2459 Dominica'
2213 2451 2224 2468 ,
2241 2434 2298 2459 ter-
2311 2424 2428 2496 ΕΖΒ-319·

1232 2466 1440 2544 tloEleiZ'cllegt',
1457 2465 1761 2544 innggreffzzflippae
1777 2506 1886 2543 Reginae
1898 2504 2013 2543 Angliae
2021 2528 2032 2545 ,
2048 2505 2095 2535 nbi
2109 2505 2165 2545 ipsb
2178 2502 2295 2543 hospita-
2309 2496 2448 2534 Claus-¹95

1235 2544 1336 2582 batur,
1354 2543 1422 2580 horai
1433 2544 1582 2582 dieiprimd
1591 2567 1601 2583 ,
1619 2543 1751 2574 liberavit
1767 2544 1837 2573 dio‘lo
1852 2547 1970 2574 Domino
1984 2543 2070 2583 nostro
2084 2546 2150 2579 Regi
2162 2542 2297 2582 quoddam
2313 2539 2342 2564 Ε·
2352 2541 2408 2573 3·Ρ·
2421 2544 2445 2564 ¹·

1236 2586 1371 2620 Magnum
1385 2582 1507 2620 Sigillum
1512 2582 1607 2621 finam,
1628 2582 1701 2622 quod
1708 2583 1777 2612 idem
1789 2582 1974 2612 Cancellarius
1989 2590 2054 2612 tunc
2074 2580 2172 2610 habuit
2193 2583 2223 2610 in
2242 2584 2298 2611 Cu·
2313 2584 2350 2603 m·
2367 2573 2447 2612 ²3⁴·

1228 2620 1378 2660 stodiafiaea
1385 2630 1435 2659 pro
1450 2624 1575 2658 regimine
1586 2624 1670 2657 Regni
1686 2620 1818 2659 Angliae,
2295 2658 2299 2661 ,

1274 2661 1316 2688 Et
1337 2660 1407 2688 idem
1427 2662 1561 2688 Dominus
1579 2659 1664 2698 noster
1685 2662 1745 2688 Rex
1766 2657 1838 2688 illud
1851 2657 1888 2686 ab
1901 2657 1988 2687 eodem
2003 2655 2168 2686 Cancellario
2181 2659 2210 2686 in
2223 2665 2299 2696 prae-

1229 2696 1323 2735 sentia
1345 2696 1541 2726 Bartholomaei
1559 2697 1591 2725 de
1611 2694 1781 2733 Burgherfh,
1799 2693 1837 2728 &⁶
1859 2695 2000 2732 Johannis
2012 2696 2106 2734 Darcy
2121 2694 2146 2724 Ie
2159 2698 2242 2734 Fitz,
2260 2695 2301 2732 &²

1237 2735 1350 2764 aliorum
1371 2741 1435 2764 tunc
1457 2738 1485 2764 in
1505 2734 1597 2763 eadem
1616 2737 1731 2763 Camera
1750 2732 1939 2772 existentium,
1957 2732 2058 2771 statim
2077 2735 2190 2772 recepit,·
2218 2733 2257 2769 ό·
2278 2737 2304 2765 ei

1239 2774 1371 2813 quoddam
1384 2772 1464 2802 aliud
1474 2771 1611 2809 Sigillum,
1620 2779 1671 2809 pro
1684 2773 1810 2808 regimine
1823 2771 1890 2800 dicti
1910 2773 2011 2809 Regni,
2030 2770 2094 2802 dum
2116 2772 2186 2802 idem
2206 2775 2303 2804 Domi-

1239 2822 1288 2841 nus
1302 2814 1361 2841 Rex
1375 2818 1458 2841 extra
1471 2811 1540 2840 idem
1554 2813 1672 2847 Regnum
1679 2808 1797 2848 fuerat,
1813 2809 1988 2848 ordinatum,
2005 2810 2141 2849 tradidit,

1277 2849 1337 2889 Qui
1347 2850 1452 2897 quidem
1464 2847 1645 2879 Cancellarius
1658 2847 1778 2885 Sigillum
1790 2846 1860 2877 illud
1870 2859 1888 2877 a
1901 2848 1971 2878 dillo
1982 2851 2098 2878 Domino
2110 2847 2197 2889 nostro
2214 2851 2304 2889 Rege,

1239 2892 1268 2918 in
1283 2890 1358 2918 dista
1369 2887 1484 2918 cameri
1496 2889 1604 2924 Reginae
1619 2890 1732 2925 recepit,
1750 2883 1789 2920 ὠ·
1803 2885 1873 2916 illud
1875 2885 1964 2926 ficum
1979 2886 2078 2916 exinde
2090 2886 2170 2928 usque
2186 2889 2302 2919 London

1240 2927 1336 2957 detulit
1345 2950 1354 2965 ,
1371 2925 1409 2961 έν
1422 2926 1535 2964 ibidem,
1552 2926 1594 2955 die
1610 2928 1760 2963 Mercurii,
1775 2931 1839 2954 tunc
1847 2924 1974 2963 proximo
1980 2923 2208 2965 sequente,apud
2216 2927 2303 2966 Wst-

1239 2965 1425 3006 monasterium
1446 2968 1563 3002 Cartas,
1581 2966 1693 2994 Literas
1713 2965 1864 3002 patentes,
1888 2961 1927 2999 ὠ·
1950 2967 2059 2994 Brevia
2079 2964 2142 2994 inde>
2156 2964 2303 3005 consignari

1253 3012 1303 3034 ecit

1232 3003 1260 3044 f
1277 3027 1424 3083 Didiusque
1437 3044 1567 3072 Dominus
1579 3043 1640 3071 Rex
1650 3065 1660 3080 ,
1674 3040 1749 3070 dicta
1763 3040 1805 3070 die
1818 3041 1981 3080 Dominicd,
1999 3051 2057 3070 cum
2070 3040 2250 3078 Magnatibm
2263 3040 2303 3076 ᾤ’

1241 3080 1302 3110 aliis
1313 3106 1321 3119 ,
1339 3085 1368 3110 in
1387 3084 1526 3110 Comitiva
1541 3078 1595 3120 fica
1616 3086 1681 3109 tunc
1699 3078 1890 3118 existentibus,
1915 3090 1973 3108 cum
1989 3078 2069 3109 Flota
2081 3077 2136 3118 fita
2154 3081 2303 3119 Navium,

1241 3120 1410 3158 immediate,
1422 3118 1480 3159 poll
1495 3121 1599 3149 Horam
1612 3129 1727 3155 nonam,
1744 3129 1763 3146 a
1777 3120 1862 3147 Portu
1884 3118 1964 3147 dietae
1983 3120 2012 3146 V
2011 3116 2067 3146 illae
2088 3118 2121 3147 de
2140 3118 2304 3157 Sandwz'co,

1241 3157 1292 3196 ipso
1313 3161 1429 3188 Domino
1450 3156 1537 3197 nostro
1554 3160 1623 3194 Rege
1637 3160 1667 3186 in
1680 3156 1795 3196 quodam
1810 3155 1896 3186 Fluno
1909 3154 1978 3195 fico,
1995 3162 2093 3186 vocato
2107 3154 2133 3185 le
2147 3155 2303 3195 Swalewe,

1242 3195 1386 3236 existente,
1403 3195 1481 3236 usque
1498 3196 1540 3226 ad
1552 3198 1635 3225 Mare
1650 3195 1770 3225 velavit.

1539 3332 1589 3363 De
1602 3327 1826 3373 transfretando
1840 3339 1909 3362 cum
1927 3332 2015 3377 Rege.

1249 3413 1386 3472 REX,
1403 3413 1509 3445 dilet‘io
1529 3414 1563 3445 δε
1584 3412 1660 3445 fideli
1680 3415 1745 3452 suo,
1769 3412 1890 3455 Hugoni
1908 3413 1946 3445 de
1967 3413 2166 3454 Couroeneye,
2192 3409 2307 3445 comiti
2321 3410 2398 3443 Ann.
2406 3410 2449 3442 D.

1326 3453 1485 3490 Devoniae,
1502 3452 1635 3483 Salutem.
2341 3457 2426 3490 1345.

1285 3490 1384 3527 Cum,
1402 3492 1430 3520 in
1452 3492 1554 3522 ultimo
1576 3491 1767 3522 Parliamento
1786 3490 1887 3522 nostro
1921 3490 1995 3530 apud
2014 3490 2306 3522 Westmonasterium
2321 3493 2375 3518 An.
2389 3497 2433 3524 ¹9·

1249 3538 1344 3573 tento,
1363 3528 1492 3572 Praelati,
1506 3528 1653 3568 Comites,
1671 3530 1807 3568 Barones,
1827 3530 1861 3560 &
1876 3514 2095 3568 Communitas,
2108 3529 2205 3570 Regni
2216 3527 2306 3559 nostri
2319 3532 2350 3556 Ε.
2371 3536 2396 3564 3-
2451 3569 2456 3573 ⁸

1251 3569 1298 3598 An
1319 3568 1363 3597 11ae
1376 3568 1458 3597 nobis
1472 3577 1541 3598 cum
1556 3568 1683 3598 instantia
1696 3568 1914 3608 supplicaverint
1928 3576 1973 3606 ut,
2319 3570 2455 3599 franc-19.

1288 3577 1369 3636 Cum
1385 3604 1498 3636 Guerra
1510 3606 1606 3637 nostra
1628 3606 1769 3644 Franciae,
1788 3616 1852 3644 quae
1873 3606 2023 3637 occasione
2040 3606 2222 3646 Treugarum
2241 3605 2309 3636 inde
2325 3607 2356 3632 E·
2370 3612 2396 3640 3-
2417 3611 2456 3630 m·

1251 3645 1381 3675 initarum
1390 3666 1400 3681 ‚
1417 3644 1451 3674 &
1465 3653 1500 3674 ex
1514 3652 1592 3682 parte
1606 3644 1762 3676 Adversarii
1774 3643 1863 3675 nostri
1878 3644 2003 3675 Franciae
2017 3654 2077 3676 non
2092 3645 2312 3682 observaturum,
2325 3652 2355 3679 4-

1253 3691 1444 3752 {rdtemporasi
1457 3691 1518 3713 non
1535 3682 1649 3714 modica
1663 3682 1842 3723 perduravit,
1859 3683 1897 3713 eis
1912 3682 2034 3714 multum
2057 3683 2174 3714 onerosa
2190 3683 2314 3714 extiterit

1321 3730 1366 3750 am
1388 3729 1427 3750 ΠΟ
1438 3730 1452 3749 a

1294 3730 1395 3788 Finetlii
1407 3743 1500 3789 eide’m
1514 3758 1654 3798 Guerrae,
1672 3768 1721 3796 per
1733 3760 1810 3790 viam
1824 3758 1904 3790 Pacis
1918 3759 2109 3799 honorabilis,
2125 3766 2174 3791 aut
2247 3756 2311 3789 Bel-

1255 3796 1333 3834 lum,
1348 3796 1440 3826 facere
1458 3806 1635 3836 curaremus,
1658 3797 1691 3828 &
1713 3797 1873 3836 hujusmodi
1892 3797 2033 3837 Treugis,
2055 3799 2090 3829 ad
2111 3796 2149 3828 M
2218 3804 2246 3828 ta
2267 3795 2316 3827 vel

1257 3834 1364 3879 Lireras
1378 3834 1555 3902 Apsostolica,
1572 3835 1618 3866 seu
1631 3835 1746 3874 alicujus
1757 3836 1867 3867 alterius
1882 3834 2061 3875 instantiam,
2078 3843 2254 3874 nequaquam
2271 3833 2316 3864 ul-

1257 3880 1342 3903 terius
1356 3882 1412 3903 con
1424 3882 1512 3903 entire

1295 3911 1333 3941 Et
1355 3911 1424 3941 Nos
1444 3897 1661 3949 (supplicationi
1681 3911 1824 3951 praedium
1850 3912 2013 3950 annuentes)
2034 3910 2128 3942 eidem
2151 3909 2320 3941 Adversario

1259 3949 1360 3979 nostro
1374 3950 1551 3980 rationabiles
1564 3951 1621 3981 vias
1635 3950 1716 3981 Pacis
1729 3949 1830 3982 offerri
1843 3951 2011 3988 fecerimus,
2026 3949 2076 3987 qui
2089 3947 2172 3979 dieiae
2190 3948 2259 3980 Paci
2270 3947 2321 3979 ali-

1259 3988 1379 4025 qualiter
1391 3989 1564 4025 consentire,
1582 3989 1628 4019 seu
1642 3988 1894 4020 Reformationem
1905 3989 1940 4020 ali
1961 3996 2028 4019 uam
2039 3986 2119 4024 super
2142 3986 2326 4025 Attemptatis

1977 4033 2027 4066 um
2037 4033 2128 4064 nuper
2141 4025 2173 4057 in
2185 4023 2326 4057 Britannia

1259 4036 1311 4066 per
1335 4035 1403 4057 eum
1422 4035 1521 4059 contra
1540 4026 1686 4068 Treueris,
1702 4029 1774 4060 iuter
1794 4026 1865 4059 Nos
1885 4027 1920 4059 &
2249 4063 2255 4069 ,
2279 4063 2328 4094 ,ω

2247 4072 2288 4094 nm
