2562 4279
785 158 897 202 ET
979 159 1249 200 ACTA

67 249 143 284 Ann.
154 249 195 281 D.
207 247 283 286 suas,
303 246 337 279 &
350 247 529 288 quantitatem
544 247 688 278 bonorum
702 245 830 285 suornm,
844 247 919 277 bene
933 245 966 276 &
979 243 1149 275 sufficienter
1157 244 1279 287 muniri,

86 298 169 330 1327.
207 288 240 318 ad
256 287 490 325 proficiscendum
505 295 604 317 contra
623 286 715 316 dictos
731 285 869 316 Inimicos
888 283 1018 321 nostr08‚
1041 292 1094 322 pro
1114 282 1277 312 detensione

63 334 132 359 lav.
148 336 175 367 3.
208 325 254 356 sua
269 327 301 356 ὃς
315 325 385 357 dieti
403 326 499 365 Regni
513 323 619 363 nostri,
635 324 748 364 quando
764 327 843 363 super
858 324 915 353 hoc
931 331 964 352 ex
978 330 1054 359 parte
1074 320 1173 352 nostra
1187 320 1277 351 effent

228 374 381 395 raemuniti:

206 375 226 405 p
247 404 293 433 Ac
305 405 358 441 jam
372 413 425 441 pro
440 408 522 432 certo
534 400 693 440 didicimus,
712 400 792 439 quod
808 399 894 430 iidem
907 397 988 428 Scoti
1004 395 1109 440 Pacem
1124 395 1169 426 vel
1183 393 1279 441 Treu⁴

208 451 275 482 gam
287 443 357 471 inire
371 448 600 478 contempnunt,
618 440 669 477 ὃς,
688 439 828 476 pendente
847 436 984 480 Tractatu
1004 434 1142 479 praed1&o
1157 456 1167 471 ,
1183 435 1278 474 prodi-

210 481 352 511 tionaliter
373 481 406 511 δε
426 478 561 509 hostiliter
609 478 638 508 in
662 478 764 517 magna
787 474 983 511 multitudine,
1007 472 1277 516 dietum'Regnum

208 519 340 549 nostrum
355 519 415 548 sunt
427 515 553 556 ingl-effi,
569 500 721 554 l'ncendia,
740 513 923 550 Homicidia,
941 513 974 542 &
990 510 1223 550 Destrud'tiones,
1243 518 1276 543 ac

207 558 259 590 alia
275 555 371 594 Mala,
389 566 454 594 quae
469 553 598 594 possunt,
616 555 703 584 indies
717 563 769 590 pro
783 552 888 583 viribus
899 550 1113 595 perpetrandoz,
1158 589 1163 595 η

248 596 332 634 Nos,
351 595 472 634 ipsorum
486 591 608 623 Malitia:
627 593 742 623 obviare
757 614 767 630 ,
791 591 825 621 &
846 597 932 620 tantae
953 588 1178 631 praesumpnonis
1194 587 1277 618 auda-

209 634 303 671 ciam,
321 642 391 663 curn
407 631 466 664 Dei
481 631 635 670 adjutorio,
650 631 799 666 reprimere
814 628 959 666 cupientes
982 649 992 664 ,
1017 623 1278 666 conliderantesque

210 673 310 712 quod,
327 673 356 701 in
369 678 454 701 tantae
466 668 631 700 necestitatis
644 667 763 698 articulo
772 689 780 704 ,
790 667 882 696 nullus
896 665 1024 696 excusare
1038 665 1065 695 se
1078 666 1192 703 poterit,
1198 667 1278 705 quin,

234 721 266 742 ro
281 709 443 741 desensione
457 707 503 738 sua
516 707 548 737 ὅ(
561 706 680 744 ejusdem
696 706 811 745 Regni,
830 703 936 735 Manus
949 704 1107 743 Adjutrices
1127 705 1192 735 totis
1212 705 1280 736 virie-

212 720 266 781 ἕως
280 757 423 787 apponere
437 754 577 780 teneatur,

252 787 344 818 Vobis
360 785 539 820 mandamus,
556 782 606 812 sub
621 780 800 812 forisfactura
815 782 967 820 omnium,
983 788 1048 820 quae
1067 782 1151 812 nobis
1171 781 1278 812 forisfa-

213 836 280 858 cere
295 825 435 864 poteritis,
452 822 568 851 firmiter
583 821 775 860 injungentes,
793 821 873 859 qubd
890 819 993 859 statim,
1013 820 1075 851 visis
1090 819 1281 860 praesentibus,

214 864 295 895 omni
309 861 485 894 excusatione
498 859 636 896 ceffinte,
652 860 747 889 venire
761 859 866 890 faciatis
880 859 913 890 ad
924 869 977 889 nos
990 881 1000 898 ,
1024 859 1110 898 usque
1131 858 1282 898 Eborum,

213 912 315 933 omnes
328 902 360 932 &
376 898 495 938 singulos
506 897 542 927 de
558 896 732 937 Estrithingo
747 898 899 937 praedieto,
918 898 990 929 infra
1003 905 1096 928 aetates
1121 897 1283 937 praedidbas,

216 943 278 972 tam
293 939 364 970 infra
380 937 553 974 Libertates,
572 937 656 974 quam
672 945 765 974 extra,
781 937 914 967 Armatos
927 937 960 967 ὅ(
978 936 1115 967 Arraiatos
1137 937 1166 966 in
1187 936 1282 967 foer

215 977 351 1019 praedicta
366 975 495 1012 (nemini
509 975 651 1012 parcendo
664 976 694 1005 in
708 976 761 1006 hac
775 984 850 1016 parte
860 977 871 1011 )
881 975 915 1005 ad
931 974 1167 1013 proficiscendum
1181 985 1280 1006 contra

218 1018 311 1048 diebos
332 1014 468 1044 Inimicus
488 1013 599 1044 nostros
620 1036 629 1052 ‚
648 1014 682 1044 ad
703 1015 826 1052 ipsorum
850 1015 1014 1044 temeritatis
1033 1014 1196 1052 audaciam,
1213 1024 1283 1044 curn

216 1054 278 1087 Dei
292 1053 444 1090 adjutorio,
463 1052 681 1091 refraenandam,
698 1062 780 1091 prout
794 1054 833 1083 eis
846 1062 895 1093 per
910 1062 964 1083 nos
976 1061 1044 1083 tunc
1059 1053 1224 1092 injungetur.

254 1092 293 1124 Et
308 1091 379 1122 scire
394 1091 498 1121 faciatis
511 1092 647 1122 omnibus
662 1093 695 1124 ὃς
708 1093 834 1132 singulis,
852 1101 885 1122 ex
903 1100 980 1130 parte
999 1090 1114 1129 nostra,
1131 1091 1211 1129 quod
1231 1100 1284 1122 nos

216 1140 318 1162 omnes
333 1130 366 1160 &
378 1130 514 1169 fingulos,
532 1131 581 1170 qui
595 1131 622 1161 se
636 1133 795 1161 retraxerint
808 1141 823 1161 a
840 1129 1000 1161 defensione
1022 1129 1159 1168 praedicta
1171 1153 1181 1169 ,
1199 1130 1233 1160 &
1250 1129 1285 1160 ad

202 1170 341 1208 '‘fpsorum
356 1168 559 1209 Repulsionem
570 1170 667 1207 juvare
680 1170 835 1208 noluerint,
853 1169 985 1200 Fautores
998 1168 1123 1207 ipsorum
1143 1168 1284 1198 Inimico-

217 1218 282 1238 xum
301 1206 464 1237 nostrorum
479 1209 668 1247 reputabimus
675 1231 685 1247 2
701 1209 733 1239 &
746 1209 782 1239 de
794 1208 871 1246 iplis,
887 1216 1021 1245 tanquam
1042 1206 1078 1238 de
1097 1207 1160 1245 ipsis
1183 1206 1283 1237 Inimi-

218 1248 282 1291 cis2
295 1246 450 1276 vindictam
465 1247 614 1291 capiemus.

259 1285 297 1316 ht
315 1295 384 1323 vos,
402 1284 508 1322 praefau
521 1284 689 1316 Arraiatores
701 1309 712 1323 ,
739 1285 772 1316 &
793 1284 1011 1317 Subarraiatores
1024 1307 1034 1323 ,
1053 1293 1123 1315 cum
1146 1284 1288 1323 praedictis

218 1322 418 1362 Hominibus,
433 1323 466 1354 ad
479 1323 565 1362 Nos,
581 1323 616 1354 ad
632 1324 730 1355 locum
747 1323 932 1363 praediCtum,
946 1331 1016 1353 cum
1029 1322 1117 1362 Equis
1131 1324 1164 1354 &
1182 1323 1288 1361 Armis,

219 1364 330 1402 quanto
345 1361 488 1399 potentius
502 1363 625 1402 poteritis
661 1363 817 1401 accedatis,
835 1361 869 1392 ad
880 1360 1116 1402 proficiscendum
1137 1362 1287 1393 nobiscum

221 1408 321 1432 contra
335 1400 425 1431 dietos
437 1399 572 1431 Inimicos
585 1385 712 1440 nostros,
731 1409 818 1440 prout
833 1399 869 1432 de
884 1399 1015 1431 Consilio
1032 1399 1134 1431 nostro
1152 1409 1220 1432 tunc
1235 1411 1284 1431 or·-

219 1440 359 1471 dinabitur
367 1461 376 1477 ,
394 1437 529 1468 Domino
540 1438 714 1477 disponente.

260 1478 369 1509 Damus
383 1486 477 1508 autem
495 1479 594 1517 vobis,
609 1478 642 1509 &
658 1478 772 1509 cuilibet
793 1476 922 1509 vestrfim
936 1500 946 1516 ‚
968 1484 1067 1509 tenore
1087 1477 1268 1516 praesentium
1278 1500 1287 1516 ‚

218 1516 395 1550 Potestatern
408 1516 557 1584 gluniendi,
575 1526 625 1557 per
639 1517 846 1549 Arestationetn
859 1526 1035 1555 corporum,
1053 1517 1086 1547 &
1111 1515 1287 1556 Captionem

219 1556 395 1593 Terrarum,
446 1563 679 1595 enementorum,
697 1555 863 1594 Bonorum,
880 1556 913 1586 &
928 1553 1151 1592 Catallorum,in
1168 1564 1286 1585 manum

221 1595 363 1632 nostram,
381 1603 482 1623 omnes
493 1595 525 1624 ὃ(
541 1594 678 1634 singulos,
696 1604 767 1634 quos
781 1595 811 1624 in
825 1593 878 1624 hac
894 1602 970 1631 parte
987 1591 1186 1624 Inobedientes
1207 1594 1288 1624 inve-

221 1635 315 1669 neritis
330 1634 363 1663 ὃ(
378 1631 522 1669 Rebelles,

261 1671 464 1703 Mandavimus
477 1672 560 1700 etiam
577 1670 748 1701 vicecomiti
763 1670 860 1700 nostro
874 1669 1004 1700 Eborum
1026 1669 1126 1708 quod,
1145 1668 1173 1699 in
1197 1669 1289 1709 fingu-

220 1710 254 1745 lis
273 1711 359 1747 locis,
377 1711 405 1739 in
419 1708 592 1747 Estrithingo
608 1709 762 1745 praedicto,
782 1710 840 1739 tam
855 1707 926 1738 infra
940 1707 1109 1746 Libertates,
1135 1708 1220 1747 quam
1241 1718 1289 1738 ex-

223 1758 283 1788 tra,
298 1749 348 1780 ubi
364 1747 493 1786 expedire
509 1748 622 1785 viderit,
640 1747 777 1786 praemisla
790 1747 888 1785 faciat,
907 1755 941 1776 ex
961 1754 1038 1784 parte
1063 1746 1176 1785 nostra,
1194 1747 1288 1785 publi-

222 1791 259 1820 ce
275 1786 459 1827 proclamari,
478 1786 511 1815 &
527 1785 659 1815 omnibus
671 1785 704 1815 &
720 1784 830 1824 singulis
842 1785 974 1815 faciendis
988 1784 1021 1814 δε
1037 1786 1223 1825 exequendis,
1242 1787 1284 1815 in-

224 1826 342 1859 tendens
357 1824 406 1861 fit,
425 1823 587 1865 consulens,
606 1824 639 1853 ὃς
653 1823 799 1862 auxilians,
817 1824 950 1863 quotiens
969 1823 1002 1854 ὃ(
1025 1823 1141 1861 quando
1159 1834 1226 1863 VOS,
1243 1824 1288 1856 vel

221 1866 261 1897 ali
282 1865 320 1894 uis
332 1861 458 1894 vestrum
467 1884 476 1899 ,
493 1861 560 1892 scire
573 1862 677 1892 faciatis
687 1871 722 1892 ex
734 1871 811 1899 parte
824 1862 928 1894 nostra.

275 1913 293 1932 n
310 1903 388 1939 cujus
402 1900 463 1930 &c.

296 1939 388 1973 Teste
401 1938 487 1977 Rege
499 1938 573 1977 apud
585 1938 718 1971 Eborum
726 1961 737 1978 ,
753 1939 870 1973 decimo
883 1938 1004 1978 septimo
1018 1937 1161 1978 dieJunii.

861 2019 915 2047 Per
930 2016 1011 2057 ipsicm
1026 2019 1131 2055 Regem.

268 2093 385 2128 Eodem
399 2094 491 2125 modo
505 2096 670 2128 mandatum
684 2094 885 2126 Arraiatoribus
898 2093 1071 2135 subscripti83
1096 2090 1248 2133 videlicet,

255 2171 475 2203 'Arraiatoribus
492 2171 552 2208 &a
571 2177 599 2203 in
615 2177 752 2204 Comitatu
773 2171 953 2211 Lancaflriae.

260 2211 477 2243 Arraiatorjbm
490 2211 550 2247 &a
568 2216 598 2242 in
612 2211 802 2252 Wstrithingo
815 2215 845 2242 in
857 2215 996 2241 comitatu
1011 2208 1141 2240 Eburum.

273 2338 334 2371 Pro
353 2334 498 2382 Johanne
513 2334 549 2369 de
565 2338 729 2431 Ηαηοῗῗ,
756 2339 793 2417 (Ξ
816 2338 969 2369 Comitiva
980 2335 1062 2381 fha,
1085 2331 1122 2366 de
1140 2331 1243 2367 vadiis

682 2397 696 2416 o
709 2396 767 2418 ven
790 2397 827 2419 ts.

76 2463 155 2496 Alm-
169 2462 212 2494 D·
230 2469 354 2528 REX
372 2469 556 2501 Theffiurario
572 2469 606 2501 &
617 2468 786 2500 Camerario
802 2470 852 2501 suis
865 2469 999 2501 Salutem.

100 2510 185 2541 1327.
328 2509 477 2546 Liberate,
494 2509 530 2539 de
543 2509 691 2539 Thesauro
708 2509 806 2539 nostro
816 2533 825 2548 ,
843 2509 949 2540 dileeto
961 2506 1179 2546 Consanguineo
1193 2504 1227 2536 &
1241 2503 1289 2535 Fi-

77 2545 131 2570 Aa,
157 2552 179 2570 ¹·
225 2548 279 2579 deli
297 2546 411 2584 nostro,
426 2546 554 2585 johanni
570 2547 606 2577 de
622 2546 776 2586 Hanonia,
792 2548 837 2578 vel
852 2549 908 2586 ejus
920 2549 950 2577 in
964 2547 1017 2577 hac
1032 2554 1109 2584 parte
1124 2545 1293 2587 Attornato,

76 2584 109 2623 Ἐς
131 2589 157 2616 3-
224 2588 330 2624 septem
344 2586 426 2616 Milia
440 2586 590 2616 Librarum
601 2608 609 2624 ,
623 2587 651 2615 in
665 2594 774 2624 partem
788 2586 932 2617 solutionis
944 2584 1159 2626 quatuordecim
1173 2581 1293 2625 Milium

79 2618 192 2646 L‘Was·
227 2627 393 2662 Librarum,
409 2625 436 2654 in
470 2624 550 2654 uibus
566 2624 585 2643 ²*
604 2624 696 2654 eidem
708 2624 832 2662 johanni
856 2633 985 2655 tenemur
1007 2633 1059 2662 pro
1081 2622 1167 2653 vadiis
1189 2621 1239 2650 suis
1258 2621 1292 2651 δε

81 2665 108 2682 ¹-
134 2660 164 2683 Ε·
185 2664 210 2692 3-
226 2665 392 2695 Hominum
406 2662 440 2692 ad
482 2672 559 2699 rma,
577 2663 626 2700 qui
638 2663 666 2692 in
683 2661 834 2694 Comitiva
847 2663 910 2702 sua,
928 2664 957 2692 in
972 2661 1138 2701 obsequium
1152 2659 1293 2697 nostrum,

77 2703 114 2721 m·
131 2696 158 2723 ⁶·
224 2705 254 2734 in
270 2702 375 2740 Regno
388 2701 504 2740 nostro,
522 2700 556 2731 ad
572 2701 734 2740 Rogatum,
753 2701 899 2739 nostrum,
924 2711 962 2731 nu
985 2710 1012 2730 er
1032 2706 1188 2737 venerunt,
1245 2736 1251 2741 ¹

77 2731 98 2750 ᾔ
118 2732 170 2760 IV.
267 2740 448 2777 Recipientcs
463 2740 479 2769 a
497 2739 614 2777 praefato
624 2740 755 2778 Johanne
788 2740 833 2770 seu
846 2740 904 2777 ejus
925 2740 954 2769 di
972 2741 1005 2769 to
1028 2738 1199 2774 Attornato,
1217 2735 1294 2766 Lite-

81 2778 147 2805 294·
226 2789 268 2809 ras
288 2778 495 2815 Acquietantiae
508 2800 517 2815 ,
542 2779 734 2815 receptionem
753 2764 894 2809 dictarum
912 2778 1030 2816 Septem
1051 2776 1169 2807 Milium
1192 2775 1294 2804 Libra-

226 2827 291 2847 rum
306 2816 500 2853 testificantes,
538 2825 583 2844 uae
597 2825 649 2853 pro
664 2817 747 2846 nobis
767 2817 935 2848 sufficientes=
948 2817 1054 2846 fuerint
1067 2816 1095 2845 in
1113 2815 1167 2845 hac
1188 2821 1276 2853 parte.

262 2854 351 2884 Teste
366 2854 448 2894 Rege
463 2862 517 2893 apu
552 2853 699 2893 Eborum,
716 2855 852 2886 vicesimo
865 2855 972 2886 oetavo
987 2855 1032 2885 die
1040 2854 1129 2893 Junii.

659 2931 711 2960 Per
726 2931 807 2971 ipfhm
821 2934 917 2969 Regem
931 2929 969 2967 ἐφ’
983 2929 1136 2961 Concilium.

321 3057 371 3091 De
387 3055 592 3091 providentiis
606 3054 757 3101 faciendis
778 3067 833 3103 pro
856 3055 1003 3103 Johanne
1022 3065 1197 3089 memorato.

295 3139 320 3171 E
332 3140 363 3172 X
381 3141 626 3180 vicecomitibus,
646 3142 769 3181 BalliviS,
789 3141 926 3172 Ministris
940 3164 950 3180 ,
968 3141 1002 3173 &
1017 3141 1153 3171 omnibus
1167 3140 1294 3171 fidelibus

80 3155 158 3186 Anu·
173 3153 216 3186 D·
231 3143 285 3200 R
302 3179 372 3218 suis,
390 3182 449 3211 tam
467 3181 540 3212 infra
556 3181 730 3220 ubertates,
745 3183 831 3220 quam
851 3189 926 3212 extra
938 3203 950 3219 ‚
973 3180 1009 3212 ad
1028 3189 1116 3219 qu⁰s²
1133 3179 1194 3211 &0
1213 3179 1292 3210 3²³⁰*

102 3203 188 3233 1327.

78 3238 145 3308 ἐκ
155 3244 178 3262 ¹⁶
234 3225 365 3301 tegentis·
381 3256 460 3302 quod
474 3257 670 3304 affignavimus
683 3257 821 3290 diledmm
835 3258 935 3297 nobis,
953 3256 1147 3290 willielmum
1163 3255 1295 3295 d'Irland,

79 3315 149 3385 ἕσς’
159 3319 171 3340 Ῑ
229 3294 518 3379 Ἅάἕᾈῖνέῗίῗέἑὶῗέἒ
525 3296 729 3373 iffissiiargrgit’ro,
743 3335 874 3373 Johanne
887 3335 923 3366 de
935 3333 1085 3373 Hanonia,
1102 3334 1139 3378 &¹
1154 3333 1292 3377 Homini-

81 3394 121 3416 m·
133 3397 152 3423 4
226 3372 276 3402 bus
293 3373 360 3409 suis,
378 3381 444 3411 qui,
462 3383 492 3403 m
506 3374 563 3404 obs
592 3375 671 3405 uium
686 3373 816 3404 nostrum
831 3397 841 3412 ,
858 3374 893 3405 ad
915 3382 1006 3411 partes
1026 3372 1167 3403 Marchiae
1186 3372 1292 3403 Scotiae

224 3411 286 3441 sunt
302 3411 472 3449 profecturi,
491 3421 544 3452 pro

224 3449 377 3488 dic'torum,

262 3489 339 3519 Tam
351 3489 420 3519 infra
436 3488 606 3528 LibertateS,
625 3490 711 3529 quam
724 3497 815 3527 extra,
833 3488 1011 3527 faciendum,
1028 3498 1145 3519 necnon
1166 3488 1290 3526 supervi-

223 3527 369 3565 dendum,
387 3528 466 3566 quod
482 3527 615 3566 Denarii,
634 3538 688 3566 pro
709 3527 868 3565 hujusmodi
889 3528 1011 3567 cariagiis
1023 3550 1034 3566 ,
1058 3528 1092 3558 &
1111 3527 1169 3557 aliis
1189 3528 1289 3566 rebus,

225 3566 262 3598 ad
275 3577 345 3605 opus
357 3567 480 3605 ipsorum
494 3567 625 3606 provisis,
644 3566 741 3596 debite
755 3565 957 3605 persolvantur:

266 3605 304 3636 Et
320 3605 386 3636 ideo
399 3606 481 3635 vobis
494 3605 674 3642 mandamus,
693 3604 773 3642 quod
785 3604 880 3635 eidem
890 3603 1071 3643 willielmo,
1085 3604 1115 3634 in
1133 3603 1288 3642 praemissis,

225 3652 259 3675 ut
274 3645 464 3682 praemittitur,
486 3643 635 3682 faciendis,
653 3644 706 3673 sitis
721 3643 911 3681 intendentes,
934 3642 1108 3673 consulentes
1123 3664 1133 3680 ,
1157 3643 1190 3673 &
1212 3644 1289 3673 auxi-

227 3683 342 3721 liantes,
361 3684 506 3721 quotiens,
524 3682 557 3713 &
571 3681 703 3723 quando,
721 3690 770 3719 per
780 3681 869 3720 ipsum
882 3704 892 3720 ,
906 3679 984 3720 super
998 3681 1075 3720 hoc,
1091 3689 1126 3711 ex
1140 3689 1217 3720 parte
1237 3691 1291 3712 no-

229 3720 303 3760 stra,
322 3722 428 3752 fueritis
441 3722 571 3760 requisiti.

228 3796 248 3830 d
268 3759 302 3790 In
318 3761 408 3799 cujus,
418 3761 479 3792 &c.
493 3761 576 3801 usque
589 3758 624 3790 ad
640 3757 745 3790 festum
755 3757 853 3790 Saneti
861 3758 1011 3790 Michaelis
1018 3757 1151 3799 proximo
1165 3757 1290 3791 futurum

249 3807 378 3829 uraturas.

267 3835 299 3873 ,Τ
302 3836 360 3870 este
374 3837 458 3880 Rege
470 3837 544 3879 apud
561 3837 693 3872 Eborum
701 3860 711 3876 ‚
726 3843 825 3876 quarto
837 3835 883 3868 die
893 3834 972 3875 Julii.
992 3840 994 3843 ·

597 3413 692 3443 enariis
713 3412 794 3450 iplius
809 3412 947 3450 johannis
966 3413 1000 3443 ὃς
1022 3411 1190 3442 Hominum
1215 3421 1287 3450 prae-

892 3914 945 3945 Per
957 3911 1039 3952 ipsum
1052 3913 1158 3951 Regem

1333 148 1810 205 PUBLicA.

2306 172 2355 214 19
2366 173 2383 205 1

2400 243 2477 277 Ana
2491 241 2534 277 D,

1757 296 1760 297 γ
1833 296 1835 298 ,
1902 296 1904 299 ,
1928 296 1944 298 Δ.
1976 296 1998 298 ,,
2423 291 2509 325 1327.

1513 335 1572 365 Pro
1591 336 1681 367 Patre
1701 338 1806 382 Regis,
1830 336 1866 369 de
1880 337 2018 383 Expensts
2036 331 2188 371 habendis.
2397 326 2467 353 ΞΜ·
2488 333 2515 361 3-

1324 415 1380 470 R
1390 414 1416 445 E
1424 414 1454 446 X
1469 415 1657 459 ‚Thesaurario
1669 419 1701 448 &
1715 418 1879 451 Camerariis
1893 420 1943 451 suis
1955 420 2089 466 Salutem.
2186 461 2191 466 1
2482 458 2489 463 ,

1439 453 1585 493 Liberate,
1603 457 1639 486 de
1658 457 1677 485 '1
1689 457 1802 489 hesauro
1816 460 1931 496 nostrO,
1950 460 2057 490 dilectis
2071 461 2104 490 &
2119 459 2246 491 fidelibus
2262 456 2382 499 nostris,
2397 456 2450 484 An·
2469 461 2493 485 ἵε

1319 488 1450 521 Thomae
1463 493 1497 522 de
1513 492 1628 524 Berkele
1640 495 1805 532 &Johanni
1821 497 2010 536 Mautravers,
2029 499 2073 528 seu
2087 509 2187 528 eorum
2210 499 2239 529 in
2255 499 2306 529 hac
2340 509 2381 530 ar-
2400 498 2419 521 E
2451 502 2478 531 3-

1320 535 1348 571 te
1364 530 1533 573 Attornatis,
1552 531 1821 577 Ducentaleibras,
1840 545 1892 575 pro
1905 537 2028 574 expenlis
2040 537 2165 567 Domini
2176 537 2212 570 E.
2225 548 2313 578 nuper
2352 548 2379 569 e·
2399 532 2517 561 cinerati?

1319 574 1360 605 gis
1375 568 1503 605 Angliae,
1521 569 1607 600 Patris
1620 571 1716 601 nostri.
2404 582 2426 600 1.
2447 574 2478 598 E.
2506 571 2535 609 32*

1357 606 1447 638 Teste
1457 606 1540 647 Rege
1551 610 1624 647 apud
1636 610 1788 642 Aldewerk
1796 633 1806 650 ,
1822 612 1920 649 quinto
1933 613 1979 643 die
1989 612 2066 651 Julii.
2398 619 2435 641 m·
2447 617 2467 648 5
2470 629 2479 645 ·.

1795 687 1849 717 Per
1866 690 1959 718 Breve
1975 690 2006 719 de
2021 692 2141 721 Privato
2154 687 2253 730 Sigillo.

1322 804 1486 841 Prohibitio
1500 805 1591 854 faesia
1610 808 1788 892 Maeri?
1805 811 1944 893 ἑξαίέιέῗ
1970 813 2089 848 Oxoniae
2109 840 2120 858 ,
2147 819 2238 862 super
2264 818 2388 853 Honore

1711 872 1725 892 e
1765 871 1804 891 an
1834 872 1848 891 0
1903 872 1921 892 bl
1934 872 2022 894 C'YICO·

1328 944 1385 999 R
1397 941 1622 1012 {ffuieffiajori’
1639 941 1768 984 Ballivis‚
1790 944 1889 976 &toti
1914 944 2127 979 Communitati
2144 945 2229 979 Villae
2247 949 2389 991 Oxoniae,
2406 938 2536 1022 Αξξέξ·

1364 1019 1442 1058 Qia
1454 1020 1551 1051 datum
1564 1020 1606 1051 est
1617 1021 1700 1051 nobis
1715 1021 1831 1061 intelligi
1839 1044 1849 1059 ,
1868 1022 1948 1059 quod
1959 1032 2022 1062 vos,
2405 1026 2459 1050 An.
2478 1031 2502 1051 ¹·

1362 1056 1502 1089 Praetextu
1517 1060 1706 1102 quarumdam
1719 1059 1916 1099 Libertatum,
1934 1062 2033 1101 vobis,
2051 1068 2099 1100 per
2113 1059 2230 1095 Cartam
2253 1064 2389 1106 nostram,
2405 1066 2436 1089 Ε·
2456 1070 2482 1097 3·

1326 1094 1362 1125 de
1378 1107 1457 1128 novo
1473 1098 1684 1136 concessarum,
2403 1099 2522 1135 claufin

1363 1135 1520 1174 Qiaedam,
1540 1136 1575 1166 ad
1587 1136 1730 1167 honorem
1743 1135 1841 1168 Saneti
1855 1137 1992 1170 Walerici
2006 1141 2188 1181 pertinentia,
2405 1143 2433 1166 Ε·
2455 1147 2482 1174 3·

1365 1174 1443 1212 Qiae
1458 1173 1657 1214 progenitores
1673 1175 1778 1212 nostri,
1794 1176 1865 1206 dum
1882 1175 1988 1207 Honor
2007 1179 2051 1208 ille
2069 1179 2120 1210 fuit
2140 1181 2170 1211 in
2191 1179 2321 1212 manibus
2339 1190 2389 1213 eo·
2406 1183 2430 1213 P·
2450 1186 2476 1204 2·

1327 1215 1477 1251 rumdem,
1517 1214 1641 1251 ercipere
1654 1214 1686 1244 &
1701 1214 1803 1244 habere
1816 1214 2035 1255 consueverunt,
2404 1224 2441 1244 m·
2458 1224 2507 1248 ²0³

1366 1251 1404 1281 Et
1417 1262 1481 1291 quae
1510 1252 1623 1290 sabella,
1643 1251 1755 1291 Regina
1771 1252 1901 1292 Angliae‚
1922 1253 2012 1284 Mater
2026 1255 2119 1286 nostra
2134 1257 2302 1289 carissimas}
2318 1267 2392 1289 tem*

1327 1299 1397 1328 pore
1412 1300 1470 1328 quo
1483 1290 1588 1320 Honor
1605 1291 1754 1328 praedietus
1770 1292 1795 1321 ei
1811 1293 1894 1329 (inter
1908 1294 1974 1330 alia,
1993 1292 2098 1324 Terras
2111 1296 2143 1325 &
2157 1296 2392 1335 Tenementa,ad

1328 1329 1484 1359 terminum
1498 1331 1562 1360 vitae
1575 1330 1646 1368 suae,
1666 1331 1695 1360 in
1711 1329 1821 1360 Dotem
1836 1330 1980 1369 habenda)
2001 1333 2088 1363 fuerat
2103 1332 2265 1373 affignatus,
2283 1336 2392 1374 semper

1328 1367 1463 1398 haetenus
1478 1369 1621 1414 percipere
1635 1369 1668 1399 &
1683 1369 1785 1399 habere
1797 1368 1960 1407 consuevit,

1367 1405 1458 1436 Vobis
1474 1406 1618 1445 usurpastis
1626 1408 1683 1444 jam
1697 1407 1733 1437 de
1744 1417 1824 1438 novo
1861 1407 1890 1438 in
1911 1406 1999 1439 nostri
2027 1407 2264 1441 Exhaeredationis
2284 1412 2394 1450 pericu<

1326 1444 1386 1474 lum
1401 1445 1599 1484 manifestum,
1617 1447 1649 1477 ὅ(
1663 1446 1785 1486 praefatae
1838 1447 1900 1477 >tris
1913 1445 2019 1478 nostrae
2040 1448 2200 1488 dampnum
2220 1459 2280 1480 non
2302 1451 2395 1482 modi-¹

1327 1493 1409 1522 cum,

1366 1521 1451 1560 Nos,
1467 1523 1525 1553 tarn
1541 1522 1686 1553 Securitati
1699 1523 1820 1562 nostrae,
1860 1525 1925 1555 uam
1937 1524 2133 1564 indempnitati
2149 1526 2268 1564 ejusdem
2294 1526 2399 1559 Matris

1328 1559 1449 1599 nostrae,
1467 1562 1615 1598 providere
1633 1562 1758 1592 volentes
1775 1585 1785 1601 ,
1804 1533 1886 1593 νοῖἰε
1905 1564 2091 1603 significamus
2103 1588 2113 1604 ,
2132 1567 2212 1605 qu'od
2237 1567 2401 1597 intentionis

1328 1598 1432 1629 nostrae
1446 1609 1505 1630 non
1521 1600 1634 1638 extitit,
1660 1610 1714 1630 nec
1735 1599 1826 1631 existit
1841 1623 1852 1639 ‚
1870 1603 1950 1639 quod
1971 1604 2053 1632 vobis
2075 1604 2250 1634 Libertatem
2274 1605 2398 1643 aliquam

1329 1637 1568 1675 concederemus,
1589 1648 1636 1678 per
1669 1648 1734 1668 uam
1750 1640 1853 1676 nobis,
1870 1648 1918 1670 aut
1930 1640 2022 1670 eidem
2042 1640 2131 1672 Matri
2156 1642 2279 1682 nostrae,
2298 1646 2326 1674 in
2345 1644 2399 1675 hac

1331 1684 1423 1714 parte,
1441 1677 1634 1715 praejudicium
1648 1687 1664 1706 a
1674 1677 1763 1715 iquod
1776 1677 1867 1718 poffet
1879 1679 2011 1717 generari.

1366 1713 1403 1745 Et
1416 1714 1481 1745 ideo
1497 1716 1578 1746 vobis
1593 1715 1776 1753 prohibemus
1789 1717 1844 1753 ne,
1863 1725 1998 1753 praerexru
2020 1717 2173 1755 aliquarum
2197 1720 2398 1759 Libertatum,

1330 1754 1412 1783 vobis
1425 1762 1474 1793 per
1486 1764 1538 1785 nos
1551 1754 1745 1785 concessarum
1766 1755 1852 1794 (quas
1865 1778 1875 1792 ,
1900 1755 1919 1785 fi
1941 1757 1970 1786 in
1989 1755 2080 1794 aliquo
2100 1758 2183 1787 nobis
2203 1781 2212 1796 ‚
2231 1768 2276 1789 aut
2301 1758 2396 1788 eidem
2415 1771 2431 1789 a

1331 1791 1558 1831 Matrinostrae,
1576 1793 1593 1810 ¹*
1609 1793 1784 1833 praejudicari
1799 1801 1954 1833 poterunt,
1979 1802 2080 1835 praeter
2100 1795 2227 1826 nostram
2249 1797 2398 1827 conicien-

1329 1831 1397 1861 tiam
1412 1830 1588 1861 decemimus
1600 1831 1758 1868 emanasse)
1782 1832 1934 1872 quicquam
1948 1855 1960 1871 ,
1984 1833 2062 1872 quod
2083 1834 2113 1863 in
2131 1834 2198 1872 juris
2222 1834 2324 1873 nostri,
2351 1844 2400 1866 aut

1331 1869 1453 1907 ejusdem
1470 1869 1571 1900 Matris
1583 1869 1704 1909 nostrae,
1722 1870 1750 1899 in
1763 1869 1816 1900 hac
1832 1880 1925 1910 parte,
1944 1871 2140 1910 praeJ'udicium
2165 1872 2264 1904 cedere
2284 1875 2398 1914 poterit,

1331 1916 1494 1946 attemptare
1507 1908 1681 1948 praesumatis
1694 1907 1901 1948 quovismodo,

1368 1946 1495 1992 Scientes
1507 1957 1558 1992 pro
1572 1956 1652 1978 certo
1664 1946 1763 1986 quod,
1779 1946 1799 1977 fi
1814 1950 1890 1978 iecus
1906 1947 2042 1987 feceritis,
2058 1948 2093 1980 ad
2101 1957 2152 1980 vos
2157 1956 2235 1986 ‚non
2247 1950 2405 1991 inmerito,

1331 1993 1452 2026 graviter
1467 1995 1615 2024 capiemus.

1364 2023 1456 2055 Teste
1470 2023 1553 2064 Rege
1567 2024 1641 2063 apud
1655 2024 1804 2063 Eborum,
1821 2024 1899 2056 sexto
1911 2024 1958 2055 die
1963 2023 1982 2064 J
1985 2025 2044 2056 ulii.

2458 1772 2511 1809 lv,

2415 1818 2481 1848 295.

1331 2148 1381 2182 De
1393 2147 1612 2196 praemuniendo
1632 2151 1799 2198 Magnates
1817 2147 1854 2184 de
1876 2146 2030 2184 Hibernia
2042 2177 2052 2193 ,
2068 2151 2162 2197 fitper
2181 2149 2320 2196 Custodia
2339 2155 2401 2188 Ca-

1634 2197 1771 2242 strorum
1789 2209 1879 2246 prope
1905 2197 2080 2234 Marchias.

1331 2282 1429 2345 RE
1439 2283 1488 2323 X,
1501 2284 1609 2315 dilecto
1624 2284 1657 2315 δε
1672 2284 1744 2315 fideli
1757 2285 1823 2323 su0,
1846 2284 1977 2316 Thomae
1993 2284 2020 2315 le
2039 2283 2223 2325 Fitz-John,
2236 2284 2398 2326 Justiciario
2420 2282 2497 2314 Ann-
2507 2281 2549 2315 D-

1414 2323 1464 2352 suo
1479 2323 1628 2354 Hiberniae
1640 2347 1650 2360 ,
1666 2323 1800 2354 Salutem.
2440 2331 2524 2363 1327.

1370 2361 1558 2393 Intelleximus
1573 2362 1690 2400 qualiter
1704 2361 1873 2400 Hibernici‚
1887 2360 2001 2392 Inimici
2015 2361 2049 2392 &
2065 2362 2197 2393 Rebelles
2212 2361 2400 2402 nostri,Ter-
2420 2366 2472 2389 Aa.
2494 2373 2517 2389 1·

1331 2411 1373 2432 ras
1391 2399 1514 2439 nostras,
1533 2402 1566 2432 &
1586 2401 1761 2432 diversorum
1784 2400 1972 2438 Magnatum,
1990 2401 2040 2439 qui
2061 2401 2164 2432 Terras
2177 2401 2282 2431 habent
2298 2404 2328 2432 in
2345 2403 2399 2433 Hi·
2424 2404 2451 2427 E·
2474 2410 2497 2436 3-

1331 2438 1429 2470 hernia
1444 2462 1453 2476 ,
1478 2440 1512 2469 &
1536 2440 1565 2469 in
1589 2439 1691 2477 Angli&
1713 2447 1930 2469 commoramur
1944 2461 1954 2476 ,
1980 2438 2159 2469 devastarunt
2172 2462 2181 2476 ,
2199 2439 2233 2469 &
2255 2439 2400 2472 devastant
2419 2439 2505 2476 Claus.
2525 2446 2550 2466 ¹-

1334 2478 1527 2517 multipliciter
1546 2478 1598 2507 biis
1615 2478 1728 2514 diebus,
1746 2487 1799 2514 pro
1818 2486 1855 2506 eo
1878 2476 1977 2514 quod,
1996 2486 2046 2514 per
2059 2478 2131 2517 ipsos
2144 2477 2312 2517 Magnates,
2327 2489 2399 2510 con·
2420 2481 2446 2503 Ε-
2470 2486 2495 2513 3.

1330 2525 1371 2547 tra
1392 2517 1517 2555 ipsorum
1537 2516 1726 2546 Inimicorum
1746 2515 1914 2555 AggreffuS,
1931 2514 2071 2545 sufficiens
2083 2515 2233 2547 relistentia
2246 2517 2399 2549 nullatenus
2414 2522 2430 2552 Ρ
2458 2526 2484 2544 Ζ«

1330 2555 1489 2592 ordinatur,-
1510 2555 1547 2585 de
1561 2565 1634 2594 quo,
1653 2564 1713 2584 non
1727 2554 1893 2592 immerito,
1908 2563 2132 2585 commovemur
2148 2564 2154 2584 :
2418 2563 2453 2582 m.
2468 2561 2514 2589 19.

1369 2594 1438 2624 Nos
1450 2595 1552 2632 igitur,
1572 2593 1770 2631 indempn-itati
1790 2591 1911 2630 nostrae,
1929 2592 2099 2632 &ipsorum
2115 2592 2308 2634 Magnarum,
2326 2606 2399 2627 con-

1332 2641 1374 2663 tra
1394 2632 1553 2671 hujusmodi
1575 2630 1620 2672 Ag
1641 2630 1741 2669 reffus,
1762 2631 1911 2669 providere
1931 2631 2073 2670 volentes,
2097 2640 2129 2663 ut
2148 2641 2297 2672 tenemur,
2317 2636 2401 2666 vobis

1335 2671 1503 2702 mandamus
1521 2671 1600 2709 quod
1644 2672 1731 2708 atim,
1748 2671 1812 2700 vifis
1826 2669 2021 2710 praesentibuS,
2040 2672 2203 2709 praemuniri
2218 2672 2322 2702 faciatis
2333 2683 2401 2703 om-

1334 2720 1382 2741 nes
1404 2709 1556 2747 Magnetes
1587 2711 1620 2741 ὃ(
1640 2710 1722 2745 alios,
1739 2707 1839 2739 Castra
1853 2710 1886 2739 ὅ(
1901 2708 2003 2739 Terras
2018 2710 2048 2738 in
2063 2708 2156 2740 Terra
2170 2709 2319 2749 praedieta,
2336 2721 2404 2750 pro-

1333 2758 1371 2786 pe
1393 2747 1535 2779 Marchias
1557 2733 1783 2779 Hibernicorum
1806 2746 2032 2787 praedictorum,
2057 2747 2207 2786 habentes,
2233 2748 2277 2779 vel
2299 2759 2404 2782 eorum

1333 2786 1469 2826 Ballivos,
1487 2787 1568 2826 quod
1588 2787 1688 2818 Castra
1709 2787 1742 2817 ὃς
1760 2785 1862 2817 Terras
1882 2785 1954 2824 suas,
1973 2794 2074 2816 contra
2089 2786 2243 2825 Aggreffus
2257 2787 2403 2820 dictorum

1335 2825 1544 2864 Inimicorum,
1562 2827 1599 2856 sic
1622 2833 1749 2866 potenter
1770 2824 1804 2854 &
1824 2824 1941 2854 viriliter
1955 2823 2108 2864 custodiri,
2126 2825 2206 2864 quod
2222 2825 2339 2866 Nobis,
2355 2836 2402 2859 aut

1335 2865 1415 2903 ipsis,
1431 2864 1475 2895 seu
1496 2864 1624 2898 fidelibus
1643 2863 1761 2901 nostris,
1778 2864 1809 2892 in
1829 2860 1920 2893 Terra
1943 2863 2097 2901 praediffl,
2114 2873 2163 2903 per
2183 2863 2308 2902 ipsorum
2324 2865 2403 2896 d'efe-

1335 2903 1435 2942 ctum,
1454 2903 1629 2940 dampnum,
1647 2902 1691 2933 vel
1707 2901 1864 2940 periculum
1880 2911 1939 2931 non
1954 2903 2064 2933 eveniat
2075 2911 2196 2940 quoquo
2213 2902 2321 2933 modo:

1373 2941 1411 2972 Et
1430 2941 1448 2971 si
1469 2942 1537 2979 ipfi,
1553 2942 1642 2972 taliter
1664 2941 1841 2978 praemuniti,
1856 2940 1914 2970 hoc
1935 2939 2025 2970 facere
2046 2941 2235 2979 neglexerint,
2254 2949 2324 2971 tunc
2343 2951 2396 2972 vos

1334 2980 1433 3010 eadem
1455 2979 1554 3010 Castra
1575 2981 1609 3011 ὃ(
1631 2979 1737 3010 Terras
1750 3003 1759 3017 ,
1776 2978 1812 3009 de
1827 2978 1953 3010 Exitibus
1966 2980 2154 3016 eorumdem,
2171 2979 2302 3009 custodiri
2317 2980 2400 3010 facia·

1335 3018 1386 3057 tis,
1404 3026 1489 3058 prout
1511 3027 1563 3057 pro
1590 3018 1748 3049 Salvatione
1769 3017 1855 3048 dietae
1875 3018 1975 3048 Terrae
1996 3017 2058 3047 fore
2078 3017 2200 3048 videritis
2221 3017 2401 3059 faciendum,

1334 3057 1368 3088 &
1384 3058 1445 3087 alias
1459 3057 1517 3087 fieri
1533 3057 1685 3089 consuevit.

1371 3095 1459 3127 Teste
1474 3096 1560 3136 Rege
1572 3095 1645 3136 apud
1659 3093 1796 3137 Topclif,
1814 3094 1991 3127 duodecimo
2004 3093 2050 3126 die
2060 3094 2135 3134 Julii.

1751 3175 1807 3204 Per
1820 3171 1902 3213 ipftcm
1916 3175 2012 3211 Regem
2025 3170 2064 3208 ὠ·
2079 3169 2236 3202 Concilium}

1508 3303 1602 3348 Super
1623 3300 1777 3348 repuffieme
1801 3296 1966 3334 Rebellinm
1995 3300 2029 3331 in
2054 3296 2219 3332 Hibernia.

1332 3385 1674 3457 RESJIit'eI'nbesaurario
1693 3387 1727 3420 &
1750 3384 1919 3417 Camerariis
1935 3384 1987 3416 stris
2009 3383 2045 3415 de
2066 3383 2216 3416 Scaccario
2229 3381 2397 3422 Dubliniae3
2411 3409 2488 3443 Am,
2499 3409 2544 3450 De.

1370 3465 1448 3504 Qiia
1468 3450 1756 3507 intell—eximushqubd
1779 3461 1950 3500 Hibernici,
1969 3460 2083 3505 Inimici
2091 3461 2129 3505 1&
2143 3459 2397 3505 Rebellestnostri,
2433 3458 2517 3492 1327·

1330 3503 1433 3534 Terras
1445 3502 1569 3541 nostras,
1588 3504 1622 3534 &
1639 3501 1775 3532 Fidelium
1790 3500 1969 3538 nostrorum,
1985 3510 2014 3543 ¹¹².
2029 3500 2150 3543 partibus
2160 3498 2329 3538 Hiberniae,
2347 3509 2396 3539 per
2410 3494 2462 3517 “³''-
2482 3500 2506 3519 ¹·

1330 3543 1491 3585 repentinos
1510 3540 1661 3585 Aggreii'us
1675 3538 1870 3583 devastabunt,
1888 3539 1920 3569 &
1935 3538 1971 3568 de
1985 3537 2031 3567 dre
2045 3547 2075 3581 .¹¹¹
2088 3536 2163 3566 diem
2172 3536 2318 3580 ’devastare
2332 3548 2392 3568 non
2405 3533 2492 3595 1¹23}

1327 3580 1483 3658 gggfflg'·
1497 3579 1683 3617 Homicidia,
1702 3577 1952 3617 Depraedarronm,
1968 3577 2001 3608 &
2016 3575 2067 3607 aha
2083 3575 2155 3607 mala
2169 3584 2316 3608 innumera
2331 3585 2394 3615 per-
2408 3578 2440 3633 Ec?
2459 3614 2487 3642 3.
2498 3590 2507 3601 ε

1369 3657 1460 3688 Vobis
1477 3657 1641 3688 mandamus
1653 3654 1751 3695 quod,
1833 3693 1838 3698 ι
1900 3692 1905 3698 Ι
2059 3691 2064 3697 .
2218 3692 2224 3698 .
2406 3650 2430 3681 P·
2452 3653 2480 3671 2·

1331 3695 1525 3773 Ἑῑὲῗῗὲίἳηῗ
1527 3691 1981 3774 3153233230⁶332÷10d¹1¹3ss2⁵r232
1993 3690 2010 3721 fi
2011 3690 2119 3760 {3335
2121 3690 2253 3775 Ῐὲῗὲᾇῗξ
2266 3690 2397 3771 ὖὲῗὲἑῖἶῖ
2407 3692 2444 3711 ’”’
2459 3691 2507 3720 ²⁰*

1331 3773 1509 3804 Cancellatio
1531 3771 1629 3802 nostro
1643 3769 1764 3813 ibidem,
1784 3769 1817 3800 δε
1831 3768 1979 3799 Nicholao
1995 3767 2118 3812 Fastolf,
2134 3768 2397 3813 Capitalijusticia-

1331 3806 2124 3887 Εῗοῗιῗὲἶῗὲῗᾗῖἓὲἓόηῖῖξῆἶῗῖἓζᾞὲῗῆῗὲὲἓξῖω
2138 3806 2329 3839 ¹¹¹¹¹¹¹¹⁶⁰‘⁰‘¹²
2344 3818 2400 3840 ¹²⁰·

1335 3882 2091 3965 stiffssiiffinttffissieff?§fiffl‘ifsscfitsssfissssfgsst’s
2102 3884 2329 3961 mnffbiffissssrfsiss
2343 3895 2401 3954 ἓξὲξ

1336 3965 1465 3997 Exitibus
1481 3964 1565 3994 dietae
1579 3962 1683 4006 Terrae
1699 3962 1707 3998 (
1720 3961 1739 3991 fi
1751 3962 1862 3991 necefle
1877 3961 1978 4004 fuerit)
1993 3963 2154 4002 apponatis,
2168 3963 2245 4000 quale
2259 3973 2313 4000 pro
2327 3972 2399 3992 con-

1334 4004 1490 4036 versatione
1512 4002 1628 4032 honoris
1648 4000 1767 4044 nostri,
1779 4000 1813 4030 ὃς
1834 4000 2202 4045 defemioneqbubditorurn
2221 4001 2402 4037 nostrorum,

1336 4043 1374 4076 ὃς
1387 4041 1544 4079 Terrarum
1556 4038 1717 4074 nostrarum
1729 4037 1836 4075 ibidem
1844 4061 1856 4078 2
1869 4048 1920 4080 per
1933 4039 2084 4077 conissium
2095 4040 2129 4074 &
2142 4040 2404 4107 avisamennitrriueg
