2562 4279
57 275 134 307 Ann.
144 274 185 307 D.

58 322 166 383 223392'

119 374 126 381 .
148 374 174 390 2.

62 950 139 982 Ann.
152 949 195 979 D.

62 998 178 1064 2123'331

60 1076 149 1141 cing-(².

67 1153 109 1179 13·
124 1147 152 1170 E.
167 1150 191 1178 3.

59 1188 86 1219 p.
105 1190 176 1209 2.m.

64 1230 109 1258 39.
128 1219 155 1247 d.

77 2385 212 2422 ¹*V.n3.

85 2896 164 2929 Ann.
177 2895 219 2927 D.

112 2944 197 2975 1339·

86 2977 138 3003 An.
162 2983 205 3012 13.

87 3017 179 3088 {iuis}

93 3100 137 3127 ¹3-
151 3095 180 3117 Ε.
197 3099 221 3126 3.

89 3134 115 3166 p.
133 3138 204 3155 2.m.

96 3175 141 3203 35.
159 3166 185 3194 d.

762 195 873 236 ET
966 195 1237 236 ACTA

201 277 305 309 dietam
320 277 441 309 Navem
451 301 460 316 ,
477 279 534 308 una
545 288 613 309 cum
629 277 715 310 Bonis
728 279 762 310 &
778 279 978 313 Mercimoniis
986 303 997 319 ,
1014 281 1044 310 in
1056 279 1154 311 eadem
1168 280 1272 320 captis,

203 318 287 355 plene
309 318 343 348 ὅτ.
366 317 493 356 integre,
510 318 544 348 δε
568 316 670 355 absque
692 318 871 349 excusatione
885 318 1084 357 quacumque,
1102 318 1266 355 restituatis,

204 357 238 387 &
255 355 364 386 restitui
378 356 500 393 faciatis,
519 356 557 385 ita
571 355 670 394 quod,
688 357 719 386 in
734 356 817 386 vestri
840 357 1019 394 Defedmm,
1037 356 1207 395 Dampnum
1232 357 1266 387 &

204 393 341 425 Dedecus
356 394 386 423 in
399 394 452 424 hac
466 401 544 431 parte
557 393 714 424 nullatenus
725 395 911 425 incurramus.

241 432 280 477 Er
294 432 370 476 hoc,
387 431 456 462 sicut
471 431 556 470 Nos,
574 432 606 462 &
620 431 778 463 Honorem
798 433 929 464 nostrum
939 454 950 471 ,
965 431 1096 472 diligitis,
1115 432 1271 463 nullatenus

204 479 349 502 omittatis.

243 547 335 579 Teste
349 545 494 578 Edwardo
508 545 594 576 Duce
610 545 770 577 Cornubiae
784 546 818 576 &
833 545 954 576 Comite
967 544 1102 584 Cestriae,
1121 546 1194 577 Filio
1209 546 1272 577 Re-

205 583 587 664 {dirigisdfiiff‘sssl'aifustooe
607 584 718 623 Angliae
730 607 741 623 ,
769 584 842 622 apud
869 583 1111 624 Berkhamstede,
1135 585 1273 617 vicesimo

639 700 693 728 Per
709 696 791 737 tjpficm
807 697 944 738 Ctstodem
958 697 997 734 (θ’
1014 698 1166 729 Concilium.

212 827 261 858 De
278 824 416 871 Epiftopo
435 823 602 870 Offorienst,
619 821 711 867 fitpcr
729 820 863 855 haeretica
881 827 1060 866 Pravitate,
1067 836 1121 872 per
1143 823 1274 858 Archie·

368 872 519 919 piftopum
538 868 763 916 Dubliniensbm
785 869 912 904 indebite
934 877 1098 920 exagitato.

217 956 355 1017 REX,
373 955 495 987 Dilestis
510 957 543 987 δε
560 956 701 987 Fidelibus
713 956 780 994 suis,
790 955 914 988 Custodi
928 958 1029 989 Terrae
1042 959 1099 990 suae
1113 958 1274 998 Hiberniae,

294 996 328 1026 &
341 994 519 1025 Cancellatio
534 995 585 1026 suo
600 994 724 1034 ibidem,
742 995 878 1026 Salutem.

250 1033 331 1064 Cum
347 1042 452 1071 nuper,

247 1071 293 1103 Ad
309 1071 558 1109 significationem,
576 1071 751 1103 Venerabilis
764 1071 873 1111 Patris,
892 1072 1044 1104 Alexandri
1058 1073 1273 1114 Archiepiscopi

207 1108 408 1149 Dublinenfis,
425 1110 575 1141 Hiberniae
590 1110 737 1149 primatis,
756 1111 854 1149 nobis,
873 1122 922 1150 per
939 1112 1046 1143 Literas
1057 1113 1115 1143 suas
1129 1112 1271 1150 Patentes,

207 1150 236 1179 in
252 1148 428 1179 Cancellaria
442 1149 537 1179 nostra
552 1148 701 1179 Hiberm'ae
714 1148 817 1179 factam
827 1173 836 1186 ,

244 1186 427 1225 Accipientes
440 1188 539 1225 quOd,
557 1197 624 1218 cum
638 1187 794 1225 Ricardus,
812 1187 967 1228 Episcopus
982 1188 1169 1228 Offoriensts,

211 1225 330 1295 &Super
349 1226 480 1258 Fautoria
498 1226 652 1257 Haereticae
674 1226 820 1258 Pravitatis
841 1227 958 1258 notoria
976 1227 1160 1258 vehementer
1183 1227 1275 1265 suspe-

244 1275 274 1294 us
529 1290 533 1294 i

248 1287 388 1334 Pe’rsonali
402 1302 546 1335 Citatione
560 1302 742 1341 apprehensus
755 1302 788 1332 ad
810 1302 1054 1342 comparendum,
1072 1305 1154 1335 certis
1173 1304 1219 1334 die
1243 1305 1276 1335 &

211 1341 295 1380 loco,
314 1351 412 1372 coram
427 1342 544 1380 praefato
560 1341 888 1379 Archiepiscopo,super
902 1342 1060 1380 hujusmodi
1074 1343 1194 1373 fautoria
1202 1342 1276 1372 Hae-

212 1381 309 1411 reticae
332 1382 471 1418 pravitatis
495 1379 673 1418 responsurus
692 1380 725 1411 δί
742 1380 798 1418 juri
812 1381 964 1418 pariturus,
983 1391 1083 1411 coram
1101 1381 1204 1411 eodem
1219 1381 1275 1412 Ar-

211 1418 395 1456 chiepiscopo
410 1428 596 1458 comparere,
613 1427 659 1449 aut
673 1418 808 1449 mandatis
820 1418 873 1449 suis
886 1419 1002 1450 obedire
1015 1430 1076 1450 non
1091 1421 1215 1457 curavit,
1230 1418 1277 1449 sed

213 1459 423 1488 contumaciter
437 1458 464 1488 se
476 1457 645 1495 absentavit,

252 1495 308 1525 Per
321 1496 427 1526 diversa
443 1495 543 1526 Brevia
557 1496 667 1534 nostra,
685 1494 734 1525 sub
749 1494 865 1533 Sigillo,
885 1506 944 1533 quo
959 1496 1065 1527 utimur
1079 1497 1108 1526 in
1121 1495 1278 1532 Hibernia,

213 1533 327 1565 diversis
342 1534 369 1565 V
370 1534 568 1565 icecomitibus
581 1536 613 1566 ὃς
627 1534 685 1564 aliis
701 1533 840 1564 Ministris
856 1534 959 1565 nostris
974 1534 1080 1565 ibidem
1095 1536 1213 1565 exriterit
1228 1533 1279 1563 de-

215 1573 401 1610 mandatum,
419 1572 500 1611 quod
513 1573 562 1610 ipfi
577 1572 688 1603 dietum
702 1571 894 1610 Episcopum,
914 1573 1091 1611 ubicumque
1105 1573 1176 1603 infra
1198 1572 1281 1602 Balli-

214 1622 263 1642 vas
281 1611 339 1642 suas
359 1612 480 1642 inveniri
499 1611 692 1650 contingeret,
710 1610 768 1641 fine
787 1610 922 1642 dilatione
939 1611 1106 1649 arestarent,
1123 1612 1157 1642 &
1170 1610 1278 1648 ipsum,

215 1650 254 1680 fic
270 1649 450 1688 Arestatum,
468 1650 585 1688 praefato
604 1650 843 1688 Archiepiscopo,
862 1649 907 1680 vel
930 1649 986 1687 ejus
1005 1648 1163 1687 Ministris‚
1181 1649 1281 1679 libera-

215 1696 278 1719 rent
290 1688 486 1728 puniendum,
505 1688 562 1719 five
573 1688 765 1728 castigandum
774 1712 783 1725 ‚
800 1696 883 1724 prout
897 1687 1055 1718 Canonicae
1066 1688 1203 1718 di&arent
1211 1687 1282 1717 San-

215 1727 326 1796 &ignes
332 1750 343 1765 ,
361 1726 520 1766 Episcopali
534 1726 681 1767 Dignitate
694 1736 755 1757 non
765 1726 911 1758 obstante:

283 1774 294 1795 t

254 1788 334 1843 Qffia
348 1803 479 1842 praefatus
491 1803 647 1843 Episcopus
660 1813 676 1834 a
696 1802 934 1840 Gravaminibus,
953 1811 1053 1834 contra
1068 1803 1158 1842 ipsum
1171 1812 1221 1843 per
1241 1802 1295 1832 di*

217 1843 301 1874 &um
322 1842 592 1882 Archiepiscopum,
610 1843 641 1872 in
660 1842 776 1880 negotio
795 1841 953 1880 praedieto,
970 1842 1113 1880 indebite,
1132 1850 1161 1873 ut
1174 1841 1283 1880 asserit,

221 1880 285 1912 latis
299 1905 309 1919 ,
341 1881 376 1911 ad
402 1880 506 1911 Sedem
531 1879 730 1918 Apostolicam
756 1879 865 1910 directe
896 1880 1047 1918 appellavit
1061 1903 1072 1918 ,
1104 1881 1137 1912 &
1159 1879 1284 1918 ejusdem

223 1918 426 1957 Appellationis
440 1919 587 1959 negotium
599 1918 648 1949 diu
661 1918 823 1957 prosecutus
838 1918 908 1956 fuit,
927 1920 961 1950 ὃς
973 1918 1066 1950 adhuc
1081 1929 1149 1949 curn
1165 1919 1285 1956 diligen-

220 1958 262 1988 tia
277 1957 471 1996 prosequitur,
489 1957 558 1988 ficut
574 1967 623 1994 per
638 1957 825 1988 Instrumenta
840 1956 958 1987 Publica
971 1958 1004 1988 &
1020 1957 1083 1988 alias
1104 1957 1286 1996 Evidentias,

219 2005 320 2027 coram
339 1995 480 2026 Concilio
503 1995 603 2038 nostro
624 1996 735 2036 Angliae
753 1995 892 2033 exhibita,
910 1995 994 2033 plene
1015 1996 1125 2035 liquet,
1143 1997 1177 2028 &
1200 1997 1286 2027 etiam

217 2034 294 2076 juxta
308 2033 416 2064 statuta
431 2033 627 2064 Ecclenastica
640 2035 673 2066 &
689 2033 857 2064 Sanfflones
871 2034 1050 2073 Canonicas,

260 2072 337 2103 Non
351 2072 419 2103 licet
433 2072 516 2102 alicui
531 2071 738 2111 Praelatum,in
750 2071 907 2102 Pontificali
923 2072 1072 2111 Dignitate
1087 2071 1289 2111 constitutum,

223 2109 360 2148 arestare,
377 2111 422 2141 vel
442 2112 471 2141 in
491 2120 576 2150 eum,
592 2111 641 2141 sub
659 2111 756 2142 colore
777 2110 960 2142 Arestationis
980 2111 1141 2151 hujusmodi
1158 2135 1169 2150 ,
1188 2121 1286 2142 manus

224 2149 377 2186 imponere
389 2159 508 2187 quoquo
524 2149 632 2188 modo,

266 2185 501 2226 Considerantes,
518 2189 627 2218 attentis
641 2187 799 2226 praemiffis,
817 2187 893 2218 dieta
905 2187 1003 2219 Brevia
1017 2199 1033 2220 a
1048 2187 1225 2220 Cancellaria
1233 2198 1289 2219 no-

226 2224 285 2256 stra
299 2225 436 2263 praediera
448 2226 602 2264 surreptitie
617 2228 651 2258 &
666 2227 797 2257 erronice
814 2227 970 2265 emanasse,

264 2264 356 2295 Vobis
378 2264 545 2295 mandamus
561 2265 641 2303 quod
651 2288 661 2303 ,
678 2266 698 2295 fi
717 2265 877 2303 hujusmodi
894 2265 1046 2304 Mandata,
1066 2266 1095 2295 in
1108 2264 1204 2296 forma
1216 2275 1289 2303 prae-

225 2301 319 2341 dieta,
334 2303 454 2341 praefatis
470 2302 697 2334 Vicecomitibus
712 2304 746 2334 ὃς
760 2304 817 2334 aliis
831 2303 970 2334 Ministris
984 2304 1091 2334 direc‘ta
1105 2305 1226 2343 fuerint,
1243 2305 1288 2334 seu

226 2343 435 2378 emanaverint,
451 2351 520 2372 tunc
543 2342 641 2372 eadem
664 2342 815 2380 Mandata,
835 2352 899 2381 quae
921 2352 956 2372 ex
973 2343 1058 2373 causis
1080 2342 1225 2381 praemiffis
1240 2352 1290 2380 per

227 2380 375 2418 praesentes
398 2390 582 2418 revocamus,
600 2391 649 2420 per
670 2381 768 2412 Brevia
787 2381 805 2400 ²*
825 2381 875 2411 sub
895 2381 993 2421 Sigillo
1015 2380 1114 2412 nostro
1138 2381 1292 2419 praedidto,

228 2418 285 2449 fine
299 2418 434 2449 dilatione
448 2419 572 2449 similiter
588 2420 733 2456 revocari,
751 2420 785 2450 ὃς
800 2418 971 2450 Executioni
984 2420 1153 2450 eorumdem
1167 2420 1203 2450 de
1217 2429 1291 2456 prae-

226 2457 286 2488 fato
299 2456 443 2495 Episcopo
455 2456 620 2497 arestando,
637 2459 670 2490 &
684 2457 765 2488 dieto
779 2457 1004 2496 Archiepiscopo
1019 2457 1181 2497 liberando,
1199 2458 1294 2496 super-

227 2495 315 2526 sederi
329 2495 435 2526 faciatis
448 2497 583 2527 omnino.

227 2610 444 2689 ffinff‘iffimo'
464 2610 596 2642 Custode
617 2612 752 2650 Angliae‚
769 2611 843 2650 apud
865 2611 1123 2650 Berkhampstede,
1141 2613 1226 2643 tertio
1249 2611 1296 2642 die

309 2673 316 2679 ¹
973 2691 1027 2719 Per
1038 2688 1191 2719 Concilium.

408 2810 508 2858 Quod
522 2814 630 2858 Nigra
648 2814 778 2845 Moneta
795 2821 902 2846 currat
917 2816 949 2845 in
968 2810 1132 2846 Hibernia.

237 2895 351 2954 REX
362 2920 372 2935 ,
389 2895 514 2927 Custodi
527 2895 628 2928 Terrae
640 2896 696 2926 suae
710 2896 877 2937 Hiberniae,
894 2897 941 2930 vel
956 2898 1013 2937 ejus
1027 2897 1146 2929 Locum
1159 2897 1298 2935 Tenenti,

312 2936 448 2966 Salutem.

277 2973 362 3005 Licet
375 2983 481 3012 nuper,

276 3011 357 3044 Dato
379 3013 462 3043 nobis
482 3011 600 3050 intelligi
619 3011 700 3051 quod
721 3011 855 3051 quidam,
871 3011 1015 3043 Homines
1028 3011 1196 3051 Hibernici,
1214 3021 1303 3051 quan-

239 3049 305 3081 dam
320 3051 444 3090 Nigram
462 3050 630 3089 Monetam,
650 3059 782 3080 vocatam
797 3051 900 3081 Turne
919 3062 950 3090 s,
967 3053 995 3081 in
1013 3052 1135 3089 partibus
1151 3051 1300 3081 Hiberniae

239 3089 368 3120 fabricari
388 3090 518 3120 fecerunt
531 3112 539 3127 ,
558 3090 591 3120 δε
614 3090 673 3119 tam
691 3089 741 3127 ipsi
755 3114 764 3127 ‚
781 3090 867 3127 quam
888 3099 903 3119 a
915 3091 935 3119 ii
947 3112 956 3127 ,
974 3099 1025 3127 per
1046 3088 1200 3120 Monetam
1222 3089 1299 3119 illam

239 3126 445 3166 Mercandisas,
464 3127 619 3165 Vic‘iualia,
638 3128 671 3158 δε
691 3128 741 3157 alia
765 3136 882 3165 emunt,
900 3127 1028 3159 vendunt
1042 3152 1052 3165 ,
1071 3129 1105 3159 &
1128 3137 1299 3165 excercent,

239 3166 275 3196 ad
288 3166 538 3198 deteriorationem
553 3166 684 3197 Monetae
697 3166 802 3196 nossrae
817 3166 853 3196 de
868 3166 1068 3205 Sterlingo,&
1083 3166 1172 3197 nostri
1188 3165 1301 3204 Damp·

239 3214 310 3235 num
324 3215 384 3236 non
399 3205 548 3236 modicum
564 3206 597 3237 ὃς
611 3205 809 3243 praejudicium
824 3204 1022 3243 manifestum,

276 3243 368 3274 Vobis
389 3243 615 3274 mandaverimus
636 3243 716 3282 quod
737 3244 766 3272 in
781 3242 968 3282 Civitatibus,
987 3243 1101 3281 Burgis,
1120 3242 1200 3273 Villis
1215 3242 1301 3272 Mer-

237 3283 364 3320 catoriis,
382 3282 416 3312 ὅς
434 3281 491 3312 aliis
509 3281 596 3320 locis,
614 3282 642 3311 in
657 3281 750 3312 Terra
769 3281 921 3320 praediecs,
938 3281 1053 3319 publice
1066 3281 1249 3319 proclamari,
1267 3282 1301 3311 &

238 3329 273 3350 ex
293 3328 370 3357 parte
390 3319 487 3350 nostra
506 3320 624 3350 firmiter
640 3320 760 3350 inhiberi
782 3320 927 3358 faceretis,
953 3322 991 3350 ne
1014 3321 1076 3357 quis
1096 3319 1302 3358 Mercandisas‚

236 3357 395 3396 Vistualia,
413 3358 458 3388 seu
473 3358 524 3388 alia
537 3368 801 3397 quaecumque,per
817 3358 984 3396 praedicstam
997 3358 1120 3397 Nigram
1136 3358 1302 3396 Monetam,

238 3406 352 3434 emere,
370 3396 509 3435 vendere,
526 3396 572 3427 seu
586 3406 737 3427 excercere
750 3397 947 3436 praesumeret,
965 3397 1014 3428 sub
1034 3397 1211 3428 forisfaftura
1231 3396 1303 3427 Mo-

239 3443 314 3466 netae
328 3436 361 3466 δε
378 3434 490 3465 Rerum
505 3434 669 3465 earumdem
679 3458 688 3472 ,

279 3473 359 3512 Quia
375 3480 488 3511 tamen,
507 3482 541 3503 ex
554 3480 633 3510 parte
647 3472 870 3504 Commuuitatis
890 3473 991 3504 Terrae
1013 3473 1119 3504 nostrae
1143 3472 1303 3512 praedictae,

240 3513 403 3550 accepimus
423 3510 521 3549 quod,
541 3519 678 3549 praetextu
696 3510 876 3542 Inhibitionis
896 3513 930 3542 ὃς
952 3512 1185 3542 Proclamationis
1200 3512 1303 3550 praedi-

240 3551 352 3581 &arum
366 3572 375 3588 ,
401 3551 557 3580 maximum
578 3549 750 3587 Dampnum
764 3574 774 3587 ,
799 3550 858 3580 tam
880 3549 964 3580 nobis
979 3574 989 3588 ,
1018 3551 1105 3588 quam
1126 3549 1303 3580 Hominibus

239 3588 342 3620 Terrae
365 3587 472 3618 nostrae
492 3586 651 3626 praedictae,
668 3597 722 3625 pro
742 3586 855 3618 defeetu
879 3587 1012 3618 Monetae
1032 3587 1069 3618 de
1090 3589 1246 3627 Sterlingo,
1265 3599 1302 3619 eo

240 3627 319 3666 quod
341 3626 416 3657 dicta
438 3625 534 3662 Nigra
555 3624 678 3656 Moneta
697 3625 804 3656 ibidem
823 3634 857 3656 ex
871 3626 953 3657 causa
966 3626 1100 3664 praedicta
1115 3636 1227 3657 currere
1240 3637 1302 3657 non

240 3665 352 3704 potest,
370 3664 406 3695 de
428 3664 474 3694 die
496 3665 527 3693 in
541 3662 619 3693 diem
631 3665 740 3703 evenit,
758 3665 791 3695 &
808 3664 935 3704 Majora,
954 3665 1087 3703 processu
1101 3666 1255 3703 temporis,
1273 3675 1303 3695 e-

241 3705 341 3736 venire
361 3702 566 3741 formidantur,
584 3701 634 3732 nifi
655 3701 735 3741 super
750 3702 809 3734 hoc
821 3703 938 3734 celerius
954 3712 1110 3742 apponatur
1125 3703 1303 3734 Remedium

241 3752 263 3774 ο
284 3751 421 3774 ortunum

263 3753 416 3812 PVolentes
427 3766 547 3811 ²utilitati
568 3778 691 3820 nostrast,
709 3778 743 3810 ὃς
755 3778 922 3810 Hominum
935 3778 1102 3811 nostrorum
1113 3779 1215 3810 Terrae
1229 3789 1305 3819 prae-

242 3816 344 3858 dietae,
363 3819 522 3860 prospicere
536 3819 567 3848 in
579 3818 726 3885 hacdmte

279 3857 372 3889 Vobis
393 3857 556 3888 mandamus
577 3858 637 3894 quo
672 3878 682 3893 ,
699 3855 797 3885 habito
821 3864 891 3886 cum
913 3856 965 3886 illis
985 3855 1022 3887 de
1043 3855 1181 3886 Concilio
1201 3855 1301 3887 nostro

242 3895 364 3934 partium
379 3897 487 3932 illarum
504 3894 686 3926 Avisamento
700 3893 865 3936 pleniori—,si
876 3895 959 3924 vobis
972 3893 1102 3925 constare
1110 3894 1213 3931 poterit
1221 3895 1302 3933 quod

241 3934 328 3971 majus
340 3934 544 3966 Commodum
557 3934 641 3964 nobis
655 3933 689 3964 δε
701 3931 881 3962 Hominibus
891 3931 993 3963 Terrae
1007 3932 1150 3970 praedietae
1163 3933 1304 3964 accresce-

241 3979 299 4009 ret,
317 3971 339 4002 fi
352 3973 511 4012 hujusmodi
524 3972 618 4012 Nigra
633 3970 756 4001 Moneta
770 3970 878 4000 ibidem
893 3979 1005 4008 currat,
1016 3972 1103 4009 quam
1115 3970 1254 4003 Inhibitio
1268 3972 1301 4003 &

242 4007 435 4042 Proclamatio
456 4011 601 4052 praedizstae
621 4017 765 4041 teneantur
779 4032 790 4048 ,
813 4016 882 4038 tunc
905 4009 935 4038 in
958 4007 1127 4040 Civitatibus
1140 4032 1150 4048 ,
1183 4009 1282 4050 Burgis
1295 4033 1305 4048 ,

243 4047 324 4078 Villis
342 4048 541 4089 Memnonis,
559 4050 593 4080 &
616 4049 673 4080 aliis
697 4048 802 4084 Locis,
820 4048 848 4077 in
870 4046 960 4077 Terra
980 4047 1134 4087 praedidta,
1151 4048 1212 4082 tam
1231 4048 1306 4082 insta

241 4083 417 4125 ubertates,
434 4088 521 4126 quam
533 4096 625 4127 extra,
641 4087 692 4119 ubi
705 4085 836 4126 expedire
849 4084 990 4126 videritis,

236 2578 239 2579 ’
266 2570 357 2602 Teste
372 2570 518 2603 Edwardo
533 2572 622 2604 Duce
637 2571 796 2603 Cornubiae
810 2573 844 2603 ὃ(
858 2572 979 2603 Comite
993 2572 1131 2611 Cestrize,
1149 2573 1222 2604 Filio
1233 2569 1306 2602 Rei

1320 193 1787 236 PUBLICA.
2316 207 2371 247 47

1345 277 1464 308 Publice
1480 279 1648 316 proclamari
1662 280 1767 311 faciatis
1782 278 1862 319 quod
1876 278 1952 311 dicta
1965 277 2062 316 Nigra
2080 277 2203 309 Moneta
2219 278 2250 308 in
2272 277 2366 309 Terra
2390 278 2516 311 Ann.D.

1303 316 1438 356 praediCta
1451 325 1559 355 currat,
1581 320 1615 349 &
1629 318 1662 348 ea
1676 318 1782 348 ibidem
1799 326 1906 357 utatur,
1924 318 2071 356 quousque
2091 317 2128 348 de
2149 316 2201 348 alia
2222 316 2363 356 Moneta,
2401 328 2486 358 1339.

1303 364 1357 392 pro
1371 355 1465 385 Terra
1478 356 1614 393 praedicta
1622 379 1632 394 ,
1645 356 1790 395 provideri
1800 357 2018 389 fecerimusael
2031 357 2109 386 aliter
2123 356 2190 386 inde
2204 355 2366 386 duxerimus
2384 360 2449 386 Ειιν.
2470 366 2500 396 3,

1305 392 1550 431 demandandum,
1566 394 1794 426 proclamatione
1809 396 1842 427 ὃς
1856 392 2032 426 Iiihibitione
2051 394 2207 433 praediffis,
2224 404 2275 432 per
2298 403 2370 438 vos,

1299 431 1378 469 juxta
1394 430 1565 462 Mandatum
1578 433 1710 463 nostrum
1723 433 1999 473 praedietumflobis
2014 434 2089 472 prius
2105 432 2371 472 direerumfiaffis,

1306 479 1368 500 non
1382 469 1569 501 obstantibus.

1326 544 1432 589 ‘Teste
1445 545 1588 579 Edwardo
1601 547 1688 579 Duce
1701 547 1860 579 Cornubiae
1874 549 1908 579 ὃς
1923 547 2043 579 Comite
2057 547 2192 586 Cestriae,
2213 547 2284 578 Filio
2304 547 2368 578 Re-

1305 591 1352 652 Ξιίεὲ
1360 584 1518 660 effligimo,
1538 584 1668 617 Custode
1685 587 1794 627 Angliae
1804 610 1814 626 ,
1829 588 1902 626 apud
1920 586 2174 625 Berkhampstede,
2191 586 2370 618 duodecimo

1746 703 1799 731 Per
1815 701 1896 741 ipfitm
1910 700 2045 740 Custodem
2059 701 2097 736 ὠ·
2111 699 2263 732 Concilium.

1311 832 1474 867 Concordia
1497 837 1577 868 inter
1598 837 1707 916 Reggem
1736 835 1851 881 Angliae
1875 838 1912 873 (ῤ’
1933 838 2050 869 Ducem
2075 833 2262 878 Brabantiae,
2281 836 2373 882 fhper

1496 883 1628 929 sponfhli
1648 895 1701 926 us,
1725 886 1762 921 ὠ·
1778 882 1949 926 Succeffione
1970 883 2014 916 ad
2032 887 2175 931 Regnum.

1372 967 1498 1006 Dward,
1516 977 1565 1005 par
1585 967 1609 997 la
1629 976 1712 1007 grace
1730 966 1766 997 de
1786 966 1880 1005 Dieu,
1899 967 1961 998 Roi
1981 967 2189 1008 d’Engleterre,
2207 969 2279 999 Sires
2301 968 2372 999 d’Ir-

1390 1006 1493 1044 laund,
1510 1007 1544 1037 &
1560 1005 1642 1036 Ducs
1656 1005 1834 1044 d’Aquitain,
1853 1006 2021 1045 &Johans,
2040 1017 2087 1044 par
2102 1007 2162 1037 cele
2176 1008 2292 1037 meisme
2310 1017 2372 1047 gra-
2408 1010 2416 1016 ⁴

1312 1053 1365 1082 ce,
1385 1043 1466 1074 Ducs
1480 1044 1517 1074 de
1532 1043 1684 1083 Lothrice,
1703 1044 1741 1074 de
1752 1044 1889 1083 Brabant,
1907 1045 1942 1076 &
1961 1044 1998 1075 de
2016 1045 2226 1084 Lembourgh,
2244 1046 2276 1076 &
2292 1046 2373 1077 Mar—

1314 1085 1376 1120 quis
1390 1083 1429 1113 du
1445 1082 1523 1113 Seint
1538 1081 1672 1120 Empire,

1350 1120 1510 1151 SavotR
1532 1128 1714 1150 FAtsoNz
1732 1130 1753 1151 A
1770 1129 1880 1151 ’rovz
1898 1132 1969 1160 que,

1350 1158 1430 1189 Pour
1443 1159 1534 1189 norrir
1548 1157 1631 1196 paiz,
1650 1158 1779 1197 Amour,
1798 1161 1831 1190 &
1847 1159 1974 1197 Amiste,
1993 1168 2070 1191 entre
2090 1170 2178 1199 nous,

1314 1207 1367 1228 nos
1380 1197 1581 1235 Success'ours,
1600 1207 1652 1227 nos
1668 1196 1784 1235 Gentz,
1804 1197 1837 1227 &
1852 1208 1903 1227 nos
1917 1197 1996 1236 Pais,

1350 1235 1388 1266 Et
1405 1246 1478 1273 pour
1491 1245 1525 1265 ce
1537 1236 1601 1265 auxi
1618 1245 1673 1273 que
1688 1234 1858 1273 Marchant,
1875 1236 1907 1266 &
1923 1245 1993 1266 touz
2008 1237 2144 1267 manieres
2163 1237 2199 1268 de
2220 1236 2319 1274 Gent,
2337 1236 2374 1267 de

1315 1284 1366 1304 nos
1382 1274 1458 1312 Pais,
1478 1274 1606 1312 peuss'ent
1617 1274 1677 1311 plus
1689 1274 1882 1313 segurement,
1901 1274 1934 1305 &
1955 1275 2016 1314 plus
2038 1276 2247 1314 paisiblement,
2261 1276 2317 1306 aler
2340 1277 2374 1306 δε

1315 1313 1395 1343 venir
1408 1336 1418 1352 ,
1443 1314 1476 1344 &
1498 1311 1710 1343 Marchandises
1733 1313 1826 1343 courir
1840 1335 1850 1351 ,
1873 1321 1932 1343 tant
1953 1323 2003 1351 par
2027 1312 2118 1344 Terre
2134 1336 2144 1352 ,
2161 1324 2249 1345 come
2273 1324 2320 1353 par
2333 1314 2378 1346 Y-

1315 1361 1375 1383 awe

1353 1374 1442 1420 N⁷ous
1459 1405 1508 1411 ›--
1533 1388 1607 1419 Rois
1629 1389 1663 1419 &
1684 1387 1766 1420 Ducs
1789 1389 1892 1420 devant
1912 1399 2003 1420 nome
2015 1413 2025 1427 ,
2055 1399 2154 1420 avoms
2174 1390 2324 1428 pourparle
2343 1386 2385 1422 &¹

1314 1429 1465 1466 pourtraite
1474 1452 1483 1466 ,
1501 1429 1577 1458 heuz
1589 1427 1653 1458 sour
1666 1437 1721 1458 ceo
1735 1427 1830 1459 Grant
1843 1427 1949 1458 Consel
1963 1429 1998 1459 &
2014 1438 2113 1458 meure
2125 1427 2323 1459 Deliberation
2343 1429 2381 1460 de

1315 1476 1369 1496 nos
1390 1466 1451 1504 plus
1475 1475 1575 1503 grantz
1593 1465 1691 1504 AmiS,
1709 1476 1766 1496 une
1788 1466 1930 1505 Mariage,
1950 1476 1966 1496 a
1984 1466 2052 1496 faire
2073 1474 2152 1496 entre
2174 1476 2226 1496 nos
2240 1466 2381 1504 Enfantz,

1316 1515 1389 1542 pour
1404 1505 1430 1534 le
1441 1504 1544 1542 proufit
1559 1504 1596 1535 de
1609 1514 1698 1543 nous,
1716 1505 1750 1535 δε
1765 1504 1880 1543 d‘iau1x‚
1898 1505 1932 1535 &
1947 1504 1984 1534 de
1999 1513 2070 1535 touz
2083 1515 2135 1534 nos
2147 1504 2224 1543 Pais,

1354 1542 1433 1573 C'est
1454 1543 1589 1582 affavoir,
1607 1543 1643 1573 de
1658 1559 1709 1564 —
1725 1543 1843 1573 Edward
1862 1543 1954 1573 ainsne
1968 1542 2030 1573 Filz
2045 1554 2060 1573 a
2075 1552 2154 1574 nouz
2171 1560 2222 1564 —
2240 1543 2308 1584 Roy
2322 1543 2384 1574 des-

1315 1581 1412 1619 susdit,
1431 1582 1464 1612 &
1477 1581 1513 1611 de
1531 1580 1719 1620 Marguerite,
1739 1581 1809 1611 Fille
1823 1592 1837 1611 a
1850 1591 1922 1612 nous
1939 1598 1990 1603 ——
2008 1581 2078 1612 Duc
2093 1581 2186 1612 deffus
2199 1591 2308 1621 nome,

1358 1619 1378 1639 ²*
1396 1620 1426 1649 Si
1443 1629 1532 1649 avons
1552 1619 1656 1658 Nous,
1674 1620 1735 1650 Roi
1755 1619 1904 1658 deffusdit,
1921 1630 1937 1649 a
1955 1630 1995 1650 no
2015 1619 2113 1659 Cosyn
2135 1621 2162 1651 le
2180 1637 2230 1640 ——
2249 1620 2320 1652 Duc
2333 1620 2384 1652 de-

1319 1665 1389 1688 vant
1403 1667 1493 1687 nome
1508 1659 1623 1696 promiz
1635 1659 1669 1689 &
1684 1667 1721 1688 en
1737 1666 1882 1696 convent,
1895 1668 1944 1695 par
1959 1658 2021 1697 Foy
2036 1659 2070 1688 δε
2081 1669 2130 1696 par
2143 1659 2384 1698 Sarement‚t0u-

1320 1696 1396 1726 chies
1410 1696 1449 1726 les
1464 1696 1573 1727 Seintes
1588 1696 1764 1736 Evangilles‚
1783 1706 1830 1734 par
1845 1696 1910 1725 loial
1922 1695 2119 1728 Convenance
2134 1698 2167 1728 &
2177 1697 2312 1728 solemnel
2326 1698 2383 1729 Sti-

1320 1734 1442 1772 pilacion
1453 1757 1462 1771 ,
1480 1745 1536 1773 que
1547 1744 1619 1765 nous
1634 1734 1782 1773 Currons,
1800 1734 1994 1772 Procurrons,
2013 1735 2047 1764 ὃς
2063 1734 2297 1766 Pourchacerons
2312 1747 2386 1776 que,

1321 1773 1426 1804 dedens
1440 1773 1524 1812 l’An,
1544 1783 1600 1811 que
1614 1772 1737 1804 Edward
1753 1783 1806 1803 nos
1819 1772 1879 1803 ditz
1893 1772 1955 1803 Firz
1969 1772 2023 1802 sera
2037 1783 2133 1804 venuz
2149 1784 2184 1804 en
2199 1783 2250 1804 ave
2263 1774 2299 1805 de
2315 1775 2386 1806 Ma-

1321 1813 1395 1851 rier,
1412 1822 1429 1851 y
1449 1811 1567 1849 prendra
1580 1822 1596 1842 a
1607 1811 1670 1842 loial
1692 1811 1812 1841 Femme
1825 1812 1859 1842 ὃς
1874 1810 1998 1849 Espouse
2011 1810 2175 1842 Damoisele
2189 1798 2390 1853 Nfarguerete,

1323 1851 1391 1881 Fille
1406 1861 1421 1880 a
1434 1850 1530 1881 nostre
1547 1850 1588 1880 dit
1603 1849 1699 1890 Cosyn
1713 1851 1739 1880 le
1756 1867 1805 1871 —-
1823 1849 1902 1880 Duc.

1358 1889 1396 1920 Et
1416 1899 1507 1927 nous,
1523 1888 1606 1919 Ducs
1625 1888 1662 1919 de
1678 1889 1799 1920 Brabant
1821 1888 1913 1918 dessus
1935 1896 2062 1927 nomez,
2079 1888 2147 1919 auffi
2161 1899 2250 1920 avons
2264 1900 2301 1920 en
2314 1899 2387 1921 con-

1322 1936 1407 1965 vent,
1423 1938 1458 1957 en
1473 1927 1548 1958 ceste
1563 1927 1679 1957 meisme
1692 1928 1815 1958 maniere
1828 1926 2053 1965 deseurditte,au
2069 1927 2139 1965 Roy
2153 1927 2250 1958 deseur
2266 1937 2387 1968 nomez,

1323 1977 1379 2005 que
1399 1976 1471 1997 nous
1493 1966 1641 2003 Currons,
1658 1965 1854 2002 Procurrons,
1870 1966 1904 1996 ὃς
1925 1964 2160 1996 Pourchacerons
2177 1976 2234 2004 que
2249 1966 2388 2004 Margue-

1323 2013 1400 2043 rete,
1419 2004 1517 2035 nostre
1533 2005 1603 2035 Fille
1617 2004 1795 2043 devantdite,
1813 2003 1949 2042 prendra,
1967 2003 2072 2034 dedens
2091 2004 2118 2034 le
2137 2013 2229 2043 temps
2248 2006 2392 2044 desuzdit,

1306 2054 1309 2055 ⁷
1322 2055 1340 2075 a
1351 2043 1414 2074 loial
1428 2043 1512 2083 Mary
1526 2045 1560 2075 &
1576 2041 1689 2081 Espouz
1702 2043 1728 2074 le
1743 2043 1887 2075 devantdit
1904 2058 1955 2064 -
1972 2042 2106 2074 Edward.

1362 2082 1387 2112 E
1399 2091 1422 2112 N
1431 2092 1474 2112 co
1486 2092 1508 2113 R
1520 2092 1537 2112 E
1557 2092 1645 2113 avons
1658 2081 1745 2113 Nous
1759 2091 1796 2112 en
1810 2089 1952 2119 convent,
1970 2091 2043 2111 nous
2058 2081 2140 2121 Roys
2152 2081 2255 2113 devant
2270 2092 2392 2121 nomes,

1326 2131 1382 2159 que
1404 2131 1476 2151 nous
1496 2121 1623 2151 donrons
1644 2121 1678 2151 &
1697 2120 1888 2158 affignerons,
1907 2130 1981 2157 pour
1992 2119 2018 2150 le
2031 2120 2072 2151 dit
2088 2119 2237 2157 Mariage,
2255 2130 2270 2150 a
2286 2121 2310 2151 la
2332 2121 2390 2151 dite

1326 2159 1490 2190 Damoisele
1512 2159 1708 2199 Marguerete,
1727 2169 1763 2189 en
1785 2168 1865 2189 noun
1878 2158 1915 2188 de
1931 2158 2055 2196 Doaire,
2074 2159 2107 2189 ὃς
2122 2169 2193 2196 pour
2208 2158 2333 2197 Doaire,
2352 2169 2391 2190 en

1326 2198 1422 2229 nostre
1436 2197 1498 2228 Pais
1510 2198 1721 2235 d'Engleterre,
1741 2205 1805 2228 tout
1817 2197 1883 2227 auffi
1896 2205 1975 2236 grant
1990 2197 2116 2235 Doaire,
2135 2206 2254 2227 comme
2268 2198 2286 2227 il
2302 2197 2332 2227 fu
2341 2199 2393 2236 ,δεῖ

1327 2236 1385 2276 est,
1402 2237 1508 2274 affigne
1521 2247 1536 2267 a
1545 2259 1554 2275 ,
1571 2237 1666 2266 nostre
1680 2236 1822 2267 Trescher
1836 2237 1869 2267 δε
1884 2236 1977 2266 Amee
1991 2235 2104 2274 Darne,
2123 2235 2261 2266 Madame
2275 2236 2389 2275 Ysabel²

1326 2276 1448 2313 Roigne
1462 2275 1665 2314 d'Engleterre.

1365 2314 1390 2345 E
1399 2323 1421 2345 N
1431 2324 1474 2345 co
1483 2324 1507 2346 R
1519 2323 1537 2344 E
1555 2324 1644 2346 avons
1658 2313 1747 2344 Nous
1763 2323 1800 2343 en
1810 2321 1950 2351 convent,
1969 2322 2042 2342 nous
2056 2312 2136 2343 Roiz
2149 2313 2252 2344 devant
2266 2323 2395 2352 nomez,

1328 2363 1385 2391 que
1400 2353 1439 2383 s’il
1453 2353 1568 2384 avenoit
1581 2352 1683 2390 chose,
1702 2363 1758 2391 que
1769 2352 1805 2382 de
1819 2362 1858 2382 no
1874 2351 1916 2382 dit
1933 2351 1976 2381 Fil
1992 2351 2170 2382 —Edward
2179 2375 2189 2390 ,
2209 2353 2242 2383 ὃς
2257 2351 2294 2382 de
2308 2352 2334 2382 la
2347 2352 2392 2382 di-

1327 2393 1375 2422 c'te
1387 2392 1550 2423 Damoisele
1561 2391 1757 2431 Marguerete,
1773 2391 1859 2421 Heirs
1873 2389 1979 2420 Masses
1995 2400 2041 2420 nas
2048 2389 2101 2420 kist
2109 2413 2119 2428 ,
2137 2391 2171 2421 ὃς
2183 2399 2246 2421 nozv
2255 2390 2316 2421 ditz
2337 2390 2394 2421 Fils

1330 2429 1376 2461 Ed
1382 2430 1459 2460 ward
1472 2431 1576 2461 devant
1591 2440 1662 2460 nous
1677 2429 1828 2467 trespaffast
1839 2429 1876 2459 de
1888 2428 1949 2459 cest
1963 2428 2060 2466 siecle,

1369 2468 1457 2500 Nous
1471 2469 1624 2500 Ferriemes
1639 2469 1673 2500 ὃς
1691 2468 1960 2506 pourchaceriemez
1977 2477 2012 2505 qe
2025 2467 2044 2497 li
2059 2466 2143 2497 Heirs
2156 2466 2195 2497 du
2213 2466 2254 2498 dit
2276 2466 2399 2500 Edward

1331 2507 1414 2538 seroit
1429 2507 1565 2539 Aheritez
1577 2507 1613 2538 de
1627 2506 1723 2537 nostre
1738 2505 1892 2544 Roialme,
1909 2506 1943 2536 &
1956 2504 1991 2535 de
2002 2515 2055 2536 nos
2066 2505 2242 2544 Seignories,
2260 2505 2331 2536 PAR
2351 2515 2397 2537 LA

1333 2546 1434 2577 GREY
1455 2555 1498 2576 ET
1517 2546 1808 2576 CONSENTEMENT
1827 2554 1869 2574 DE
1889 2543 2051 2574 BARoNNs
2095 2553 2152 2574 Das
2175 2544 2330 2583 NonLEs,
2350 2553 2396 2575 ET

1336 2593 1394 2615 Das
1413 2584 1519 2615 BoNEs
1533 2585 1675 2622 Vrnnns,
1694 2593 1735 2614 Di:
1756 2591 1891 2613 NosTRE
1906 2582 1998 2619 PA1s5
2016 2566 2078 2613 saus
2087 2592 2122 2613 ce
2135 2593 2188 2620 que
2202 2583 2219 2612 li
2236 2582 2295 2613 dirz
2308 2583 2396 2614 Heirs

1334 2623 1398 2654 feist
1413 2623 1590 2654 convenable
1606 2622 1730 2652 Affenne
1747 2622 1780 2652 δε
1797 2621 1985 2652 Pourveance
1999 2630 2014 2650 a
2031 2631 2083 2651 nos
2097 2629 2185 2651 autres
2199 2621 2325 2651 Enfants.

1372 2661 1425 2699 Et,
1443 2662 1483 2692 s'il
1506 2662 1620 2693 avenoit
1641 2661 1728 2692 chose
1749 2670 1806 2698 que
1823 2659 1850 2699 ly
1872 2659 1931 2690 ditz
1950 2658 2091 2691 Edwarde
2111 2659 2261 2698 trespassast
2282 2659 2318 2690 de
2334 2659 2396 2691 cest

1337 2700 1436 2738 fiecle,
1453 2700 1518 2730 sanz
1531 2700 1605 2731 Heir
1620 2698 1729 2737 Massc,
1747 2699 1782 2729 &
1795 2698 1894 2729 laisiast
1910 2698 1995 2736 Fille,
2014 2708 2053 2728 ou
2068 2697 2166 2736 Filles,
2183 2697 2220 2728 de
2234 2698 2284 2729 son
2300 2708 2402 2738 corps,

1337 2749 1426 2778 nous,
1443 2749 1482 2770 ou
1497 2749 1537 2769 no
1551 2739 1640 2776 Heir,
1655 2738 1682 2769 se
1697 2738 1733 2769 de
1748 2746 1826 2768 nouz
1839 2736 1990 2774 defailloit,
2009 2736 2144 2766 seriemez
2155 2744 2221 2766 tenu
2237 2736 2343 2775 d’Elle,
2359 2747 2399 2768 ou

1337 2777 1439 2808 d’Elles
1459 2789 1474 2808 a
1495 2778 1649 2815 pourveoir
1669 2778 1703 2808 ὃς
1726 2776 1793 2806 faire
1808 2775 2020 2815 Assignement,
2036 2785 2071 2804 en
2082 2775 2129 2805 tie}
2145 2776 2287 2814 maniere,
2306 2775 2399 2815 Qu.

1339 2824 1541 2847 APARTtENT
1560 2825 1604 2847 ET
1621 2823 1755 2846 AFFERT
1774 2824 1793 2844 A
1813 2814 1932 2844 F1LLes
1952 2822 1992 2843 DE
2012 2813 2090 2843 Rot.

1376 2854 1414 2885 Et
1432 2853 1457 2884 E
1467 2862 1574 2885 NcoR
1584 2864 1602 2885 E
1621 2864 1707 2892 nouS,
1726 2852 1776 2884 Ro
1795 2862 1807 2882 s
1821 2851 1917 2883 deseur
1930 2860 2055 2890 nomez,
2066 2861 2140 2889 pour
2155 2859 2214 2882 tant
2231 2861 2287 2889 que
2301 2852 2321 2882 li
2341 2851 2403 2884 ditz

1340 2891 1487 2932 Mariagez
1499 2903 1536 2923 ne
1549 2893 1577 2923 se
1587 2901 1654 2933 peut
1667 2901 1773 2929 acomp
1785 2893 1808 2921 ir
1821 2890 1906 2921 saunz
1920 2889 1947 2920 Ie
1959 2889 2056 2921 Grace
2072 2891 2106 2921 ὅτ.
2127 2889 2329 2928 Dispensacion
2347 2891 2401 2929 de,

1338 2931 1435 2962 nostre
1448 2931 1526 2962 Seint
1541 2931 1636 2970 Piere,
1654 2930 1681 2960 le
1696 2929 1790 2968 Pape,
1807 2938 1880 2960 nous
1893 2936 2089 2967 promettons,
2105 2929 2138 2960 &
2159 2939 2248 2960 avons
2271 2939 2307 2959 en
2328 2939 2400 2960 con-

1339 2978 1424 3009 vent,
1440 2980 1476 3000 en
1492 2970 1516 3000 la
1529 2971 1653 3000 maniere
1666 2968 1856 3006 deseurdi&e‚
1871 2978 1887 2997 a
1902 2977 1942 2998 no
1954 2967 1995 2998 dit
2009 2966 2107 3011 Cosyn
2128 2967 2154 2997 le
2172 2984 2222 2988 ——
2239 2966 2328 3005 Duc,
2345 2977 2403 3005 que

1339 3018 1411 3039 nous
1425 3009 1634 3047 purchacerons
1666 3017 1682 3037 a
1697 3015 1756 3037 noz
1770 3007 1856 3045 fraiz,
1876 3007 1910 3038 &
1923 3016 1938 3035 a
1953 3015 2012 3036 noz
2026 3006 2164 3044 delpenz,
2182 3004 2286 3035 dedens
2294 3005 2402 3036 leTer-

1338 3057 1386 3078 me
1401 3046 1532 3086 desusdit,
1551 3057 1599 3085 par
1613 3032 1733 3083 l’Eglize
1746 3045 1782 3076 de
1799 3061 1850 3066 —
1868 3044 2015 3083 Romme,
2028 3045 2064 3074 de
2077 3043 2154 3074 oster
2166 3052 2236 3087 touz
2250 3043 2288 3074 les
2301 3053 2402 3082 empe-

1338 3085 1517 3123 schementz,
1539 3087 1587 3130 qui
1601 3085 1726 3122 sont‚ou
1743 3084 1815 3114 estre
1829 3084 1993 3121 porroient,
2011 3093 2058 3120 par
2072 3083 2141 3120 quoi
2153 3082 2172 3111 li
2187 3081 2247 3113 ditz
2260 3081 2404 3123 Mariages

1338 3134 1423 3162 porra
1437 3123 1510 3154 estre
1525 3124 1593 3155 faitz
1606 3124 1640 3155 &
1653 3123 1770 3161 perfaitz
1785 3124 1977 3153 entierement.

1378 3162 1415 3193 Et
1437 3172 1509 3193 nous
1529 3162 1613 3201 ausii,
1633 3161 1703 3192 Dux
1726 3161 1762 3191 de
1776 3161 1896 3191 Brabant
1909 3159 2012 3191 devant
2025 3158 2102 3197 ditz,
2121 3166 2263 3189 metteron
2279 3167 2361 3190 toute
2373 3160 2399 3190 la

1340 3201 1437 3231 bonne
1453 3201 1605 3240 diligence,
1621 3210 1677 3239 que
1699 3209 1770 3230 nous
1791 3208 1947 3237 pourrons,
1962 3208 1977 3228 a
1996 3205 2137 3236 empetrer
2151 3198 2185 3229 &
2197 3197 2402 3235 pourchachier

1339 3239 1364 3269 la
1376 3239 1451 3270 diere
1464 3238 1684 3277 Dispensacion,
1699 3238 1763 3268 sanz
1779 3237 1851 3268 male
1867 3237 1979 3273 engine.

1378 3277 1402 3308 E
1412 3286 1434 3307 N
1443 3287 1459 3308 c
1469 3288 1489 3308 o
1498 3288 1521 3308 R
1530 3288 1548 3309 E
1568 3278 1676 3308 saisonz
1691 3287 1750 3307 noz
1756 3276 1860 3312 savoir,
1881 3285 1952 3305 nous
1970 3291 2020 3295 ——
2038 3273 2120 3313 Roys
2134 3273 2237 3305 devant
2250 3283 2403 3313 nommez,

1340 3326 1395 3355 que
1409 3327 1480 3346 nous
1489 3339 1499 3355 ,
1514 3326 1586 3356 pour
1601 3316 1739 3356 affegurer
1753 3316 1779 3345 le
1790 3314 1832 3345 dit
1847 3312 1990 3352 Mariage,
2010 3323 2025 3342 a
2037 3313 2121 3351 faire,
2138 3314 2173 3356 βε
2187 3323 2202 3342 a
2217 3312 2404 3355 parfaire,re-

1339 3355 1505 3392 cogniffons
1523 3365 1579 3394 que
1599 3356 1670 3385 nous
1692 3363 1780 3384 avons
1802 3353 1856 3390 pris
1871 3353 1904 3382 ὃ(
1919 3361 2003 3382 recen
2015 3351 2051 3381 de
2064 3361 2104 3380 no
2116 3350 2158 3382 dit
2172 3350 2261 3381 Cohn
2276 3350 2301 3380 le

1341 3393 1425 3432 Duc,
1443 3404 1479 3424 en
1502 3404 1580 3424 noun
1599 3393 1745 3430 d'Aerrm,
1765 3392 1798 3422 &
1820 3400 1893 3428 pour
1907 3390 2024 3428 Aerres,
2039 3389 2237 3427 Chienquante
2251 3388 2337 3418 Mille
2351 3388 2403 3418 Li-

1340 3442 1420 3463 veres
1432 3431 1631 3469 d’Esterlinges
1646 3431 1855 3469 d’Engleterre,
1874 3439 1890 3459 a
1905 3428 1975 3459 celle
1992 3428 2031 3457 fin
2044 3438 2099 3466 que
2113 3438 2184 3457 nous
2198 3437 2287 3458 avons
2302 3437 2399 3458 cneo-

1326 3479 1424 3509 ‚vent,
1440 3481 1512 3508 pour
1534 3480 1623 3507 nous,
1641 3479 1693 3500 nos
1715 3469 1817 3505 Heirs,
1835 3468 1868 3498 ὃ(
1887 3466 2088 3503 Succeffours‚
2107 3476 2142 3495 en
2164 3466 2190 3495 le
2214 3475 2328 3496 manere
2349 3464 2400 3496 de-

1323 3506 1329 3541 ’,
1341 3509 1458 3547 susdite,
1477 3509 1510 3539 &
1532 3519 1580 3546 par
1600 3508 1774 3546 Stipulacion
1794 3506 1939 3543 solennes,
1956 3516 1971 3535 a
1995 3504 2091 3535 nostre
2111 3504 2151 3534 dit
2165 3502 2254 3534 Cosin
2270 3504 2296 3534 le

1341 3547 1429 3586 Duc,
1445 3549 1478 3578 &
1492 3558 1507 3577 a
1521 3548 1547 3577 sa
1562 3547 1638 3577 dicte
1654 3546 1737 3584 Fille,
1755 3545 1791 3575 de
1807 3543 1904 3574 rendre
1918 3543 1955 3573 les
1969 3543 2030 3573 ditz
2047 3543 2146 3572 Aerres
2166 3552 2200 3571 en
2223 3542 2345 3579 double,
2364 3552 2402 3572 en

1341 3596 1386 3617 cas
1400 3596 1454 3624 que
1468 3596 1555 3623 nous,
1576 3596 1615 3616 ou
1630 3594 1690 3615 noz
1704 3584 1764 3614 ditz
1779 3583 1862 3620 Firz,
1879 3582 2013 3612 seriemez
2027 3592 2062 3611 en
2076 3581 2170 3611 defaut
2182 3580 2350 3618 d'acomplir
2362 3580 2402 3610 les

1342 3623 1550 3655 Convenances
1562 3623 1601 3654 du
1616 3622 1744 3661 Mariage
1758 3621 1897 3657 desumit,
1915 3619 1982 3649 c'est
1995 3630 2010 3649 a
2021 3620 2098 3656 dire,
2117 3627 2184 3650 cent
2199 3618 2283 3649 Mille
2300 3618 2401 3649 Livres

1341 3663 1389 3693 des
1412 3663 1579 3701 Esterlinges
1600 3661 1766 3697 deffulditz;
1784 3660 1822 3689 les
1866 3658 1949 3688 uelles
1971 3657 2075 3696 Nous,
2095 3668 2135 3688 no
2158 3658 2245 3695 Heir,
2265 3667 2305 3688 ou
2328 3657 2402 3688 Suc-

1342 3701 1449 3732 celseur
1462 3725 1472 3740 ,
1489 3701 1637 3731 serriemez
1657 3709 1724 3730 tenu
1742 3699 1778 3728 de
1798 3707 1846 3727 ren
1869 3707 1898 3727 re
1911 3719 1920 3734 ,
1938 3697 1972 3727 &
1992 3696 2028 3727 de
2046 3698 2121 3734 paier
2140 3706 2174 3727 au
2194 3696 2234 3726 dit
2257 3695 2341 3734 Duc,
2359 3705 2402 3726 no

1341 3739 1448 3778 Cosin,
1464 3751 1479 3770 a
1491 3739 1529 3769 ses
1545 3739 1647 3775 HeirS,
1662 3748 1702 3768 ou
1716 3748 1731 3768 a
1744 3738 1782 3767 ses
1795 3735 1997 3772 SuccessourS,
2015 3734 2130 3765 dedeins
2143 3734 2168 3765 la
2183 3733 2257 3764 Ville
2270 3734 2307 3765 de
2323 3734 2403 3765 Mal-

1340 3778 1393 3808 lins
1407 3788 1442 3808 en
1457 3777 1593 3815 Brabant,
1610 3776 1647 3806 de
1661 3777 1687 3806 le
1702 3774 1825 3806 Diocese
1839 3773 1874 3804 de
1886 3773 2029 3813 Cambray
2038 3797 2048 3811 ,
2065 3772 2186 3803 dedeinz
2197 3772 2283 3803 Trois
2304 3771 2403 3812 Mois,

1341 3827 1419 3857 apres
1433 3816 1510 3846 chou
1526 3825 1582 3853 que
1598 3824 1685 3852 nous,
1704 3824 1743 3844 ou
1759 3822 1818 3844 noz
1832 3813 1894 3843 ditz
1906 3812 1982 3848 Filz,
1999 3812 2108 3842 auriens
2121 3810 2178 3842 este
2193 3821 2230 3842 en
2244 3811 2338 3842 defaut
2345 3811 2403 3842 d'a-

1343 3855 1465 3892 complir
1479 3855 1505 3884 le
1520 3854 1648 3892 Mariage
1662 3853 1745 3884 desuz
1759 3861 1898 3888 nomme,
1913 3850 1998 3881 saunz
2010 3859 2085 3881 autre
2097 3850 2262 3890 Somonce,
2278 3860 2319 3882 ou
2328 3850 2402 3883 Am-

1344 3893 1552 3925 monestement
1565 3892 1633 3922 faire
1640 3914 1650 3930 ‚

1383 3932 1472 3962 Avoir
1493 3940 1565 3961 touz
1585 3930 1696 3968 Coms,
1714 3927 1847 3959 Miffions
1861 3950 1871 3965 ,
1889 3926 2017 3965 Despens
2029 3951 2039 3964 ,
2057 3927 2091 3959 &
2108 3925 2230 3966 Interes²
2247 3936 2304 3965 que
2324 3926 2342 3956 li
2360 3926 2402 3957 dit

1344 3971 1431 4008 Dux,
1450 3969 1469 3999 fi
1491 3969 1580 4006 Heir,
1597 3978 1636 3999 ou
1659 3966 1848 4005 Succeffo'ur,
1865 3967 1991 4004 porroit,
2008 3975 2048 3996 ou
2068 3967 2231 4004 purroient,
2247 3966 2327 3996 avoir
2346 3973 2400 4002 eu,

1345 4019 1384 4039 ou
1400 4007 1510 4038 sustenu
1523 4017 1560 4038 en
1575 4006 1725 4044 poursuant
1740 4006 1766 4035 le
1779 4006 1820 4036 dit
1834 4004 1982 4043 Mariage,
1997 4014 2037 4035 ou
2052 4014 2089 4035 en
2103 4004 2264 4043 l’ocquison
2275 4002 2382 4041 d'ycely
2391 4025 2403 4040 ,

1341 4047 1431 4087 jeskes
1448 4056 1464 4076 a
1486 4046 1511 4076 la
1530 4045 1641 4078 somme
1659 4044 1696 4076 de
1717 4042 1796 4076 Cent
1816 4042 1902 4076 Mille
1922 4042 2022 4075 Livres
2049 4042 2086 4075 de
2103 4043 2130 4076 le
2149 4043 2271 4075 Moneie
2298 4041 2404 4073 devant

1347 4094 1487 4124 nomme3
2359 4113 2408 4148 De

2419 995 2466 1015 nn.
2480 984 2522 1016 D,

2414 1033 2500 1065 1339.

2390 1068 2442 1091 An.
2463 1072 2506 1099 13.

2390 1107 2420 1129 E.
2439 1111 2463 1138 3.

2321 1161 2326 1165 .
2389 1140 2510 1167 Aleman.

2196 1170 2250 1191 nos
2268 1158 2372 1198 Heus,
2396 1188 2438 1214 14·
2451 1182 2482 1205 E.
2499 1187 2526 1214 3·

2394 1226 2430 1245 m.
2447 1215 2494 1244 28.

2402 1642 2534 1677 *v.1141
