<?xml version="1.0" encoding="UTF-8"?>
<!DOCTYPE html PUBLIC "-//W3C//DTD XHTML 1.0 Transitional//EN"
    "http://www.w3.org/TR/xhtml1/DTD/xhtml1-transitional.dtd">
<html xmlns="http://www.w3.org/1999/xhtml" xml:lang="en" lang="en">
 <head>
  <title>
</title>
<meta http-equiv="Content-Type" content="text/html;charset=utf-8" />
  <meta name='ocr-system' content='tesseract 3.04.00' />
  <meta name='ocr-capabilities' content='ocr_page ocr_carea ocr_par ocr_line ocrx_word'/>
</head>
<body>
  <div class='ocr_page' id='page_1' title='image "./fderaconventione02ryme_0756.png"; bbox 0 0 2562 4279; ppageno 0'>
   <div class='ocr_carea' id='block_1_1' title="bbox 190 118 272 155">
    <p class='ocr_par' dir='ltr' id='par_1_1' title="bbox 190 118 272 155">
     <span class='ocr_line' id='line_1_1' title="bbox 190 118 272 155; baseline -0.024 0"><span class='ocrx_word' id='word_1_1' title='bbox 190 118 272 155; x_wconf 86' lang='lat'>106</span> 
     </span>
    </p>
   </div>
   <div class='ocr_carea' id='block_1_2' title="bbox 39 189 1250 390">
    <p class='ocr_par' dir='ltr' id='par_1_2' title="bbox 39 189 1250 390">
     <span class='ocr_line' id='line_1_2' title="bbox 41 189 1249 235; baseline -0.01 -6"><span class='ocrx_word' id='word_1_2' title='bbox 41 195 171 229; x_wconf 76' lang='lat' dir='ltr'>Ann-D·</span> <span class='ocrx_word' id='word_1_3' title='bbox 189 199 301 235; x_wconf 75' lang='lat' dir='ltr'>derare,</span> <span class='ocrx_word' id='word_1_4' title='bbox 320 198 352 228; x_wconf 64' lang='grc' dir='ltr'>ὃς</span> <span class='ocrx_word' id='word_1_5' title='bbox 373 196 486 226; x_wconf 73' lang='lat' dir='ltr'>ulterius</span> <span class='ocrx_word' id='word_1_6' title='bbox 505 193 595 225; x_wconf 86' lang='lat' dir='ltr'>facere</span> <span class='ocrx_word' id='word_1_7' title='bbox 613 194 689 232; x_wconf 88' lang='lat' dir='ltr'>quod</span> <span class='ocrx_word' id='word_1_8' title='bbox 713 193 842 229; x_wconf 66' lang='lat' dir='ltr'>debebit,</span> <span class='ocrx_word' id='word_1_9' title='bbox 862 192 942 231; x_wconf 85' lang='lat' dir='ltr'>quia,</span> <span class='ocrx_word' id='word_1_10' title='bbox 957 200 1007 228; x_wconf 89' lang='lat' dir='ltr'>per</span> <span class='ocrx_word' id='word_1_11' title='bbox 1028 189 1086 220; x_wconf 90' lang='lat' dir='ltr'>Dei</span> <span class='ocrx_word' id='word_1_12' title='bbox 1110 189 1249 227; x_wconf 81' lang='lat' dir='ltr'>gratiam,</span> 
     </span>
     <span class='ocr_line' id='line_1_3' title="bbox 62 229 1250 273; baseline -0.011 -5"><span class='ocrx_word' id='word_1_13' title='bbox 62 243 146 273; x_wconf 84' lang='lat'>1341·</span> <span class='ocrx_word' id='word_1_14' title='bbox 190 239 270 267; x_wconf 72' lang='lat' dir='ltr'>vobis</span> <span class='ocrx_word' id='word_1_15' title='bbox 285 240 317 267; x_wconf 67' lang='grc' dir='ltr'>ὃς</span> <span class='ocrx_word' id='word_1_16' title='bbox 339 235 434 265; x_wconf 78' lang='lat' dir='ltr'>vestris</span> <span class='ocrx_word' id='word_1_17' title='bbox 448 234 570 271; x_wconf 79' lang='lat' dir='ltr'>semper,</span> <span class='ocrx_word' id='word_1_18' title='bbox 588 233 660 269; x_wconf 77' lang='lat' dir='ltr'>juxta</span> <span class='ocrx_word' id='word_1_19' title='bbox 676 231 835 262; x_wconf 84' lang='lat' dir='ltr'>mensuram</span> <span class='ocrx_word' id='word_1_20' title='bbox 848 229 986 268; x_wconf 78' lang='lat' dir='ltr'>Impensae</span> <span class='ocrx_word' id='word_1_21' title='bbox 999 229 1117 266; x_wconf 66' lang='lat' dir='ltr'>vestr-ae,</span> <span class='ocrx_word' id='word_1_22' title='bbox 1141 234 1250 265; x_wconf 89' lang='lat' dir='ltr'>gratam</span> 
     </span>
     <span class='ocr_line' id='line_1_4' title="bbox 39 270 722 311; baseline -0.01 -5"><span class='ocrx_word' id='word_1_23' title='bbox 39 275 108 302; x_wconf 54' lang='grc' dir='ltr'>Σίν·</span> <span class='ocrx_word' id='word_1_24' title='bbox 130 283 155 310; x_wconf 85' lang='lat'>3·</span> <span class='ocrx_word' id='word_1_25' title='bbox 191 277 325 308; x_wconf 76' lang='lat' dir='ltr'>faciemus</span> <span class='ocrx_word' id='word_1_26' title='bbox 339 283 391 311; x_wconf 89' lang='lat' dir='ltr'>pro</span> <span class='ocrx_word' id='word_1_27' title='bbox 405 273 508 302; x_wconf 87' lang='lat' dir='ltr'>viribus</span> <span class='ocrx_word' id='word_1_28' title='bbox 524 270 722 310; x_wconf 85' lang='lat' dir='ltr'>Repensivam.</span> 
     </span>
     <span class='ocr_line' id='line_1_5' title="bbox 228 307 1228 345; baseline -0.009 -2"><span class='ocrx_word' id='word_1_29' title='bbox 228 312 390 343; x_wconf 79' lang='lat' dir='ltr'>Celiitudini</span> <span class='ocrx_word' id='word_1_30' title='bbox 412 310 510 340; x_wconf 67' lang='lat' dir='ltr'>vestr-&gt;e</span> <span class='ocrx_word' id='word_1_31' title='bbox 525 310 614 339; x_wconf 83' lang='lat' dir='ltr'>donet</span> <span class='ocrx_word' id='word_1_32' title='bbox 630 307 786 339; x_wconf 81' lang='lat' dir='ltr'>Altiffimus</span> <span class='ocrx_word' id='word_1_33' title='bbox 799 308 906 337; x_wconf 72' lang='lat' dir='ltr'>votivae</span> <span class='ocrx_word' id='word_1_34' title='bbox 920 307 1057 338; x_wconf 83' lang='lat' dir='ltr'>felicitatis</span> <span class='ocrx_word' id='word_1_35' title='bbox 1071 311 1228 345; x_wconf 84' lang='lat' dir='ltr'>augmenta.</span> 
     </span>
     <span class='ocr_line' id='line_1_6' title="bbox 224 345 905 390; baseline -0.009 -9"><span class='ocrx_word' id='word_1_36' title='bbox 224 351 291 382; x_wconf 79' lang='lat' dir='ltr'>Dat.</span> <span class='ocrx_word' id='word_1_37' title='bbox 307 349 380 390; x_wconf 86' lang='lat' dir='ltr'>apud</span> <span class='ocrx_word' id='word_1_38' title='bbox 397 348 523 378; x_wconf 82' lang='lat' dir='ltr'>Westm.</span> <span class='ocrx_word' id='word_1_39' title='bbox 535 347 650 383; x_wconf 86' lang='lat' dir='ltr'>decimo</span> <span class='ocrx_word' id='word_1_40' title='bbox 663 355 763 386; x_wconf 77' lang='lat' dir='ltr'>quarto</span> <span class='ocrx_word' id='word_1_41' title='bbox 775 345 905 385; x_wconf 90' lang='lat' dir='ltr'>dieJulii.</span> 
     </span>
    </p>
   </div>
   <div class='ocr_carea' id='block_1_3' title="bbox 33 469 1267 3917">
    <p class='ocr_par' dir='ltr' id='par_1_3' title="bbox 33 469 1255 638">
     <span class='ocr_line' id='line_1_7' title="bbox 33 469 1120 521; baseline -0.002 -15"><span class='ocrx_word' id='word_1_42' title='bbox 33 486 170 521; x_wconf 60' lang='lat' dir='ltr'>⁰V.265-</span> <span class='ocrx_word' id='word_1_43' title='bbox 316 473 343 501; x_wconf 60' lang='lat'>²¹⁶</span> <span class='ocrx_word' id='word_1_44' title='bbox 365 477 412 508; x_wconf 83' lang='lat' dir='ltr'>De</span> <span class='ocrx_word' id='word_1_45' title='bbox 429 471 674 508; x_wconf 69' lang='lat' dir='ltr'>conventionibus</span> <span class='ocrx_word' id='word_1_46' title='bbox 691 485 761 506; x_wconf 82' lang='lat' dir='ltr'>cum</span> <span class='ocrx_word' id='word_1_47' title='bbox 783 475 914 506; x_wconf 76' lang='lat' dir='ltr'>Domino</span> <span class='ocrx_word' id='word_1_48' title='bbox 931 470 967 504; x_wconf 84' lang='lat' dir='ltr'>de</span> <span class='ocrx_word' id='word_1_49' title='bbox 984 469 1120 504; x_wconf 80' lang='lat' dir='ltr'>Lebreto.</span> 
     </span>
     <span class='ocr_line' id='line_1_8' title="bbox 44 555 1254 600; baseline -0.006 -8"><span class='ocrx_word' id='word_1_50' title='bbox 44 560 116 592; x_wconf 69' lang='lat' dir='ltr'>Arm.</span> <span class='ocrx_word' id='word_1_51' title='bbox 130 559 171 591; x_wconf 87' lang='lat' dir='ltr'>D.</span> <span class='ocrx_word' id='word_1_52' title='bbox 263 560 287 592; x_wconf 82' lang='lat' dir='ltr'>E</span> <span class='ocrx_word' id='word_1_53' title='bbox 297 558 345 600; x_wconf 85' lang='lat' dir='ltr'>X,</span> <span class='ocrx_word' id='word_1_54' title='bbox 361 559 516 592; x_wconf 81' lang='lat' dir='ltr'>Senescallo</span> <span class='ocrx_word' id='word_1_55' title='bbox 531 560 582 590; x_wconf 86' lang='lat' dir='ltr'>suo</span> <span class='ocrx_word' id='word_1_56' title='bbox 598 558 761 596; x_wconf 78' lang='lat' dir='ltr'>Vasconiae,</span> <span class='ocrx_word' id='word_1_57' title='bbox 770 558 804 589; x_wconf 68' lang='grc' dir='ltr'>ὃ(</span> <span class='ocrx_word' id='word_1_58' title='bbox 817 557 1036 588; x_wconf 85' lang='lat' dir='ltr'>Constabulario</span> <span class='ocrx_word' id='word_1_59' title='bbox 1047 556 1098 587; x_wconf 90' lang='lat' dir='ltr'>suo</span> <span class='ocrx_word' id='word_1_60' title='bbox 1111 555 1254 592; x_wconf 84' lang='lat' dir='ltr'>Burdega-</span> 
     </span>
     <span class='ocr_line' id='line_1_9' title="bbox 60 593 1255 638; baseline -0.003 -10"><span class='ocrx_word' id='word_1_61' title='bbox 60 607 143 637; x_wconf 83' lang='lat'>1341.</span> <span class='ocrx_word' id='word_1_62' title='bbox 275 600 335 638; x_wconf 87' lang='lat' dir='ltr'>liae,</span> <span class='ocrx_word' id='word_1_63' title='bbox 355 601 402 638; x_wconf 85' lang='lat' dir='ltr'>qui</span> <span class='ocrx_word' id='word_1_64' title='bbox 426 608 503 630; x_wconf 86' lang='lat' dir='ltr'>nunc</span> <span class='ocrx_word' id='word_1_65' title='bbox 526 599 605 636; x_wconf 87' lang='lat' dir='ltr'>sunt,</span> <span class='ocrx_word' id='word_1_66' title='bbox 624 599 657 629; x_wconf 89' lang='lat'>&amp;</span> <span class='ocrx_word' id='word_1_67' title='bbox 672 599 721 636; x_wconf 86' lang='lat' dir='ltr'>qui</span> <span class='ocrx_word' id='word_1_68' title='bbox 736 607 787 635; x_wconf 86' lang='lat' dir='ltr'>pro</span> <span class='ocrx_word' id='word_1_69' title='bbox 802 606 930 636; x_wconf 88' lang='lat' dir='ltr'>tempore</span> <span class='ocrx_word' id='word_1_70' title='bbox 942 604 1037 633; x_wconf 89' lang='lat' dir='ltr'>erunt,</span> <span class='ocrx_word' id='word_1_71' title='bbox 1055 605 1088 626; x_wconf 89' lang='lat' dir='ltr'>ac</span> <span class='ocrx_word' id='word_1_72' title='bbox 1103 595 1159 625; x_wconf 89' lang='lat' dir='ltr'>aliis</span> <span class='ocrx_word' id='word_1_73' title='bbox 1175 593 1255 636; x_wconf 80' lang='lat' dir='ltr'>Offi-</span> 
     </span>
    </p>

    <p class='ocr_par' dir='ltr' id='par_1_4' title="bbox 39 632 1254 708">
     <span class='ocr_line' id='line_1_10' title="bbox 39 632 1254 708; baseline -0.007 -38"><span class='ocrx_word' id='word_1_74' title='bbox 39 642 90 667; x_wconf 67' lang='lat' dir='ltr'>An.</span> <span class='ocrx_word' id='word_1_75' title='bbox 115 647 122 665; x_wconf 87' lang='lat'>¹</span> <span class='ocrx_word' id='word_1_76' title='bbox 128 647 156 673; x_wconf 86' lang='lat'>5·</span> <span class='ocrx_word' id='word_1_77' title='bbox 190 638 312 708; x_wconf 81' lang='lat' dir='ltr'>cialibusS</span> <span class='ocrx_word' id='word_1_78' title='bbox 327 640 359 670; x_wconf 62' lang='grc' dir='ltr'>ὃς</span> <span class='ocrx_word' id='word_1_79' title='bbox 379 638 519 669; x_wconf 85' lang='lat' dir='ltr'>Ministris</span> <span class='ocrx_word' id='word_1_80' title='bbox 538 638 655 676; x_wconf 87' lang='lat' dir='ltr'>nostris,</span> <span class='ocrx_word' id='word_1_81' title='bbox 672 637 701 667; x_wconf 92' lang='lat' dir='ltr'>in</span> <span class='ocrx_word' id='word_1_82' title='bbox 722 636 840 667; x_wconf 85' lang='lat' dir='ltr'>Ducatu</span> <span class='ocrx_word' id='word_1_83' title='bbox 856 635 956 666; x_wconf 83' lang='lat' dir='ltr'>nostro</span> <span class='ocrx_word' id='word_1_84' title='bbox 971 634 1131 674; x_wconf 69' lang='lat' dir='ltr'>Aquitaniae</span> <span class='ocrx_word' id='word_1_85' title='bbox 1146 632 1254 664; x_wconf 83' lang='lat' dir='ltr'>consti—</span> 
     </span>
    </p>

    <p class='ocr_par' dir='ltr' id='par_1_5' title="bbox 40 678 425 711">
     <span class='ocr_line' id='line_1_11' title="bbox 40 678 425 711; baseline 0.003 -7"><span class='ocrx_word' id='word_1_86' title='bbox 40 681 68 705; x_wconf 73' lang='grc' dir='ltr'>Ε.</span> <span class='ocrx_word' id='word_1_87' title='bbox 93 685 118 711; x_wconf 87' lang='lat'>3.</span> <span class='ocrx_word' id='word_1_88' title='bbox 190 678 256 707; x_wconf 84' lang='lat' dir='ltr'>tutis</span> <span class='ocrx_word' id='word_1_89' title='bbox 313 678 425 708; x_wconf 85' lang='lat' dir='ltr'>alutem.</span> 
     </span>
    </p>

    <p class='ocr_par' dir='ltr' id='par_1_6' title="bbox 42 700 1254 755">
     <span class='ocr_line' id='line_1_12' title="bbox 42 700 1254 755; baseline -0.007 -7"><span class='ocrx_word' id='word_1_90' title='bbox 42 714 107 748; x_wconf 75' lang='lat' dir='ltr'>Vasc-</span> <span class='ocrx_word' id='word_1_91' title='bbox 129 722 173 749; x_wconf 82' lang='lat'>¹5-</span> <span class='ocrx_word' id='word_1_92' title='bbox 229 700 273 746; x_wconf 57' lang='lat' dir='ltr'>Ei?</span> <span class='ocrx_word' id='word_1_93' title='bbox 294 725 385 755; x_wconf 86' lang='lat' dir='ltr'>parte,</span> <span class='ocrx_word' id='word_1_94' title='bbox 403 715 505 746; x_wconf 70' lang='lat' dir='ltr'>nobilis</span> <span class='ocrx_word' id='word_1_95' title='bbox 528 715 562 746; x_wconf 71' lang='lat' dir='ltr'>sc</span> <span class='ocrx_word' id='word_1_96' title='bbox 578 713 673 744; x_wconf 59' lang='lat' dir='ltr'>dilecti</span> <span class='ocrx_word' id='word_1_97' title='bbox 687 714 720 744; x_wconf 86' lang='lat'>&amp;</span> <span class='ocrx_word' id='word_1_98' title='bbox 734 712 822 743; x_wconf 75' lang='lat' dir='ltr'>fidelis</span> <span class='ocrx_word' id='word_1_99' title='bbox 836 712 941 752; x_wconf 69' lang='lat' dir='ltr'>nostri,</span> <span class='ocrx_word' id='word_1_100' title='bbox 960 711 1093 743; x_wconf 69' lang='lat' dir='ltr'>Bernardi</span> <span class='ocrx_word' id='word_1_101' title='bbox 1109 710 1173 741; x_wconf 82' lang='lat' dir='ltr'>Ezii</span> <span class='ocrx_word' id='word_1_102' title='bbox 1187 708 1254 740; x_wconf 85' lang='lat' dir='ltr'>Do-</span> 
     </span>
    </p>

    <p class='ocr_par' dir='ltr' id='par_1_7' title="bbox 39 752 904 792">
     <span class='ocr_line' id='line_1_13' title="bbox 39 752 904 792; baseline -0.007 -5"><span class='ocrx_word' id='word_1_103' title='bbox 39 755 71 780; x_wconf 69' lang='grc' dir='ltr'>Ε·</span> <span class='ocrx_word' id='word_1_104' title='bbox 93 761 118 787; x_wconf 88' lang='lat'>3-</span> <span class='ocrx_word' id='word_1_105' title='bbox 190 755 261 785; x_wconf 86' lang='lat' dir='ltr'>mini</span> <span class='ocrx_word' id='word_1_106' title='bbox 276 754 312 784; x_wconf 91' lang='lat' dir='ltr'>de</span> <span class='ocrx_word' id='word_1_107' title='bbox 328 755 470 792; x_wconf 87' lang='lat' dir='ltr'>Lebreto,</span> <span class='ocrx_word' id='word_1_108' title='bbox 487 755 568 784; x_wconf 86' lang='lat' dir='ltr'>nobis</span> <span class='ocrx_word' id='word_1_109' title='bbox 581 752 622 784; x_wconf 90' lang='lat' dir='ltr'>est</span> <span class='ocrx_word' id='word_1_110' title='bbox 636 753 836 792; x_wconf 84' lang='lat' dir='ltr'>supplicatum,</span> <span class='ocrx_word' id='word_1_111' title='bbox 858 761 904 790; x_wconf 86' lang='lat' dir='ltr'>ut,</span> 
     </span>
    </p>

    <p class='ocr_par' dir='ltr' id='par_1_8' title="bbox 39 790 988 831">
     <span class='ocr_line' id='line_1_14' title="bbox 39 790 988 831; baseline -0.006 -5"><span class='ocrx_word' id='word_1_112' title='bbox 39 799 75 818; x_wconf 70' lang='lat'><em>’⁷¹-</em></span> <span class='ocrx_word' id='word_1_113' title='bbox 103 798 146 825; x_wconf 88' lang='lat'>¹7·</span> <span class='ocrx_word' id='word_1_114' title='bbox 226 792 307 823; x_wconf 77' lang='lat' dir='ltr'>Cum</span> <span class='ocrx_word' id='word_1_115' title='bbox 324 803 377 824; x_wconf 88' lang='lat' dir='ltr'>nos</span> <span class='ocrx_word' id='word_1_116' title='bbox 392 803 481 831; x_wconf 88' lang='lat' dir='ltr'>nuper</span> <span class='ocrx_word' id='word_1_117' title='bbox 496 791 712 823; x_wconf 88' lang='lat' dir='ltr'>Conventiones</span> <span class='ocrx_word' id='word_1_118' title='bbox 725 792 758 822; x_wconf 64' lang='grc' dir='ltr'>ὃς</span> <span class='ocrx_word' id='word_1_119' title='bbox 773 790 988 827; x_wconf 84' lang='lat' dir='ltr'>Concordiam,</span> 
     </span>
    </p>

    <p class='ocr_par' dir='ltr' id='par_1_9' title="bbox 184 827 1253 977">
     <span class='ocr_line' id='line_1_15' title="bbox 223 827 1252 871; baseline -0.006 -10"><span class='ocrx_word' id='word_1_120' title='bbox 223 830 298 862; x_wconf 81' lang='lat' dir='ltr'>Inter</span> <span class='ocrx_word' id='word_1_121' title='bbox 314 843 365 863; x_wconf 86' lang='lat' dir='ltr'>vos</span> <span class='ocrx_word' id='word_1_122' title='bbox 386 836 395 864; x_wconf 95' lang='lat'><em>(</em></span> <span class='ocrx_word' id='word_1_123' title='bbox 406 832 521 871; x_wconf 82' lang='lat' dir='ltr'>praefate</span> <span class='ocrx_word' id='word_1_124' title='bbox 534 830 700 869; x_wconf 85' lang='lat' dir='ltr'>Senescalle,</span> <span class='ocrx_word' id='word_1_125' title='bbox 719 830 769 868; x_wconf 90' lang='lat' dir='ltr'>qui</span> <span class='ocrx_word' id='word_1_126' title='bbox 784 839 862 860; x_wconf 91' lang='lat' dir='ltr'>nunc</span> <span class='ocrx_word' id='word_1_127' title='bbox 874 829 956 865; x_wconf 86' lang='lat' dir='ltr'>estis)</span> <span class='ocrx_word' id='word_1_128' title='bbox 974 827 1074 857; x_wconf 88' lang='lat' dir='ltr'>nostro</span> <span class='ocrx_word' id='word_1_129' title='bbox 1089 827 1207 856; x_wconf 85' lang='lat' dir='ltr'>nomine</span> <span class='ocrx_word' id='word_1_130' title='bbox 1217 834 1252 856; x_wconf 87' lang='lat' dir='ltr'>ex</span> 
     </span>
     <span class='ocr_line' id='line_1_16' title="bbox 186 865 1253 910; baseline -0.006 -10"><span class='ocrx_word' id='word_1_131' title='bbox 186 879 263 910; x_wconf 87' lang='lat' dir='ltr'>parte</span> <span class='ocrx_word' id='word_1_132' title='bbox 285 870 358 907; x_wconf 68' lang='lat' dir='ltr'>una,</span> <span class='ocrx_word' id='word_1_133' title='bbox 377 872 429 910; x_wconf 70' lang='grc' dir='ltr'>ὃς,</span> <span class='ocrx_word' id='word_1_134' title='bbox 446 870 592 901; x_wconf 79' lang='lat' dir='ltr'>Nobilem</span> <span class='ocrx_word' id='word_1_135' title='bbox 615 868 786 906; x_wconf 83' lang='lat' dir='ltr'>Mulierem,</span> <span class='ocrx_word' id='word_1_136' title='bbox 802 868 933 898; x_wconf 81' lang='lat' dir='ltr'>Matham</span> <span class='ocrx_word' id='word_1_137' title='bbox 955 866 991 896; x_wconf 90' lang='lat' dir='ltr'>de</span> <span class='ocrx_word' id='word_1_138' title='bbox 1005 866 1029 895; x_wconf 90' lang='lat' dir='ltr'>le</span> <span class='ocrx_word' id='word_1_139' title='bbox 1046 865 1126 902; x_wconf 85' lang='lat' dir='ltr'>Bret,</span> <span class='ocrx_word' id='word_1_140' title='bbox 1145 865 1253 909; x_wconf 80' lang='lat' dir='ltr'>Domi-</span> 
     </span>
     <span class='ocr_line' id='line_1_17' title="bbox 184 904 1253 977; baseline -0.004 -39"><span class='ocrx_word' id='word_1_141' title='bbox 184 918 254 977; x_wconf 61' lang='lat' dir='ltr'>lriam</span> <span class='ocrx_word' id='word_1_142' title='bbox 267 909 303 940; x_wconf 90' lang='lat' dir='ltr'>de</span> <span class='ocrx_word' id='word_1_143' title='bbox 319 909 493 941; x_wconf 86' lang='lat' dir='ltr'>Montinhac</span> <span class='ocrx_word' id='word_1_144' title='bbox 508 909 542 940; x_wconf 90' lang='lat'>&amp;</span> <span class='ocrx_word' id='word_1_145' title='bbox 555 908 591 939; x_wconf 90' lang='lat' dir='ltr'>de</span> <span class='ocrx_word' id='word_1_146' title='bbox 607 907 736 946; x_wconf 85' lang='lat' dir='ltr'>Gensac,</span> <span class='ocrx_word' id='word_1_147' title='bbox 751 917 784 937; x_wconf 84' lang='lat' dir='ltr'>ex</span> <span class='ocrx_word' id='word_1_148' title='bbox 794 905 898 944; x_wconf 66' lang='lat' dir='ltr'>altera,</span> <span class='ocrx_word' id='word_1_149' title='bbox 916 906 996 936; x_wconf 83' lang='lat' dir='ltr'>initas</span> <span class='ocrx_word' id='word_1_150' title='bbox 1007 905 1040 935; x_wconf 84' lang='lat'>&amp;</span> <span class='ocrx_word' id='word_1_151' title='bbox 1053 904 1156 943; x_wconf 61' lang='lat' dir='ltr'>faetus,</span> <span class='ocrx_word' id='word_1_152' title='bbox 1174 904 1253 935; x_wconf 88' lang='lat' dir='ltr'>vide-</span> 
     </span>
    </p>

    <p class='ocr_par' dir='ltr' id='par_1_10' title="bbox 206 957 252 978">
     <span class='ocr_line' id='line_1_18' title="bbox 206 957 252 978; baseline 0 0"><span class='ocrx_word' id='word_1_153' title='bbox 206 957 252 978; x_wconf 89' lang='lat' dir='ltr'>cer</span> 
     </span>
    </p>

    <p class='ocr_par' dir='ltr' id='par_1_11' title="bbox 186 970 1254 1186">
     <span class='ocr_line' id='line_1_19' title="bbox 225 970 1252 1026; baseline -0.005 -10"><span class='ocrx_word' id='word_1_154' title='bbox 225 970 319 1026; x_wconf 59' lang='lat' dir='ltr'>OEiod</span> <span class='ocrx_word' id='word_1_155' title='bbox 336 986 412 1016; x_wconf 66' lang='lat' dir='ltr'>dieta</span> <span class='ocrx_word' id='word_1_156' title='bbox 432 985 531 1017; x_wconf 84' lang='lat' dir='ltr'>Matha</span> <span class='ocrx_word' id='word_1_157' title='bbox 552 985 662 1016; x_wconf 87' lang='lat' dir='ltr'>cederet</span> <span class='ocrx_word' id='word_1_158' title='bbox 683 986 716 1016; x_wconf 72' lang='grc' dir='ltr'>δε</span> <span class='ocrx_word' id='word_1_159' title='bbox 737 984 909 1015; x_wconf 80' lang='lat' dir='ltr'>concederet</span> <span class='ocrx_word' id='word_1_160' title='bbox 930 983 1012 1014; x_wconf 85' lang='lat' dir='ltr'>nobis</span> <span class='ocrx_word' id='word_1_161' title='bbox 1033 990 1127 1013; x_wconf 88' lang='lat' dir='ltr'>totum</span> <span class='ocrx_word' id='word_1_162' title='bbox 1147 981 1199 1020; x_wconf 83' lang='lat' dir='ltr'>Jus</span> <span class='ocrx_word' id='word_1_163' title='bbox 1217 981 1252 1012; x_wconf 91' lang='lat'>&amp;</span> 
     </span>
     <span class='ocr_line' id='line_1_20' title="bbox 186 1018 1253 1063; baseline -0.006 -8"><span class='ocrx_word' id='word_1_164' title='bbox 186 1035 307 1056; x_wconf 89' lang='lat' dir='ltr'>omnem</span> <span class='ocrx_word' id='word_1_165' title='bbox 327 1024 500 1063; x_wconf 72' lang='lat' dir='ltr'>Affionem„</span> <span class='ocrx_word' id='word_1_166' title='bbox 522 1034 584 1063; x_wconf 81' lang='lat' dir='ltr'>quae</span> <span class='ocrx_word' id='word_1_167' title='bbox 598 1023 696 1054; x_wconf 80' lang='lat' dir='ltr'>liabuit</span> <span class='ocrx_word' id='word_1_168' title='bbox 714 1024 759 1053; x_wconf 90' lang='lat' dir='ltr'>vel</span> <span class='ocrx_word' id='word_1_169' title='bbox 771 1024 874 1053; x_wconf 84' lang='lat' dir='ltr'>habere</span> <span class='ocrx_word' id='word_1_170' title='bbox 887 1022 976 1061; x_wconf 82' lang='lat' dir='ltr'>poffet</span> <span class='ocrx_word' id='word_1_171' title='bbox 991 1022 1024 1053; x_wconf 90' lang='lat' dir='ltr'>ad</span> <span class='ocrx_word' id='word_1_172' title='bbox 1043 1021 1176 1059; x_wconf 89' lang='lat' dir='ltr'>Locum,</span> <span class='ocrx_word' id='word_1_173' title='bbox 1195 1018 1253 1050; x_wconf 88' lang='lat' dir='ltr'>Ca-</span> 
     </span>
     <span class='ocr_line' id='line_1_21' title="bbox 188 1060 1254 1103; baseline -0.006 -8"><span class='ocrx_word' id='word_1_174' title='bbox 188 1063 356 1103; x_wconf 84' lang='lat' dir='ltr'>stellaniam,</span> <span class='ocrx_word' id='word_1_175' title='bbox 374 1065 407 1095; x_wconf 85' lang='lat'>&amp;</span> <span class='ocrx_word' id='word_1_176' title='bbox 427 1063 641 1102; x_wconf 72' lang='lat' dir='ltr'>Prazpolituram</span> <span class='ocrx_word' id='word_1_177' title='bbox 658 1061 693 1092; x_wconf 92' lang='lat' dir='ltr'>de</span> <span class='ocrx_word' id='word_1_178' title='bbox 712 1061 854 1100; x_wconf 84' lang='lat' dir='ltr'>Brigerac,</span> <span class='ocrx_word' id='word_1_179' title='bbox 872 1072 941 1092; x_wconf 89' lang='lat' dir='ltr'>cum</span> <span class='ocrx_word' id='word_1_180' title='bbox 962 1061 1152 1098; x_wconf 79' lang='lat' dir='ltr'>pertinentiis,</span> <span class='ocrx_word' id='word_1_181' title='bbox 1171 1068 1204 1090; x_wconf 86' lang='lat' dir='ltr'>ac</span> <span class='ocrx_word' id='word_1_182' title='bbox 1223 1060 1254 1089; x_wconf 89' lang='lat' dir='ltr'>in</span> 
     </span>
     <span class='ocr_line' id='line_1_22' title="bbox 186 1097 1252 1142; baseline -0.004 -10"><span class='ocrx_word' id='word_1_183' title='bbox 186 1104 242 1142; x_wconf 81' lang='lat' dir='ltr'>eis,</span> <span class='ocrx_word' id='word_1_184' title='bbox 260 1104 293 1134; x_wconf 89' lang='lat'>&amp;</span> <span class='ocrx_word' id='word_1_185' title='bbox 315 1104 343 1133; x_wconf 88' lang='lat' dir='ltr'>in</span> <span class='ocrx_word' id='word_1_186' title='bbox 365 1103 497 1133; x_wconf 87' lang='lat' dir='ltr'>omnibus</span> <span class='ocrx_word' id='word_1_187' title='bbox 518 1101 588 1131; x_wconf 90' lang='lat' dir='ltr'>locis</span> <span class='ocrx_word' id='word_1_188' title='bbox 606 1101 682 1140; x_wconf 85' lang='lat' dir='ltr'>aliis,</span> <span class='ocrx_word' id='word_1_189' title='bbox 699 1111 764 1141; x_wconf 84' lang='lat' dir='ltr'>quae</span> <span class='ocrx_word' id='word_1_190' title='bbox 785 1101 895 1132; x_wconf 85' lang='lat' dir='ltr'>fuerunt</span> <span class='ocrx_word' id='word_1_191' title='bbox 911 1100 1035 1130; x_wconf 80' lang='lat' dir='ltr'>Domini</span> <span class='ocrx_word' id='word_1_192' title='bbox 1051 1100 1086 1129; x_wconf 88' lang='lat' dir='ltr'>de</span> <span class='ocrx_word' id='word_1_193' title='bbox 1102 1097 1252 1136; x_wconf 86' lang='lat' dir='ltr'>Brigerak,</span> 
     </span>
     <span class='ocr_line' id='line_1_23' title="bbox 186 1137 1253 1186; baseline -0.006 -14"><span class='ocrx_word' id='word_1_194' title='bbox 186 1142 217 1172; x_wconf 80' lang='lat' dir='ltr'>in</span> <span class='ocrx_word' id='word_1_195' title='bbox 238 1141 372 1186; x_wconf 78' lang='lat' dir='ltr'>Dioecese</span> <span class='ocrx_word' id='word_1_196' title='bbox 383 1140 565 1179; x_wconf 87' lang='lat' dir='ltr'>Tartasiensi,</span> <span class='ocrx_word' id='word_1_197' title='bbox 581 1139 723 1171; x_wconf 88' lang='lat' dir='ltr'>Habenda</span> <span class='ocrx_word' id='word_1_198' title='bbox 738 1140 836 1171; x_wconf 87' lang='lat' dir='ltr'>Nobis</span> <span class='ocrx_word' id='word_1_199' title='bbox 850 1140 884 1172; x_wconf 89' lang='lat'>&amp;</span> <span class='ocrx_word' id='word_1_200' title='bbox 899 1138 1069 1169; x_wconf 84' lang='lat' dir='ltr'>Haeredibus</span> <span class='ocrx_word' id='word_1_201' title='bbox 1082 1137 1182 1167; x_wconf 88' lang='lat' dir='ltr'>nostris</span> <span class='ocrx_word' id='word_1_202' title='bbox 1199 1138 1253 1166; x_wconf 91' lang='lat' dir='ltr'>im-</span> 
     </span>
    </p>

    <p class='ocr_par' dir='ltr' id='par_1_12' title="bbox 187 1189 1253 1334">
     <span class='ocr_line' id='line_1_24' title="bbox 207 1190 355 1210; baseline 0 0"><span class='ocrx_word' id='word_1_203' title='bbox 207 1190 236 1210; x_wconf 88' lang='lat' dir='ltr'>er</span> <span class='ocrx_word' id='word_1_204' title='bbox 273 1190 355 1210; x_wconf 87' lang='lat' dir='ltr'>tuum</span> 
     </span>
     <span class='ocr_line' id='line_1_25' title="bbox 187 1189 1253 1257; baseline -0.007 -6"><span class='ocrx_word' id='word_1_205' title='bbox 187 1190 206 1221; x_wconf 73' lang='lat' dir='ltr'>p</span> <span class='ocrx_word' id='word_1_206' title='bbox 223 1189 271 1251; x_wconf 68' lang='lat' dir='ltr'>Epte</span> <span class='ocrx_word' id='word_1_207' title='bbox 283 1203 456 1257; x_wconf 69' lang='lat' dir='ltr'>quod&#39;dieia</span> <span class='ocrx_word' id='word_1_208' title='bbox 478 1218 607 1249; x_wconf 85' lang='lat' dir='ltr'>Domina</span> <span class='ocrx_word' id='word_1_209' title='bbox 627 1217 703 1249; x_wconf 81' lang='lat' dir='ltr'>daret</span> <span class='ocrx_word' id='word_1_210' title='bbox 725 1218 758 1248; x_wconf 86' lang='lat'>&amp;</span> <span class='ocrx_word' id='word_1_211' title='bbox 781 1216 954 1248; x_wconf 81' lang='lat' dir='ltr'>concederet</span> <span class='ocrx_word' id='word_1_212' title='bbox 970 1216 1053 1246; x_wconf 88' lang='lat' dir='ltr'>nobis</span> <span class='ocrx_word' id='word_1_213' title='bbox 1067 1214 1203 1245; x_wconf 88' lang='lat' dir='ltr'>Castrum</span> <span class='ocrx_word' id='word_1_214' title='bbox 1219 1215 1253 1245; x_wconf 90' lang='lat'>&amp;</span> 
     </span>
     <span class='ocr_line' id='line_1_26' title="bbox 187 1253 1252 1295; baseline -0.006 -7"><span class='ocrx_word' id='word_1_215' title='bbox 187 1257 291 1288; x_wconf 83' lang='lat' dir='ltr'>Villam</span> <span class='ocrx_word' id='word_1_216' title='bbox 310 1258 347 1288; x_wconf 90' lang='lat' dir='ltr'>de</span> <span class='ocrx_word' id='word_1_217' title='bbox 368 1256 541 1287; x_wconf 85' lang='lat' dir='ltr'>Montinhac</span> <span class='ocrx_word' id='word_1_218' title='bbox 557 1280 567 1295; x_wconf 91' lang='lat'>,</span> <span class='ocrx_word' id='word_1_219' title='bbox 593 1266 658 1287; x_wconf 87' lang='lat' dir='ltr'>cum</span> <span class='ocrx_word' id='word_1_220' title='bbox 682 1257 853 1294; x_wconf 84' lang='lat' dir='ltr'>pertinentiis</span> <span class='ocrx_word' id='word_1_221' title='bbox 867 1279 876 1293; x_wconf 86' lang='lat'>,</span> <span class='ocrx_word' id='word_1_222' title='bbox 901 1255 1040 1286; x_wconf 83' lang='lat' dir='ltr'>Habenda</span> <span class='ocrx_word' id='word_1_223' title='bbox 1057 1255 1091 1285; x_wconf 71' lang='grc' dir='ltr'>δε</span> <span class='ocrx_word' id='word_1_224' title='bbox 1110 1253 1252 1284; x_wconf 84' lang='lat' dir='ltr'>Tcnenda</span> 
     </span>
     <span class='ocr_line' id='line_1_27' title="bbox 187 1293 916 1334; baseline -0.004 -8"><span class='ocrx_word' id='word_1_225' title='bbox 187 1296 220 1329; x_wconf 85' lang='lat' dir='ltr'>N</span> <span class='ocrx_word' id='word_1_226' title='bbox 224 1298 302 1334; x_wconf 84' lang='lat' dir='ltr'>obis,</span> <span class='ocrx_word' id='word_1_227' title='bbox 321 1297 354 1328; x_wconf 89' lang='lat'>&amp;</span> <span class='ocrx_word' id='word_1_228' title='bbox 369 1294 538 1326; x_wconf 80' lang='lat' dir='ltr'>Haeredibus</span> <span class='ocrx_word' id='word_1_229' title='bbox 552 1295 668 1333; x_wconf 81' lang='lat' dir='ltr'>nostris,</span> <span class='ocrx_word' id='word_1_230' title='bbox 686 1293 897 1334; x_wconf 78' lang='lat' dir='ltr'>imperpetuum</span> <span class='ocrx_word' id='word_1_231' title='bbox 907 1317 916 1332; x_wconf 93' lang='lat'>,</span> 
     </span>
    </p>

    <p class='ocr_par' dir='ltr' id='par_1_13' title="bbox 186 1331 1252 1565">
     <span class='ocr_line' id='line_1_28' title="bbox 226 1331 1251 1374; baseline -0.006 -8"><span class='ocrx_word' id='word_1_232' title='bbox 226 1334 372 1374; x_wconf 59' lang='lat' dir='ltr'>Dictaque</span> <span class='ocrx_word' id='word_1_233' title='bbox 395 1333 523 1365; x_wconf 89' lang='lat' dir='ltr'>Domina</span> <span class='ocrx_word' id='word_1_234' title='bbox 537 1358 546 1371; x_wconf 92' lang='lat'>,</span> <span class='ocrx_word' id='word_1_235' title='bbox 564 1334 681 1364; x_wconf 85' lang='lat' dir='ltr'>durante</span> <span class='ocrx_word' id='word_1_236' title='bbox 700 1333 814 1363; x_wconf 68' lang='lat' dir='ltr'>Guerrzi</span> <span class='ocrx_word' id='word_1_237' title='bbox 833 1332 983 1362; x_wconf 84' lang='lat' dir='ltr'>Vasconiae</span> <span class='ocrx_word' id='word_1_238' title='bbox 996 1355 1005 1369; x_wconf 93' lang='lat'>,</span> <span class='ocrx_word' id='word_1_239' title='bbox 1024 1331 1195 1362; x_wconf 82' lang='lat' dir='ltr'>concederet</span> <span class='ocrx_word' id='word_1_240' title='bbox 1218 1331 1251 1361; x_wconf 85' lang='lat'>&amp;</span> 
     </span>
     <span class='ocr_line' id='line_1_29' title="bbox 188 1369 1251 1412; baseline -0.005 -8"><span class='ocrx_word' id='word_1_241' title='bbox 188 1374 316 1405; x_wconf 90' lang='lat' dir='ltr'>liberaret</span> <span class='ocrx_word' id='word_1_242' title='bbox 340 1374 456 1412; x_wconf 91' lang='lat' dir='ltr'>Nobis,</span> <span class='ocrx_word' id='word_1_243' title='bbox 474 1374 507 1405; x_wconf 88' lang='lat'>&amp;</span> <span class='ocrx_word' id='word_1_244' title='bbox 530 1372 699 1403; x_wconf 68' lang='lat' dir='ltr'>Hmredibus</span> <span class='ocrx_word' id='word_1_245' title='bbox 713 1371 832 1410; x_wconf 88' lang='lat' dir='ltr'>nostris,</span> <span class='ocrx_word' id='word_1_246' title='bbox 852 1372 884 1402; x_wconf 85' lang='lat'>&amp;</span> <span class='ocrx_word' id='word_1_247' title='bbox 901 1371 1058 1401; x_wconf 73' lang='lat' dir='ltr'>Senescallo</span> <span class='ocrx_word' id='word_1_248' title='bbox 1075 1369 1190 1407; x_wconf 89' lang='lat' dir='ltr'>nostro,</span> <span class='ocrx_word' id='word_1_249' title='bbox 1207 1370 1251 1400; x_wconf 92' lang='lat' dir='ltr'>vel</span> 
     </span>
     <span class='ocr_line' id='line_1_30' title="bbox 186 1407 1252 1449; baseline -0.007 -4"><span class='ocrx_word' id='word_1_250' title='bbox 186 1412 347 1445; x_wconf 80' lang='lat' dir='ltr'>Haeredum</span> <span class='ocrx_word' id='word_1_251' title='bbox 369 1411 531 1442; x_wconf 88' lang='lat' dir='ltr'>nostrorum</span> <span class='ocrx_word' id='word_1_252' title='bbox 569 1410 734 1449; x_wconf 76' lang='lat' dir='ltr'>Vasconiae,</span> <span class='ocrx_word' id='word_1_253' title='bbox 750 1412 797 1449; x_wconf 84' lang='lat' dir='ltr'>qui</span> <span class='ocrx_word' id='word_1_254' title='bbox 818 1420 869 1448; x_wconf 89' lang='lat' dir='ltr'>pro</span> <span class='ocrx_word' id='word_1_255' title='bbox 883 1419 1016 1448; x_wconf 89' lang='lat' dir='ltr'>tempore</span> <span class='ocrx_word' id='word_1_256' title='bbox 1035 1409 1124 1446; x_wconf 86' lang='lat' dir='ltr'>foret,</span> <span class='ocrx_word' id='word_1_257' title='bbox 1144 1407 1252 1438; x_wconf 91' lang='lat' dir='ltr'>Custo-</span> 
     </span>
     <span class='ocr_line' id='line_1_31' title="bbox 188 1433 1250 1491; baseline -0.005 -10"><span class='ocrx_word' id='word_1_258' title='bbox 188 1452 264 1482; x_wconf 89' lang='lat' dir='ltr'>diam</span> <span class='ocrx_word' id='word_1_259' title='bbox 278 1450 444 1481; x_wconf 87' lang='lat' dir='ltr'>Castrorum</span> <span class='ocrx_word' id='word_1_260' title='bbox 459 1450 495 1480; x_wconf 95' lang='lat' dir='ltr'>de</span> <span class='ocrx_word' id='word_1_261' title='bbox 511 1433 635 1479; x_wconf 68' lang='lat' dir='ltr'>Nsauron</span> <span class='ocrx_word' id='word_1_262' title='bbox 650 1450 683 1480; x_wconf 63' lang='grc' dir='ltr'>ὃς</span> <span class='ocrx_word' id='word_1_263' title='bbox 698 1449 734 1479; x_wconf 90' lang='lat' dir='ltr'>de</span> <span class='ocrx_word' id='word_1_264' title='bbox 748 1449 873 1479; x_wconf 85' lang='lat' dir='ltr'>Moncut</span> <span class='ocrx_word' id='word_1_265' title='bbox 910 1450 946 1479; x_wconf 91' lang='lat' dir='ltr'>ita</span> <span class='ocrx_word' id='word_1_266' title='bbox 961 1448 1038 1486; x_wconf 89' lang='lat' dir='ltr'>quod</span> <span class='ocrx_word' id='word_1_267' title='bbox 1054 1448 1132 1491; x_wconf 58' lang='lat' dir='ltr'>dieta</span> <span class='ocrx_word' id='word_1_268' title='bbox 1144 1447 1250 1477; x_wconf 90' lang='lat' dir='ltr'>Domi-</span> 
     </span>
     <span class='ocr_line' id='line_1_32' title="bbox 188 1471 1251 1526; baseline -0.004 -6"><span class='ocrx_word' id='word_1_269' title='bbox 188 1500 224 1520; x_wconf 85' lang='lat' dir='ltr'>na</span> <span class='ocrx_word' id='word_1_270' title='bbox 240 1490 273 1521; x_wconf 88' lang='lat'>&amp;</span> <span class='ocrx_word' id='word_1_271' title='bbox 294 1488 427 1519; x_wconf 81' lang='lat' dir='ltr'>Haeredes</span> <span class='ocrx_word' id='word_1_272' title='bbox 441 1489 478 1518; x_wconf 90' lang='lat' dir='ltr'>sui</span> <span class='ocrx_word' id='word_1_273' title='bbox 495 1488 579 1519; x_wconf 75' lang='lat' dir='ltr'>libere</span> <span class='ocrx_word' id='word_1_274' title='bbox 595 1489 719 1526; x_wconf 87' lang='lat' dir='ltr'>recipere</span> <span class='ocrx_word' id='word_1_275' title='bbox 733 1488 857 1518; x_wconf 90' lang='lat' dir='ltr'>valerent</span> <span class='ocrx_word' id='word_1_276' title='bbox 872 1471 977 1517; x_wconf 51' lang='lat' dir='ltr'>sirmas</span> <span class='ocrx_word' id='word_1_277' title='bbox 991 1487 1023 1518; x_wconf 88' lang='lat'>&amp;</span> <span class='ocrx_word' id='word_1_278' title='bbox 1039 1486 1179 1517; x_wconf 80' lang='lat' dir='ltr'>Redditus</span> <span class='ocrx_word' id='word_1_279' title='bbox 1193 1485 1251 1517; x_wconf 84' lang='lat' dir='ltr'>Ca-</span> 
     </span>
     <span class='ocr_line' id='line_1_33' title="bbox 187 1527 740 1565; baseline -0.005 -6"><span class='ocrx_word' id='word_1_280' title='bbox 187 1528 310 1560; x_wconf 85' lang='lat' dir='ltr'>strorum</span> <span class='ocrx_word' id='word_1_281' title='bbox 324 1528 358 1558; x_wconf 87' lang='lat'>&amp;</span> <span class='ocrx_word' id='word_1_282' title='bbox 372 1528 503 1557; x_wconf 87' lang='lat' dir='ltr'>locorum</span> <span class='ocrx_word' id='word_1_283' title='bbox 519 1527 721 1564; x_wconf 67' lang='lat' dir='ltr'>praedietorum</span> <span class='ocrx_word' id='word_1_284' title='bbox 731 1551 740 1565; x_wconf 88' lang='lat'>,</span> 
     </span>
    </p>

    <p class='ocr_par' dir='ltr' id='par_1_14' title="bbox 186 1563 1252 1647">
     <span class='ocr_line' id='line_1_34' title="bbox 224 1563 1252 1604; baseline -0.004 -7"><span class='ocrx_word' id='word_1_285' title='bbox 224 1566 260 1597; x_wconf 89' lang='lat' dir='ltr'>Et</span> <span class='ocrx_word' id='word_1_286' title='bbox 280 1576 330 1596; x_wconf 89' lang='lat' dir='ltr'>vos</span> <span class='ocrx_word' id='word_1_287' title='bbox 351 1567 361 1604; x_wconf 92' lang='lat'>(</span> <span class='ocrx_word' id='word_1_288' title='bbox 371 1566 484 1604; x_wconf 65' lang='lat' dir='ltr'>praefate</span> <span class='ocrx_word' id='word_1_289' title='bbox 506 1566 659 1596; x_wconf 81' lang='lat' dir='ltr'>Senescalle</span> <span class='ocrx_word' id='word_1_290' title='bbox 679 1567 792 1604; x_wconf 87' lang='lat' dir='ltr'>noster,</span> <span class='ocrx_word' id='word_1_291' title='bbox 810 1565 859 1603; x_wconf 86' lang='lat' dir='ltr'>qui</span> <span class='ocrx_word' id='word_1_292' title='bbox 880 1574 958 1594; x_wconf 88' lang='lat' dir='ltr'>nunc</span> <span class='ocrx_word' id='word_1_293' title='bbox 973 1563 1054 1600; x_wconf 82' lang='lat' dir='ltr'>estis)</span> <span class='ocrx_word' id='word_1_294' title='bbox 1074 1564 1102 1593; x_wconf 89' lang='lat' dir='ltr'>in</span> <span class='ocrx_word' id='word_1_295' title='bbox 1120 1563 1252 1594; x_wconf 87' lang='lat' dir='ltr'>Recom-</span> 
     </span>
     <span class='ocr_line' id='line_1_35' title="bbox 186 1602 1252 1647; baseline -0.004 -12"><span class='ocrx_word' id='word_1_296' title='bbox 186 1605 376 1647; x_wconf 81' lang='lat' dir='ltr'>pensationem</span> <span class='ocrx_word' id='word_1_297' title='bbox 391 1603 560 1635; x_wconf 89' lang='lat' dir='ltr'>Castrorum</span> <span class='ocrx_word' id='word_1_298' title='bbox 576 1605 609 1635; x_wconf 89' lang='lat'>&amp;</span> <span class='ocrx_word' id='word_1_299' title='bbox 624 1604 772 1635; x_wconf 84' lang='lat' dir='ltr'>Locorum</span> <span class='ocrx_word' id='word_1_300' title='bbox 788 1603 989 1644; x_wconf 64' lang='lat' dir='ltr'>praedidlorum</span> <span class='ocrx_word' id='word_1_301' title='bbox 1000 1626 1008 1641; x_wconf 91' lang='lat'>,</span> <span class='ocrx_word' id='word_1_302' title='bbox 1023 1603 1140 1632; x_wconf 90' lang='lat' dir='ltr'>nomine</span> <span class='ocrx_word' id='word_1_303' title='bbox 1151 1602 1252 1632; x_wconf 86' lang='lat' dir='ltr'>nostro</span> 
     </span>
    </p>

    <p class='ocr_par' dir='ltr' id='par_1_15' title="bbox 188 1641 1257 2068">
     <span class='ocr_line' id='line_1_36' title="bbox 211 1641 1254 1680; baseline -0.002 -6"><span class='ocrx_word' id='word_1_304' title='bbox 211 1644 368 1675; x_wconf 81' lang='lat' dir='ltr'>remiseritis</span> <span class='ocrx_word' id='word_1_305' title='bbox 388 1644 474 1675; x_wconf 65' lang='lat' dir='ltr'>dietae</span> <span class='ocrx_word' id='word_1_306' title='bbox 498 1643 610 1674; x_wconf 83' lang='lat' dir='ltr'>Mathae</span> <span class='ocrx_word' id='word_1_307' title='bbox 632 1643 764 1673; x_wconf 84' lang='lat' dir='ltr'>Castrum</span> <span class='ocrx_word' id='word_1_308' title='bbox 781 1665 790 1678; x_wconf 79' lang='grc'><em>,</em></span> <span class='ocrx_word' id='word_1_309' title='bbox 814 1642 947 1680; x_wconf 91' lang='lat' dir='ltr'>Locum,</span> <span class='ocrx_word' id='word_1_310' title='bbox 969 1641 1203 1679; x_wconf 75' lang='lat' dir='ltr'>Praepol&#39;ituram,</span> <span class='ocrx_word' id='word_1_311' title='bbox 1220 1642 1254 1672; x_wconf 73' lang='grc' dir='ltr'>ὃ(</span> 
     </span>
     <span class='ocr_line' id='line_1_37' title="bbox 189 1653 1255 1720; baseline -0.004 -7"><span class='ocrx_word' id='word_1_312' title='bbox 189 1653 388 1714; x_wconf 53' lang='grc' dir='ltr'>ἓείὶάἶιιηὶεω</span> <span class='ocrx_word' id='word_1_313' title='bbox 411 1682 447 1713; x_wconf 89' lang='lat' dir='ltr'>de</span> <span class='ocrx_word' id='word_1_314' title='bbox 467 1681 663 1713; x_wconf 86' lang='lat' dir='ltr'>Mountandre</span> <span class='ocrx_word' id='word_1_315' title='bbox 677 1705 687 1720; x_wconf 91' lang='lat'>,</span> <span class='ocrx_word' id='word_1_316' title='bbox 717 1691 750 1712; x_wconf 89' lang='lat' dir='ltr'>ac</span> <span class='ocrx_word' id='word_1_317' title='bbox 772 1680 935 1720; x_wconf 80' lang='lat' dir='ltr'>Bladagium</span> <span class='ocrx_word' id='word_1_318' title='bbox 957 1681 1035 1720; x_wconf 85' lang='lat' dir='ltr'>quod</span> <span class='ocrx_word' id='word_1_319' title='bbox 1054 1680 1204 1710; x_wconf 85' lang='lat' dir='ltr'>habuimus</span> <span class='ocrx_word' id='word_1_320' title='bbox 1225 1681 1255 1710; x_wconf 91' lang='lat' dir='ltr'>in</span> 
     </span>
     <span class='ocr_line' id='line_1_38' title="bbox 188 1718 1255 1761; baseline -0.004 -9"><span class='ocrx_word' id='word_1_321' title='bbox 188 1720 263 1752; x_wconf 84' lang='lat' dir='ltr'>Villa</span> <span class='ocrx_word' id='word_1_322' title='bbox 276 1722 310 1752; x_wconf 90' lang='lat'>&amp;</span> <span class='ocrx_word' id='word_1_323' title='bbox 324 1719 492 1761; x_wconf 83' lang='lat' dir='ltr'>Castellania</span> <span class='ocrx_word' id='word_1_324' title='bbox 503 1720 539 1751; x_wconf 89' lang='lat' dir='ltr'>de</span> <span class='ocrx_word' id='word_1_325' title='bbox 552 1720 640 1759; x_wconf 87' lang='lat' dir='ltr'>Blaia,</span> <span class='ocrx_word' id='word_1_326' title='bbox 657 1721 712 1750; x_wconf 68' lang='lat' dir='ltr'>una</span> <span class='ocrx_word' id='word_1_327' title='bbox 728 1729 796 1751; x_wconf 90' lang='lat' dir='ltr'>cum</span> <span class='ocrx_word' id='word_1_328' title='bbox 811 1719 905 1750; x_wconf 72' lang='lat' dir='ltr'>Terra</span> <span class='ocrx_word' id='word_1_329' title='bbox 915 1729 1000 1757; x_wconf 84' lang='lat' dir='ltr'>quam</span> <span class='ocrx_word' id='word_1_330' title='bbox 1016 1729 1106 1756; x_wconf 86' lang='lat' dir='ltr'>nuper</span> <span class='ocrx_word' id='word_1_331' title='bbox 1125 1718 1255 1748; x_wconf 89' lang='lat' dir='ltr'>Domina</span> 
     </span>
     <span class='ocr_line' id='line_1_39' title="bbox 189 1756 1255 1798; baseline -0.005 -7"><span class='ocrx_word' id='word_1_332' title='bbox 189 1760 228 1791; x_wconf 82' lang='lat' dir='ltr'>de</span> <span class='ocrx_word' id='word_1_333' title='bbox 246 1759 331 1798; x_wconf 79' lang='lat' dir='ltr'>Blaya</span> <span class='ocrx_word' id='word_1_334' title='bbox 351 1760 386 1791; x_wconf 88' lang='lat' dir='ltr'>de</span> <span class='ocrx_word' id='word_1_335' title='bbox 406 1760 490 1790; x_wconf 87' lang='lat' dir='ltr'>nobis</span> <span class='ocrx_word' id='word_1_336' title='bbox 506 1759 609 1790; x_wconf 88' lang='lat' dir='ltr'>ibidem</span> <span class='ocrx_word' id='word_1_337' title='bbox 622 1760 728 1798; x_wconf 87' lang='lat' dir='ltr'>tenuit,</span> <span class='ocrx_word' id='word_1_338' title='bbox 745 1768 778 1788; x_wconf 89' lang='lat' dir='ltr'>ac</span> <span class='ocrx_word' id='word_1_339' title='bbox 791 1759 875 1788; x_wconf 88' lang='lat' dir='ltr'>etiarn</span> <span class='ocrx_word' id='word_1_340' title='bbox 889 1767 957 1788; x_wconf 91' lang='lat' dir='ltr'>cum</span> <span class='ocrx_word' id='word_1_341' title='bbox 972 1757 1107 1788; x_wconf 82' lang='lat' dir='ltr'>Manerio</span> <span class='ocrx_word' id='word_1_342' title='bbox 1123 1758 1159 1788; x_wconf 88' lang='lat' dir='ltr'>de</span> <span class='ocrx_word' id='word_1_343' title='bbox 1173 1756 1255 1787; x_wconf 92' lang='lat' dir='ltr'>Con-</span> 
     </span>
     <span class='ocr_line' id='line_1_40' title="bbox 192 1795 1256 1866; baseline -0.005 -36"><span class='ocrx_word' id='word_1_344' title='bbox 192 1799 268 1829; x_wconf 83' lang='lat' dir='ltr'>daco</span> <span class='ocrx_word' id='word_1_345' title='bbox 280 1822 291 1837; x_wconf 90' lang='lat'>,</span> <span class='ocrx_word' id='word_1_346' title='bbox 307 1798 340 1830; x_wconf 90' lang='lat'>&amp;</span> <span class='ocrx_word' id='word_1_347' title='bbox 361 1797 542 1837; x_wconf 72' lang='lat' dir='ltr'>Praepositum</span> <span class='ocrx_word' id='word_1_348' title='bbox 563 1797 599 1827; x_wconf 90' lang='lat' dir='ltr'>de</span> <span class='ocrx_word' id='word_1_349' title='bbox 619 1797 696 1827; x_wconf 85' lang='lat' dir='ltr'>Born</span> <span class='ocrx_word' id='word_1_350' title='bbox 712 1820 721 1835; x_wconf 90' lang='lat'>,</span> <span class='ocrx_word' id='word_1_351' title='bbox 741 1795 899 1866; x_wconf 49' lang='lat' dir='ltr'>Mffnusan</span> <span class='ocrx_word' id='word_1_352' title='bbox 914 1819 924 1834; x_wconf 92' lang='lat'>,</span> <span class='ocrx_word' id='word_1_353' title='bbox 942 1795 1121 1827; x_wconf 84' lang='lat' dir='ltr'>Erbefaveira</span> <span class='ocrx_word' id='word_1_354' title='bbox 1138 1819 1148 1834; x_wconf 91' lang='lat'>,</span> <span class='ocrx_word' id='word_1_355' title='bbox 1166 1796 1200 1826; x_wconf 71' lang='grc' dir='ltr'>δε</span> <span class='ocrx_word' id='word_1_356' title='bbox 1220 1795 1256 1826; x_wconf 90' lang='lat' dir='ltr'>de</span> 
     </span>
     <span class='ocr_line' id='line_1_41' title="bbox 191 1834 1255 1875; baseline -0.004 -7"><span class='ocrx_word' id='word_1_357' title='bbox 191 1836 324 1875; x_wconf 85' lang='lat' dir='ltr'>Brasenc,</span> <span class='ocrx_word' id='word_1_358' title='bbox 343 1847 409 1867; x_wconf 91' lang='lat' dir='ltr'>cum</span> <span class='ocrx_word' id='word_1_359' title='bbox 424 1837 611 1875; x_wconf 86' lang='lat' dir='ltr'>pertinentiis,</span> <span class='ocrx_word' id='word_1_360' title='bbox 630 1835 773 1866; x_wconf 85' lang='lat' dir='ltr'>Habenda</span> <span class='ocrx_word' id='word_1_361' title='bbox 805 1836 871 1866; x_wconf 57' lang='lat' dir='ltr'>idi-ae</span> <span class='ocrx_word' id='word_1_362' title='bbox 885 1834 1012 1872; x_wconf 57' lang='lat' dir='ltr'>Mathe,</span> <span class='ocrx_word' id='word_1_363' title='bbox 1031 1835 1064 1865; x_wconf 74' lang='grc' dir='ltr'>δε</span> <span class='ocrx_word' id='word_1_364' title='bbox 1082 1834 1255 1865; x_wconf 79' lang='lat' dir='ltr'>Haeredibus</span> 
     </span>
     <span class='ocr_line' id='line_1_42' title="bbox 190 1873 1256 1914; baseline -0.003 -8"><span class='ocrx_word' id='word_1_365' title='bbox 190 1876 259 1914; x_wconf 82' lang='lat' dir='ltr'>suis,</span> <span class='ocrx_word' id='word_1_366' title='bbox 277 1876 313 1906; x_wconf 90' lang='lat' dir='ltr'>de</span> <span class='ocrx_word' id='word_1_367' title='bbox 333 1876 429 1913; x_wconf 87' lang='lat' dir='ltr'>nobis,</span> <span class='ocrx_word' id='word_1_368' title='bbox 447 1876 481 1906; x_wconf 89' lang='lat'>&amp;</span> <span class='ocrx_word' id='word_1_369' title='bbox 504 1874 673 1905; x_wconf 82' lang='lat' dir='ltr'>Haeredibus</span> <span class='ocrx_word' id='word_1_370' title='bbox 693 1873 815 1912; x_wconf 88' lang='lat' dir='ltr'>nostris,</span> <span class='ocrx_word' id='word_1_371' title='bbox 830 1873 1059 1912; x_wconf 80' lang='lat' dir='ltr'>imperpetuum,</span> <span class='ocrx_word' id='word_1_372' title='bbox 1079 1873 1156 1903; x_wconf 79' lang='lat' dir='ltr'>salvis</span> <span class='ocrx_word' id='word_1_373' title='bbox 1171 1874 1256 1904; x_wconf 87' lang='lat' dir='ltr'>nobis</span> 
     </span>
     <span class='ocr_line' id='line_1_43' title="bbox 190 1911 1256 1954; baseline -0.003 -9"><span class='ocrx_word' id='word_1_374' title='bbox 190 1914 355 1954; x_wconf 87' lang='lat' dir='ltr'>Homagiis,</span> <span class='ocrx_word' id='word_1_375' title='bbox 374 1913 579 1953; x_wconf 74' lang='lat' dir='ltr'>fidelitatibus,</span> <span class='ocrx_word' id='word_1_376' title='bbox 598 1912 739 1951; x_wconf 88' lang='lat' dir='ltr'>Resortis,</span> <span class='ocrx_word' id='word_1_377' title='bbox 757 1913 791 1945; x_wconf 69' lang='grc' dir='ltr'>ὃς</span> <span class='ocrx_word' id='word_1_378' title='bbox 813 1912 870 1943; x_wconf 86' lang='lat' dir='ltr'>aliis</span> <span class='ocrx_word' id='word_1_379' title='bbox 893 1911 1042 1950; x_wconf 91' lang='lat' dir='ltr'>Deveriis,</span> <span class='ocrx_word' id='word_1_380' title='bbox 1060 1913 1142 1942; x_wconf 86' lang='lat' dir='ltr'>nobis</span> <span class='ocrx_word' id='word_1_381' title='bbox 1155 1913 1183 1942; x_wconf 93' lang='lat' dir='ltr'>in</span> <span class='ocrx_word' id='word_1_382' title='bbox 1198 1912 1256 1942; x_wconf 84' lang='lat' dir='ltr'>aliis</span> 
     </span>
     <span class='ocr_line' id='line_1_44' title="bbox 192 1951 1255 1990; baseline -0.003 -7"><span class='ocrx_word' id='word_1_383' title='bbox 192 1953 324 1983; x_wconf 79' lang='lat' dir='ltr'>similibus</span> <span class='ocrx_word' id='word_1_384' title='bbox 341 1954 411 1983; x_wconf 91' lang='lat' dir='ltr'>locis</span> <span class='ocrx_word' id='word_1_385' title='bbox 428 1953 498 1984; x_wconf 67' lang='lat' dir='ltr'>dieti</span> <span class='ocrx_word' id='word_1_386' title='bbox 519 1951 651 1983; x_wconf 69' lang='lat' dir='ltr'>Ducatcis</span> <span class='ocrx_word' id='word_1_387' title='bbox 663 1952 764 1983; x_wconf 87' lang='lat' dir='ltr'>debitis</span> <span class='ocrx_word' id='word_1_388' title='bbox 799 1960 885 1990; x_wconf 88' lang='lat' dir='ltr'>prout</span> <span class='ocrx_word' id='word_1_389' title='bbox 897 1951 961 1982; x_wconf 87' lang='lat' dir='ltr'>haec</span> <span class='ocrx_word' id='word_1_390' title='bbox 974 1952 1007 1982; x_wconf 88' lang='lat'>&amp;</span> <span class='ocrx_word' id='word_1_391' title='bbox 1024 1951 1075 1981; x_wconf 85' lang='lat' dir='ltr'>alia</span> <span class='ocrx_word' id='word_1_392' title='bbox 1090 1951 1118 1981; x_wconf 91' lang='lat' dir='ltr'>in</span> <span class='ocrx_word' id='word_1_393' title='bbox 1133 1951 1255 1989; x_wconf 85' lang='lat' dir='ltr'>quadam</span> 
     </span>
     <span class='ocr_line' id='line_1_45' title="bbox 191 1974 1257 2031; baseline -0.003 -8"><span class='ocrx_word' id='word_1_394' title='bbox 191 1990 360 2031; x_wconf 65' lang='lat' dir='ltr'>indentari,</span> <span class='ocrx_word' id='word_1_395' title='bbox 375 1993 446 2022; x_wconf 83' lang='lat' dir='ltr'>inter</span> <span class='ocrx_word' id='word_1_396' title='bbox 466 2001 519 2022; x_wconf 86' lang='lat' dir='ltr'>vos</span> <span class='ocrx_word' id='word_1_397' title='bbox 540 1992 549 2027; x_wconf 92' lang='lat'>(</span> <span class='ocrx_word' id='word_1_398' title='bbox 559 1991 672 2029; x_wconf 85' lang='lat' dir='ltr'>praefate</span> <span class='ocrx_word' id='word_1_399' title='bbox 688 1974 859 2028; x_wconf 61' lang='lat' dir='ltr'>Senescalle,</span> <span class='ocrx_word' id='word_1_400' title='bbox 878 1992 926 2028; x_wconf 86' lang='lat' dir='ltr'>qui</span> <span class='ocrx_word' id='word_1_401' title='bbox 940 1999 1018 2020; x_wconf 91' lang='lat' dir='ltr'>nunc</span> <span class='ocrx_word' id='word_1_402' title='bbox 1034 1989 1114 2027; x_wconf 87' lang='lat' dir='ltr'>estis)</span> <span class='ocrx_word' id='word_1_403' title='bbox 1135 1991 1169 2021; x_wconf 75' lang='grc' dir='ltr'>δε</span> <span class='ocrx_word' id='word_1_404' title='bbox 1184 2000 1257 2028; x_wconf 74' lang='lat' dir='ltr'>prce-</span> 
     </span>
     <span class='ocr_line' id='line_1_46' title="bbox 189 2029 1088 2068; baseline -0.003 -7"><span class='ocrx_word' id='word_1_405' title='bbox 189 2029 295 2061; x_wconf 70' lang='lat' dir='ltr'>dietam</span> <span class='ocrx_word' id='word_1_406' title='bbox 311 2029 443 2061; x_wconf 88' lang='lat' dir='ltr'>Matham</span> <span class='ocrx_word' id='word_1_407' title='bbox 459 2030 526 2061; x_wconf 75' lang='lat' dir='ltr'>inde</span> <span class='ocrx_word' id='word_1_408' title='bbox 538 2029 630 2068; x_wconf 61' lang='lat' dir='ltr'>facita,</span> <span class='ocrx_word' id='word_1_409' title='bbox 648 2030 756 2068; x_wconf 80' lang='lat' dir='ltr'>plenius</span> <span class='ocrx_word' id='word_1_410' title='bbox 768 2029 914 2060; x_wconf 82' lang='lat' dir='ltr'>dicebatur</span> <span class='ocrx_word' id='word_1_411' title='bbox 928 2029 1088 2066; x_wconf 89' lang='lat' dir='ltr'>contineri,</span> 
     </span>
    </p>

    <p class='ocr_par' dir='ltr' id='par_1_16' title="bbox 189 2067 1260 2187">
     <span class='ocr_line' id='line_1_47' title="bbox 227 2067 1259 2109; baseline -0.003 -9"><span class='ocrx_word' id='word_1_412' title='bbox 227 2069 308 2100; x_wconf 90' lang='lat' dir='ltr'>Acce</span> <span class='ocrx_word' id='word_1_413' title='bbox 328 2071 492 2107; x_wconf 87' lang='lat' dir='ltr'>taverimus,</span> <span class='ocrx_word' id='word_1_414' title='bbox 510 2069 561 2108; x_wconf 69' lang='grc' dir='ltr'>δε,</span> <span class='ocrx_word' id='word_1_415' title='bbox 575 2070 704 2109; x_wconf 85' lang='lat' dir='ltr'>quatinus</span> <span class='ocrx_word' id='word_1_416' title='bbox 719 2068 755 2099; x_wconf 82' lang='lat' dir='ltr'>ad</span> <span class='ocrx_word' id='word_1_417' title='bbox 777 2078 829 2099; x_wconf 92' lang='lat' dir='ltr'>nos</span> <span class='ocrx_word' id='word_1_418' title='bbox 848 2068 976 2106; x_wconf 87' lang='lat' dir='ltr'>attinuit,</span> <span class='ocrx_word' id='word_1_419' title='bbox 994 2067 1259 2108; x_wconf 82' lang='lat' dir='ltr'>approbaverimus,</span> 
     </span>
     <span class='ocr_line' id='line_1_48' title="bbox 189 2106 1260 2147; baseline -0.004 -7"><span class='ocrx_word' id='word_1_420' title='bbox 189 2109 224 2140; x_wconf 84' lang='lat'>&amp;</span> <span class='ocrx_word' id='word_1_421' title='bbox 259 2118 288 2138; x_wconf 91' lang='lat' dir='ltr'>er</span> <span class='ocrx_word' id='word_1_422' title='bbox 332 2109 422 2140; x_wconf 87' lang='lat' dir='ltr'>itteras</span> <span class='ocrx_word' id='word_1_423' title='bbox 436 2107 544 2139; x_wconf 89' lang='lat' dir='ltr'>nostras</span> <span class='ocrx_word' id='word_1_424' title='bbox 561 2107 689 2138; x_wconf 86' lang='lat' dir='ltr'>Parentes</span> <span class='ocrx_word' id='word_1_425' title='bbox 704 2107 984 2145; x_wconf 83' lang='lat' dir='ltr'>confirmaverimus,</span> <span class='ocrx_word' id='word_1_426' title='bbox 1003 2114 1088 2147; x_wconf 89' lang='lat' dir='ltr'>prout</span> <span class='ocrx_word' id='word_1_427' title='bbox 1101 2107 1130 2137; x_wconf 91' lang='lat' dir='ltr'>in</span> <span class='ocrx_word' id='word_1_428' title='bbox 1146 2106 1260 2137; x_wconf 75' lang='lat' dir='ltr'>Litteris</span> 
     </span>
     <span class='ocr_line' id='line_1_49' title="bbox 189 2146 888 2187; baseline -0.003 -9"><span class='ocrx_word' id='word_1_429' title='bbox 189 2157 229 2178; x_wconf 88' lang='lat' dir='ltr'>no</span> <span class='ocrx_word' id='word_1_430' title='bbox 255 2148 290 2178; x_wconf 86' lang='lat' dir='ltr'>ris</span> <span class='ocrx_word' id='word_1_431' title='bbox 311 2146 452 2187; x_wconf 67' lang='lat' dir='ltr'>praedictis</span> <span class='ocrx_word' id='word_1_432' title='bbox 471 2147 595 2178; x_wconf 87' lang='lat' dir='ltr'>vidimus</span> <span class='ocrx_word' id='word_1_433' title='bbox 609 2146 717 2186; x_wconf 79' lang='lat' dir='ltr'>plenius</span> <span class='ocrx_word' id='word_1_434' title='bbox 729 2147 888 2184; x_wconf 86' lang='lat' dir='ltr'>contineri,</span> 
     </span>
    </p>

    <p class='ocr_par' dir='ltr' id='par_1_17' title="bbox 189 2183 1262 2342">
     <span class='ocr_line' id='line_1_50' title="bbox 224 2183 1260 2226; baseline -0.002 -9"><span class='ocrx_word' id='word_1_435' title='bbox 224 2185 337 2226; x_wconf 78' lang='lat' dir='ltr'>Vosque</span> <span class='ocrx_word' id='word_1_436' title='bbox 358 2186 488 2226; x_wconf 62' lang='lat' dir='ltr'>(praefate</span> <span class='ocrx_word' id='word_1_437' title='bbox 511 2184 665 2216; x_wconf 84' lang='lat' dir='ltr'>Senescalle</span> <span class='ocrx_word' id='word_1_438' title='bbox 686 2184 780 2216; x_wconf 85' lang='lat' dir='ltr'>noster</span> <span class='ocrx_word' id='word_1_439' title='bbox 845 2185 895 2223; x_wconf 84' lang='lat' dir='ltr'>qui</span> <span class='ocrx_word' id='word_1_440' title='bbox 919 2193 997 2215; x_wconf 89' lang='lat' dir='ltr'>nunc</span> <span class='ocrx_word' id='word_1_441' title='bbox 1018 2183 1099 2219; x_wconf 86' lang='lat' dir='ltr'>estis)</span> <span class='ocrx_word' id='word_1_442' title='bbox 1125 2192 1260 2222; x_wconf 72' lang='lat' dir='ltr'>praetextu</span> 
     </span>
     <span class='ocr_line' id='line_1_51' title="bbox 189 2208 1262 2264; baseline -0.003 -8"><span class='ocrx_word' id='word_1_443' title='bbox 189 2223 444 2264; x_wconf 79' lang='lat' dir='ltr'>conventionum,</span> <span class='ocrx_word' id='word_1_444' title='bbox 460 2223 653 2263; x_wconf 81' lang='lat' dir='ltr'>Concordiae,</span> <span class='ocrx_word' id='word_1_445' title='bbox 672 2225 705 2255; x_wconf 87' lang='lat'>&amp;</span> <span class='ocrx_word' id='word_1_446' title='bbox 718 2208 968 2262; x_wconf 69' lang='lat' dir='ltr'>Confirmationis,</span> <span class='ocrx_word' id='word_1_447' title='bbox 986 2223 1200 2261; x_wconf 66' lang='lat' dir='ltr'>prredietarum,</span> <span class='ocrx_word' id='word_1_448' title='bbox 1219 2223 1262 2253; x_wconf 91' lang='lat' dir='ltr'>di—</span> 
     </span>
     <span class='ocr_line' id='line_1_52' title="bbox 190 2261 1259 2303; baseline -0.002 -9"><span class='ocrx_word' id='word_1_449' title='bbox 190 2263 253 2303; x_wconf 63' lang='lat' dir='ltr'>sta,</span> <span class='ocrx_word' id='word_1_450' title='bbox 271 2263 435 2294; x_wconf 88' lang='lat' dir='ltr'>Maneriurn</span> <span class='ocrx_word' id='word_1_451' title='bbox 457 2263 493 2294; x_wconf 89' lang='lat' dir='ltr'>de</span> <span class='ocrx_word' id='word_1_452' title='bbox 515 2261 636 2294; x_wconf 88' lang='lat' dir='ltr'>Condac</span> <span class='ocrx_word' id='word_1_453' title='bbox 672 2273 705 2294; x_wconf 91' lang='lat' dir='ltr'>ac</span> <span class='ocrx_word' id='word_1_454' title='bbox 728 2261 947 2303; x_wconf 81' lang='lat' dir='ltr'>Praeposituram</span> <span class='ocrx_word' id='word_1_455' title='bbox 966 2262 1002 2293; x_wconf 90' lang='lat' dir='ltr'>de</span> <span class='ocrx_word' id='word_1_456' title='bbox 1022 2262 1115 2301; x_wconf 90' lang='lat' dir='ltr'>Born,</span> <span class='ocrx_word' id='word_1_457' title='bbox 1132 2261 1259 2301; x_wconf 86' lang='lat' dir='ltr'>Meynu-</span> 
     </span>
     <span class='ocr_line' id='line_1_53' title="bbox 190 2286 987 2342; baseline -0.004 -8"><span class='ocrx_word' id='word_1_458' title='bbox 190 2302 235 2334; x_wconf 86' lang='lat' dir='ltr'>san</span> <span class='ocrx_word' id='word_1_459' title='bbox 270 2301 469 2342; x_wconf 84' lang='lat' dir='ltr'>Erbefaverie,</span> <span class='ocrx_word' id='word_1_460' title='bbox 486 2301 519 2333; x_wconf 88' lang='lat'>&amp;</span> <span class='ocrx_word' id='word_1_461' title='bbox 534 2301 570 2333; x_wconf 90' lang='lat' dir='ltr'>de</span> <span class='ocrx_word' id='word_1_462' title='bbox 585 2286 718 2341; x_wconf 79' lang='lat' dir='ltr'>Brasenc,</span> <span class='ocrx_word' id='word_1_463' title='bbox 737 2311 805 2332; x_wconf 90' lang='lat' dir='ltr'>cum</span> <span class='ocrx_word' id='word_1_464' title='bbox 816 2302 987 2341; x_wconf 86' lang='lat' dir='ltr'>pertinentiis</span> 
     </span>
    </p>

    <p class='ocr_par' dir='ltr' id='par_1_18' title="bbox 191 2324 1262 3028">
     <span class='ocr_line' id='line_1_54' title="bbox 229 2324 1258 2380; baseline -0.003 -8"><span class='ocrx_word' id='word_1_465' title='bbox 229 2326 287 2380; x_wconf 60' lang='lat' dir='ltr'>fit,</span> <span class='ocrx_word' id='word_1_466' title='bbox 305 2343 334 2372; x_wconf 92' lang='lat' dir='ltr'>in</span> <span class='ocrx_word' id='word_1_467' title='bbox 357 2340 667 2378; x_wconf 83' lang='lat' dir='ltr'>Recompensationem</span> <span class='ocrx_word' id='word_1_468' title='bbox 689 2340 912 2379; x_wconf 68' lang='lat' dir='ltr'>praedictorum,</span> <span class='ocrx_word' id='word_1_469' title='bbox 938 2324 1048 2378; x_wconf 56' lang='lat' dir='ltr'>Casiri,</span> <span class='ocrx_word' id='word_1_470' title='bbox 1068 2339 1160 2377; x_wconf 89' lang='lat' dir='ltr'>Loci,</span> <span class='ocrx_word' id='word_1_471' title='bbox 1179 2336 1258 2369; x_wconf 77' lang='lat' dir='ltr'>Prae-</span> 
     </span>
     <span class='ocr_line' id='line_1_55' title="bbox 212 2377 1243 2418; baseline -0.004 -7"><span class='ocrx_word' id='word_1_472' title='bbox 212 2381 340 2418; x_wconf 82' lang='lat' dir='ltr'>ofiturae,</span> <span class='ocrx_word' id='word_1_473' title='bbox 357 2381 391 2412; x_wconf 90' lang='lat'>&amp;</span> <span class='ocrx_word' id='word_1_474' title='bbox 413 2379 588 2410; x_wconf 83' lang='lat' dir='ltr'>Castellaniae</span> <span class='ocrx_word' id='word_1_475' title='bbox 609 2379 644 2410; x_wconf 89' lang='lat' dir='ltr'>de</span> <span class='ocrx_word' id='word_1_476' title='bbox 667 2379 883 2418; x_wconf 88' lang='lat' dir='ltr'>Mountandre,</span> <span class='ocrx_word' id='word_1_477' title='bbox 901 2388 934 2410; x_wconf 83' lang='lat' dir='ltr'>ac</span> <span class='ocrx_word' id='word_1_478' title='bbox 956 2377 1081 2415; x_wconf 84' lang='lat' dir='ltr'>Bladagii</span> <span class='ocrx_word' id='word_1_479' title='bbox 1103 2378 1138 2408; x_wconf 90' lang='lat' dir='ltr'>de</span> <span class='ocrx_word' id='word_1_480' title='bbox 1161 2377 1243 2418; x_wconf 82' lang='lat' dir='ltr'>Blaya</span> 
     </span>
     <span class='ocr_line' id='line_1_56' title="bbox 192 2390 1262 2460; baseline -0.003 -10"><span class='ocrx_word' id='word_1_481' title='bbox 192 2390 226 2449; x_wconf 63' lang='lat' dir='ltr'>gc</span> <span class='ocrx_word' id='word_1_482' title='bbox 246 2418 348 2450; x_wconf 79' lang='lat' dir='ltr'>Terrae</span> <span class='ocrx_word' id='word_1_483' title='bbox 370 2428 455 2459; x_wconf 84' lang='lat' dir='ltr'>quam</span> <span class='ocrx_word' id='word_1_484' title='bbox 477 2417 607 2448; x_wconf 88' lang='lat' dir='ltr'>Domina</span> <span class='ocrx_word' id='word_1_485' title='bbox 625 2418 663 2448; x_wconf 91' lang='lat' dir='ltr'>de</span> <span class='ocrx_word' id='word_1_486' title='bbox 680 2417 760 2457; x_wconf 88' lang='lat' dir='ltr'>Blaya</span> <span class='ocrx_word' id='word_1_487' title='bbox 776 2419 865 2449; x_wconf 87' lang='lat' dir='ltr'>tenuit</span> <span class='ocrx_word' id='word_1_488' title='bbox 879 2417 950 2448; x_wconf 78' lang='lat' dir='ltr'>dum</span> <span class='ocrx_word' id='word_1_489' title='bbox 965 2418 1096 2455; x_wconf 84' lang='lat' dir='ltr'>vivebat,</span> <span class='ocrx_word' id='word_1_490' title='bbox 1114 2427 1164 2454; x_wconf 87' lang='lat' dir='ltr'>per</span> <span class='ocrx_word' id='word_1_491' title='bbox 1179 2401 1262 2460; x_wconf 68' lang='lat' dir='ltr'>quos³</span> 
     </span>
     <span class='ocr_line' id='line_1_57' title="bbox 192 2456 1261 2495; baseline -0.002 -8"><span class='ocrx_word' id='word_1_492' title='bbox 192 2456 259 2487; x_wconf 82' lang='lat' dir='ltr'>dam</span> <span class='ocrx_word' id='word_1_493' title='bbox 280 2457 417 2488; x_wconf 89' lang='lat' dir='ltr'>Inimicos</span> <span class='ocrx_word' id='word_1_494' title='bbox 437 2456 548 2487; x_wconf 86' lang='lat' dir='ltr'>nostros</span> <span class='ocrx_word' id='word_1_495' title='bbox 570 2456 606 2486; x_wconf 91' lang='lat' dir='ltr'>de</span> <span class='ocrx_word' id='word_1_496' title='bbox 631 2456 747 2486; x_wconf 88' lang='lat' dir='ltr'>Francia</span> <span class='ocrx_word' id='word_1_497' title='bbox 764 2457 823 2493; x_wconf 84' lang='lat' dir='ltr'>jam</span> <span class='ocrx_word' id='word_1_498' title='bbox 844 2465 1070 2495; x_wconf 86' lang='lat' dir='ltr'>occupatorum,</span> <span class='ocrx_word' id='word_1_499' title='bbox 1088 2465 1261 2494; x_wconf 83' lang='lat' dir='ltr'>quominus,</span> 
     </span>
     <span class='ocr_line' id='line_1_58' title="bbox 193 2493 1262 2534; baseline -0.001 -9"><span class='ocrx_word' id='word_1_500' title='bbox 193 2495 270 2534; x_wconf 83' lang='lat' dir='ltr'>juxta</span> <span class='ocrx_word' id='word_1_501' title='bbox 289 2496 411 2526; x_wconf 84' lang='lat' dir='ltr'>formam</span> <span class='ocrx_word' id='word_1_502' title='bbox 426 2494 636 2525; x_wconf 88' lang='lat' dir='ltr'>Conventionis</span> <span class='ocrx_word' id='word_1_503' title='bbox 648 2494 681 2526; x_wconf 84' lang='lat'>&amp;</span> <span class='ocrx_word' id='word_1_504' title='bbox 696 2493 872 2525; x_wconf 79' lang='lat' dir='ltr'>Concordia:</span> <span class='ocrx_word' id='word_1_505' title='bbox 886 2494 1046 2533; x_wconf 86' lang='lat' dir='ltr'>hujusmodi</span> <span class='ocrx_word' id='word_1_506' title='bbox 1062 2494 1179 2533; x_wconf 82' lang='lat' dir='ltr'>praefaro</span> <span class='ocrx_word' id='word_1_507' title='bbox 1194 2493 1262 2524; x_wconf 89' lang='lat' dir='ltr'>Ber-</span> 
     </span>
     <span class='ocr_line' id='line_1_59' title="bbox 192 2532 1261 2573; baseline 0 -9"><span class='ocrx_word' id='word_1_508' title='bbox 192 2533 281 2565; x_wconf 87' lang='lat' dir='ltr'>nardo</span> <span class='ocrx_word' id='word_1_509' title='bbox 299 2534 369 2565; x_wconf 91' lang='lat' dir='ltr'>tradi</span> <span class='ocrx_word' id='word_1_510' title='bbox 384 2535 417 2566; x_wconf 87' lang='lat'>&amp;</span> <span class='ocrx_word' id='word_1_511' title='bbox 433 2534 541 2564; x_wconf 88' lang='lat' dir='ltr'>liberari</span> <span class='ocrx_word' id='word_1_512' title='bbox 555 2532 683 2573; x_wconf 75' lang='lat' dir='ltr'>possent,</span> <span class='ocrx_word' id='word_1_513' title='bbox 700 2533 797 2572; x_wconf 85' lang='lat' dir='ltr'>Loca,</span> <span class='ocrx_word' id='word_1_514' title='bbox 817 2533 949 2572; x_wconf 78' lang='lat' dir='ltr'>BallivaS,</span> <span class='ocrx_word' id='word_1_515' title='bbox 967 2534 1000 2564; x_wconf 91' lang='lat'>&amp;</span> <span class='ocrx_word' id='word_1_516' title='bbox 1013 2533 1118 2563; x_wconf 88' lang='lat' dir='ltr'>Terras</span> <span class='ocrx_word' id='word_1_517' title='bbox 1133 2532 1167 2563; x_wconf 94' lang='lat' dir='ltr'>de</span> <span class='ocrx_word' id='word_1_518' title='bbox 1180 2532 1261 2564; x_wconf 89' lang='lat' dir='ltr'>Pon-</span> 
     </span>
     <span class='ocr_line' id='line_1_60' title="bbox 192 2571 1261 2611; baseline -0.001 -8"><span class='ocrx_word' id='word_1_519' title='bbox 192 2573 285 2611; x_wconf 82' lang='lat' dir='ltr'>tosio,</span> <span class='ocrx_word' id='word_1_520' title='bbox 304 2573 406 2603; x_wconf 81' lang='lat' dir='ltr'>Aureae</span> <span class='ocrx_word' id='word_1_521' title='bbox 425 2571 512 2603; x_wconf 89' lang='lat' dir='ltr'>Vallis</span> <span class='ocrx_word' id='word_1_522' title='bbox 533 2571 568 2602; x_wconf 88' lang='lat' dir='ltr'>de</span> <span class='ocrx_word' id='word_1_523' title='bbox 589 2571 681 2603; x_wconf 72' lang='lat' dir='ltr'>Gossa</span> <span class='ocrx_word' id='word_1_524' title='bbox 716 2572 750 2603; x_wconf 67' lang='grc' dir='ltr'>ὅ(</span> <span class='ocrx_word' id='word_1_525' title='bbox 763 2573 798 2602; x_wconf 93' lang='lat' dir='ltr'>de</span> <span class='ocrx_word' id='word_1_526' title='bbox 814 2572 936 2611; x_wconf 87' lang='lat' dir='ltr'>Senhas,</span> <span class='ocrx_word' id='word_1_527' title='bbox 955 2572 989 2603; x_wconf 89' lang='lat' dir='ltr'>ad</span> <span class='ocrx_word' id='word_1_528' title='bbox 1003 2573 1261 2611; x_wconf 23' lang='lat' dir='ltr'>nosrpertinentes,</span> 
     </span>
     <span class='ocr_line' id='line_1_61' title="bbox 215 2596 1261 2654; baseline 0.001 -14"><span class='ocrx_word' id='word_1_529' title='bbox 215 2611 311 2642; x_wconf 80' lang='lat' dir='ltr'>raefato</span> <span class='ocrx_word' id='word_1_530' title='bbox 330 2611 490 2649; x_wconf 85' lang='lat' dir='ltr'>BernardO,</span> <span class='ocrx_word' id='word_1_531' title='bbox 508 2596 778 2654; x_wconf 28' lang='lat' dir='ltr'>tanquam-&amp;resedi</span> <span class='ocrx_word' id='word_1_532' title='bbox 802 2609 960 2641; x_wconf 85' lang='lat' dir='ltr'>Universali</span> <span class='ocrx_word' id='word_1_533' title='bbox 984 2611 1108 2648; x_wconf 79' lang='lat' dir='ltr'>praefatae</span> <span class='ocrx_word' id='word_1_534' title='bbox 1130 2610 1261 2650; x_wconf 78' lang='lat' dir='ltr'>Mathae,</span> 
     </span>
     <span class='ocr_line' id='line_1_62' title="bbox 191 2620 1262 2689; baseline -0.001 -9"><span class='ocrx_word' id='word_1_535' title='bbox 191 2620 335 2681; x_wconf 38' lang='lat' dir='ltr'>{en-enda</span> <span class='ocrx_word' id='word_1_536' title='bbox 354 2660 404 2689; x_wconf 89' lang='lat' dir='ltr'>per</span> <span class='ocrx_word' id='word_1_537' title='bbox 426 2649 516 2689; x_wconf 90' lang='lat' dir='ltr'>ipsum</span> <span class='ocrx_word' id='word_1_538' title='bbox 531 2672 541 2687; x_wconf 89' lang='lat'>,</span> <span class='ocrx_word' id='word_1_539' title='bbox 568 2651 602 2681; x_wconf 86' lang='lat'>&amp;</span> <span class='ocrx_word' id='word_1_540' title='bbox 627 2659 685 2687; x_wconf 79' lang='lat' dir='ltr'>ejus</span> <span class='ocrx_word' id='word_1_541' title='bbox 707 2649 843 2680; x_wconf 76' lang='lat' dir='ltr'>Haeredes</span> <span class='ocrx_word' id='word_1_542' title='bbox 864 2650 897 2681; x_wconf 86' lang='lat'>&amp;</span> <span class='ocrx_word' id='word_1_543' title='bbox 919 2649 1099 2680; x_wconf 86' lang='lat' dir='ltr'>Successores</span> <span class='ocrx_word' id='word_1_544' title='bbox 1120 2650 1262 2688; x_wconf 88' lang='lat' dir='ltr'>imperpe-</span> 
     </span>
     <span class='ocr_line' id='line_1_63' title="bbox 192 2686 1262 2728; baseline -0.002 -9"><span class='ocrx_word' id='word_1_545' title='bbox 192 2689 295 2728; x_wconf 75' lang='lat' dir='ltr'>tuum,</span> <span class='ocrx_word' id='word_1_546' title='bbox 313 2688 457 2728; x_wconf 86' lang='lat' dir='ltr'>quousque</span> <span class='ocrx_word' id='word_1_547' title='bbox 474 2687 680 2719; x_wconf 80' lang='lat' dir='ltr'>Poffeffionem</span> <span class='ocrx_word' id='word_1_548' title='bbox 696 2687 846 2727; x_wconf 83' lang='lat' dir='ltr'>pacificam</span> <span class='ocrx_word' id='word_1_549' title='bbox 861 2688 1024 2725; x_wconf 68' lang='lat' dir='ltr'>diciorum,</span> <span class='ocrx_word' id='word_1_550' title='bbox 1040 2686 1130 2717; x_wconf 84' lang='lat' dir='ltr'>Castri</span> <span class='ocrx_word' id='word_1_551' title='bbox 1141 2710 1150 2725; x_wconf 91' lang='lat'>,</span> <span class='ocrx_word' id='word_1_552' title='bbox 1171 2687 1262 2726; x_wconf 84' lang='lat' dir='ltr'>Loci,</span> 
     </span>
     <span class='ocr_line' id='line_1_64' title="bbox 194 2725 1262 2766; baseline -0.001 -9"><span class='ocrx_word' id='word_1_553' title='bbox 194 2727 229 2757; x_wconf 91' lang='lat'>&amp;</span> <span class='ocrx_word' id='word_1_554' title='bbox 244 2726 440 2766; x_wconf 77' lang='lat' dir='ltr'>Praepositurae</span> <span class='ocrx_word' id='word_1_555' title='bbox 455 2728 488 2757; x_wconf 67' lang='grc' dir='ltr'>ὃς</span> <span class='ocrx_word' id='word_1_556' title='bbox 504 2726 679 2758; x_wconf 83' lang='lat' dir='ltr'>Castellaniae</span> <span class='ocrx_word' id='word_1_557' title='bbox 691 2727 727 2757; x_wconf 90' lang='lat' dir='ltr'>de</span> <span class='ocrx_word' id='word_1_558' title='bbox 741 2726 990 2765; x_wconf 83' lang='lat' dir='ltr'>Mountandre,ac</span> <span class='ocrx_word' id='word_1_559' title='bbox 1005 2725 1124 2764; x_wconf 84' lang='lat' dir='ltr'>Bladagii</span> <span class='ocrx_word' id='word_1_560' title='bbox 1139 2726 1173 2756; x_wconf 88' lang='lat'>&amp;</span> <span class='ocrx_word' id='word_1_561' title='bbox 1187 2726 1262 2756; x_wconf 87' lang='lat' dir='ltr'>Ter-</span> 
     </span>
     <span class='ocr_line' id='line_1_65' title="bbox 193 2764 1258 2843; baseline 0 -8"><span class='ocrx_word' id='word_1_562' title='bbox 193 2776 252 2835; x_wconf 53' lang='lat'>3³53,</span> <span class='ocrx_word' id='word_1_563' title='bbox 267 2765 529 2842; x_wconf 55' lang='lat' dir='ltr'>figusscffifissi‘ffrfflrff</span> <span class='ocrx_word' id='word_1_564' title='bbox 536 2764 818 2843; x_wconf 53' lang='lat' dir='ltr'>fflsszi‘ssgssssffissss</span> <span class='ocrx_word' id='word_1_565' title='bbox 832 2764 1258 2835; x_wconf 51' lang='lat' dir='ltr'>‘&#39;ffr‘acirstsss‘ifbssss&#39;rfssfflss‘ciss‘e&#39;&#39;</span> 
     </span>
     <span class='ocr_line' id='line_1_66' title="bbox 261 2820 1262 2842; baseline -0.015 0"><span class='ocrx_word' id='word_1_566' title='bbox 261 2827 270 2842; x_wconf 65' lang='lat'><em>2</em></span> <span class='ocrx_word' id='word_1_567' title='bbox 825 2827 834 2842; x_wconf 83' lang='lat'>,</span> <span class='ocrx_word' id='word_1_568' title='bbox 1248 2820 1262 2827; x_wconf 83' lang='lat'><em>-</em></span> 
     </span>
     <span class='ocr_line' id='line_1_67' title="bbox 194 2852 252 2874; baseline -0.034 0"><span class='ocrx_word' id='word_1_569' title='bbox 194 2852 252 2874; x_wconf 83' lang='lat' dir='ltr'>ritis</span> 
     </span>
     <span class='ocr_line' id='line_1_68' title="bbox 233 2865 1258 2920; baseline 0.001 -9"><span class='ocrx_word' id='word_1_570' title='bbox 233 2865 362 2912; x_wconf 41' lang='lat' dir='ltr'>&amp;felii-nus</span> <span class='ocrx_word' id='word_1_571' title='bbox 386 2880 612 2918; x_wconf 82' lang='lat' dir='ltr'>Assigriationem</span> <span class='ocrx_word' id='word_1_572' title='bbox 627 2905 636 2920; x_wconf 88' lang='lat'>,</span> <span class='ocrx_word' id='word_1_573' title='bbox 659 2881 860 2912; x_wconf 85' lang='lat' dir='ltr'>Traditionem</span> <span class='ocrx_word' id='word_1_574' title='bbox 876 2906 886 2919; x_wconf 85' lang='lat'>,</span> <span class='ocrx_word' id='word_1_575' title='bbox 911 2882 944 2912; x_wconf 91' lang='lat'>&amp;</span> <span class='ocrx_word' id='word_1_576' title='bbox 967 2881 1198 2919; x_wconf 81' lang='lat' dir='ltr'>Liberationem,</span> <span class='ocrx_word' id='word_1_577' title='bbox 1225 2881 1258 2912; x_wconf 73' lang='grc' dir='ltr'>δε</span> 
     </span>
     <span class='ocr_line' id='line_1_69' title="bbox 194 2919 1260 2959; baseline 0.001 -9"><span class='ocrx_word' id='word_1_578' title='bbox 194 2920 246 2951; x_wconf 76' lang='lat' dir='ltr'>alia</span> <span class='ocrx_word' id='word_1_579' title='bbox 265 2920 415 2959; x_wconf 72' lang='lat' dir='ltr'>praediCta,</span> <span class='ocrx_word' id='word_1_580' title='bbox 434 2920 527 2950; x_wconf 86' lang='lat' dir='ltr'>eidem</span> <span class='ocrx_word' id='word_1_581' title='bbox 546 2919 686 2951; x_wconf 82' lang='lat' dir='ltr'>Beriiardo</span> <span class='ocrx_word' id='word_1_582' title='bbox 706 2921 744 2951; x_wconf 87' lang='lat' dir='ltr'>sic</span> <span class='ocrx_word' id='word_1_583' title='bbox 765 2920 868 2959; x_wconf 65' lang='lat' dir='ltr'>factas,</span> <span class='ocrx_word' id='word_1_584' title='bbox 887 2930 936 2958; x_wconf 91' lang='lat' dir='ltr'>per</span> <span class='ocrx_word' id='word_1_585' title='bbox 960 2920 1077 2950; x_wconf 82' lang='lat' dir='ltr'>Litteras</span> <span class='ocrx_word' id='word_1_586' title='bbox 1094 2919 1200 2950; x_wconf 83' lang='lat' dir='ltr'>nostras</span> <span class='ocrx_word' id='word_1_587' title='bbox 1212 2930 1260 2951; x_wconf 89' lang='lat' dir='ltr'>ac-</span> 
     </span>
     <span class='ocr_line' id='line_1_70' title="bbox 194 2958 557 3028; baseline -0.003 -39"><span class='ocrx_word' id='word_1_588' title='bbox 194 2966 306 3028; x_wconf 47' lang='lat' dir='ltr'>cerffiire</span> <span class='ocrx_word' id='word_1_589' title='bbox 321 2959 354 2990; x_wconf 92' lang='lat'>&amp;</span> <span class='ocrx_word' id='word_1_590' title='bbox 368 2958 536 2991; x_wconf 81' lang='lat' dir='ltr'>confirmare</span> <span class='ocrx_word' id='word_1_591' title='bbox 552 2969 557 2988; x_wconf 91' lang='lat'>:</span> 
     </span>
     <span class='ocr_line' id='line_1_71' title="bbox 270 3007 302 3027; baseline 0 0"><span class='ocrx_word' id='word_1_592' title='bbox 270 3007 302 3027; x_wconf 88' lang='lat' dir='ltr'>os</span> 
     </span>
    </p>

    <p class='ocr_par' dir='ltr' id='par_1_19' title="bbox 190 3020 1260 3151">
     <span class='ocr_line' id='line_1_72' title="bbox 229 3020 1259 3076; baseline -0.001 -11"><span class='ocrx_word' id='word_1_593' title='bbox 229 3020 380 3067; x_wconf 65' lang='lat' dir='ltr'>lntell&#39;et‘tis</span> <span class='ocrx_word' id='word_1_594' title='bbox 390 3034 562 3066; x_wconf 89' lang='lat' dir='ltr'>Commodo</span> <span class='ocrx_word' id='word_1_595' title='bbox 575 3036 607 3066; x_wconf 85' lang='lat'>&amp;</span> <span class='ocrx_word' id='word_1_596' title='bbox 624 3034 819 3066; x_wconf 88' lang='lat' dir='ltr'>Incommodo</span> <span class='ocrx_word' id='word_1_597' title='bbox 831 3045 894 3076; x_wconf 81' lang='lat' dir='ltr'>quae</span> <span class='ocrx_word' id='word_1_598' title='bbox 906 3046 939 3066; x_wconf 78' lang='lat' dir='ltr'>ex</span> <span class='ocrx_word' id='word_1_599' title='bbox 953 3035 1098 3075; x_wconf 70' lang='lat' dir='ltr'>pnemiffis</span> <span class='ocrx_word' id='word_1_600' title='bbox 1113 3035 1196 3065; x_wconf 91' lang='lat' dir='ltr'>nobis</span> <span class='ocrx_word' id='word_1_601' title='bbox 1210 3034 1259 3065; x_wconf 86' lang='lat' dir='ltr'>de-</span> 
     </span>
     <span class='ocr_line' id='line_1_73' title="bbox 193 3073 1260 3114; baseline 0.001 -12"><span class='ocrx_word' id='word_1_602' title='bbox 193 3075 323 3112; x_wconf 87' lang='lat' dir='ltr'>veniant,</span> <span class='ocrx_word' id='word_1_603' title='bbox 341 3076 374 3106; x_wconf 86' lang='lat'>&amp;</span> <span class='ocrx_word' id='word_1_604' title='bbox 395 3076 508 3105; x_wconf 86' lang='lat' dir='ltr'>evenire</span> <span class='ocrx_word' id='word_1_605' title='bbox 525 3084 558 3104; x_wconf 87' lang='lat' dir='ltr'>ac</span> <span class='ocrx_word' id='word_1_606' title='bbox 579 3075 741 3114; x_wconf 80' lang='lat' dir='ltr'>contingere</span> <span class='ocrx_word' id='word_1_607' title='bbox 766 3074 899 3113; x_wconf 78' lang='lat' dir='ltr'>possunt,</span> <span class='ocrx_word' id='word_1_608' title='bbox 921 3078 954 3106; x_wconf 65' lang='grc' dir='ltr'>ὅ(</span> <span class='ocrx_word' id='word_1_609' title='bbox 972 3074 1133 3106; x_wconf 87' lang='lat' dir='ltr'>Commodi</span> <span class='ocrx_word' id='word_1_610' title='bbox 1155 3074 1187 3104; x_wconf 91' lang='lat'>&amp;</span> <span class='ocrx_word' id='word_1_611' title='bbox 1210 3073 1260 3104; x_wconf 89' lang='lat' dir='ltr'>In-</span> 
     </span>
     <span class='ocr_line' id='line_1_74' title="bbox 190 3112 644 3151; baseline 0.004 -10"><span class='ocrx_word' id='word_1_612' title='bbox 190 3114 341 3143; x_wconf 86' lang='lat' dir='ltr'>commodi</span> <span class='ocrx_word' id='word_1_613' title='bbox 356 3113 523 3144; x_wconf 88' lang='lat' dir='ltr'>certitudine</span> <span class='ocrx_word' id='word_1_614' title='bbox 534 3112 627 3143; x_wconf 71' lang='lat' dir='ltr'>habita</span> <span class='ocrx_word' id='word_1_615' title='bbox 634 3135 644 3151; x_wconf 90' lang='lat'>,</span> 
     </span>
    </p>

    <p class='ocr_par' dir='ltr' id='par_1_20' title="bbox 196 3151 1261 3306">
     <span class='ocr_line' id='line_1_75' title="bbox 231 3151 1259 3192; baseline 0.001 -11"><span class='ocrx_word' id='word_1_616' title='bbox 231 3151 415 3182; x_wconf 84' lang='lat' dir='ltr'>Attendentes</span> <span class='ocrx_word' id='word_1_617' title='bbox 434 3161 508 3192; x_wconf 84' lang='lat' dir='ltr'>grata</span> <span class='ocrx_word' id='word_1_618' title='bbox 528 3152 561 3181; x_wconf 85' lang='lat'>&amp;</span> <span class='ocrx_word' id='word_1_619' title='bbox 585 3152 658 3182; x_wconf 89' lang='lat' dir='ltr'>utilia</span> <span class='ocrx_word' id='word_1_620' title='bbox 683 3151 827 3189; x_wconf 81' lang='lat' dir='ltr'>obsequia</span> <span class='ocrx_word' id='word_1_621' title='bbox 845 3162 892 3190; x_wconf 86' lang='lat' dir='ltr'>per</span> <span class='ocrx_word' id='word_1_622' title='bbox 912 3151 1059 3190; x_wconf 78' lang='lat' dir='ltr'>praefatum</span> <span class='ocrx_word' id='word_1_623' title='bbox 1084 3151 1259 3182; x_wconf 84' lang='lat' dir='ltr'>Bernardum</span> 
     </span>
     <span class='ocr_line' id='line_1_76' title="bbox 199 3190 1259 3231; baseline 0.001 -12"><span class='ocrx_word' id='word_1_624' title='bbox 199 3190 284 3220; x_wconf 85' lang='lat' dir='ltr'>nobis</span> <span class='ocrx_word' id='word_1_625' title='bbox 303 3191 437 3221; x_wconf 65' lang='lat' dir='ltr'>hadienus</span> <span class='ocrx_word' id='word_1_626' title='bbox 458 3191 650 3228; x_wconf 86' lang='lat' dir='ltr'>multipliciter</span> <span class='ocrx_word' id='word_1_627' title='bbox 663 3191 802 3229; x_wconf 84' lang='lat' dir='ltr'>impensa,</span> <span class='ocrx_word' id='word_1_628' title='bbox 819 3200 851 3220; x_wconf 93' lang='lat' dir='ltr'>ac</span> <span class='ocrx_word' id='word_1_629' title='bbox 866 3191 1033 3221; x_wconf 84' lang='lat' dir='ltr'>laudabilem</span> <span class='ocrx_word' id='word_1_630' title='bbox 1049 3190 1162 3231; x_wconf 85' lang='lat' dir='ltr'>gestum</span> <span class='ocrx_word' id='word_1_631' title='bbox 1179 3190 1259 3220; x_wconf 87' lang='lat' dir='ltr'>suum</span> 
     </span>
     <span class='ocr_line' id='line_1_77' title="bbox 196 3228 1261 3268; baseline 0.001 -11"><span class='ocrx_word' id='word_1_632' title='bbox 196 3228 226 3257; x_wconf 89' lang='lat' dir='ltr'>in</span> <span class='ocrx_word' id='word_1_633' title='bbox 242 3229 367 3268; x_wconf 87' lang='lat' dir='ltr'>praesenti</span> <span class='ocrx_word' id='word_1_634' title='bbox 383 3228 494 3260; x_wconf 69' lang='lat' dir='ltr'>Guerra</span> <span class='ocrx_word' id='word_1_635' title='bbox 508 3228 602 3259; x_wconf 66' lang='lat' dir='ltr'>nostra</span> <span class='ocrx_word' id='word_1_636' title='bbox 618 3238 681 3268; x_wconf 86' lang='lat' dir='ltr'>erga</span> <span class='ocrx_word' id='word_1_637' title='bbox 695 3229 763 3260; x_wconf 89' lang='lat' dir='ltr'>Nos</span> <span class='ocrx_word' id='word_1_638' title='bbox 776 3229 810 3260; x_wconf 75' lang='grc' dir='ltr'>δε</span> <span class='ocrx_word' id='word_1_639' title='bbox 828 3228 937 3259; x_wconf 84' lang='lat' dir='ltr'>Gentes</span> <span class='ocrx_word' id='word_1_640' title='bbox 950 3229 1056 3259; x_wconf 84' lang='lat' dir='ltr'>nostras</span> <span class='ocrx_word' id='word_1_641' title='bbox 1071 3230 1191 3268; x_wconf 87' lang='lat' dir='ltr'>partium</span> <span class='ocrx_word' id='word_1_642' title='bbox 1205 3229 1261 3259; x_wconf 81' lang='lat' dir='ltr'>illa-</span> 
     </span>
     <span class='ocr_line' id='line_1_78' title="bbox 198 3267 728 3306; baseline 0.006 -10"><span class='ocrx_word' id='word_1_643' title='bbox 198 3276 261 3297; x_wconf 85' lang='lat' dir='ltr'>rum</span> <span class='ocrx_word' id='word_1_644' title='bbox 274 3267 417 3297; x_wconf 83' lang='lat' dir='ltr'>ostensum</span> <span class='ocrx_word' id='word_1_645' title='bbox 427 3291 436 3306; x_wconf 92' lang='lat'>,</span> <span class='ocrx_word' id='word_1_646' title='bbox 455 3268 554 3299; x_wconf 86' lang='lat' dir='ltr'>intime</span> <span class='ocrx_word' id='word_1_647' title='bbox 570 3268 728 3306; x_wconf 72' lang='lat' dir='ltr'>pensante8‚</span> 
     </span>
    </p>

    <p class='ocr_par' dir='ltr' id='par_1_21' title="bbox 195 3304 1262 3424">
     <span class='ocr_line' id='line_1_79' title="bbox 238 3304 1260 3346; baseline 0.001 -11"><span class='ocrx_word' id='word_1_648' title='bbox 238 3304 426 3344; x_wconf 79' lang='lat' dir='ltr'>Volentesque</span> <span class='ocrx_word' id='word_1_649' title='bbox 441 3330 451 3345; x_wconf 87' lang='lat'>,</span> <span class='ocrx_word' id='word_1_650' title='bbox 468 3306 676 3345; x_wconf 81' lang='lat' dir='ltr'>praemifforum</span> <span class='ocrx_word' id='word_1_651' title='bbox 698 3305 938 3344; x_wconf 75' lang='lat' dir='ltr'>consideratione,</span> <span class='ocrx_word' id='word_1_652' title='bbox 956 3306 1036 3346; x_wconf 86' lang='lat' dir='ltr'>ipsius</span> <span class='ocrx_word' id='word_1_653' title='bbox 1054 3305 1260 3344; x_wconf 86' lang='lat' dir='ltr'>Supplicationi</span> 
     </span>
     <span class='ocr_line' id='line_1_80' title="bbox 199 3343 1261 3386; baseline 0 -12"><span class='ocrx_word' id='word_1_654' title='bbox 199 3353 236 3386; x_wconf 71' lang='lat' dir='ltr'>eo</span> <span class='ocrx_word' id='word_1_655' title='bbox 257 3343 436 3375; x_wconf 72' lang='lat' dir='ltr'>favorabilius</span> <span class='ocrx_word' id='word_1_656' title='bbox 456 3354 577 3376; x_wconf 87' lang='lat' dir='ltr'>annuere</span> <span class='ocrx_word' id='word_1_657' title='bbox 596 3345 625 3374; x_wconf 92' lang='lat' dir='ltr'>in</span> <span class='ocrx_word' id='word_1_658' title='bbox 646 3345 699 3376; x_wconf 83' lang='lat' dir='ltr'>hac</span> <span class='ocrx_word' id='word_1_659' title='bbox 725 3354 818 3384; x_wconf 82' lang='lat' dir='ltr'>parte,</span> <span class='ocrx_word' id='word_1_660' title='bbox 835 3354 894 3384; x_wconf 88' lang='lat' dir='ltr'>quo</span> <span class='ocrx_word' id='word_1_661' title='bbox 915 3344 1004 3382; x_wconf 90' lang='lat' dir='ltr'>ipsum</span> <span class='ocrx_word' id='word_1_662' title='bbox 1019 3344 1052 3375; x_wconf 88' lang='lat' dir='ltr'>ad</span> <span class='ocrx_word' id='word_1_663' title='bbox 1067 3345 1261 3375; x_wconf 77' lang='lat' dir='ltr'>defensionem</span> 
     </span>
     <span class='ocr_line' id='line_1_81' title="bbox 195 3379 1262 3424; baseline 0 -11"><span class='ocrx_word' id='word_1_664' title='bbox 195 3379 307 3419; x_wconf 89' lang='lat' dir='ltr'>Jurium</span> <span class='ocrx_word' id='word_1_665' title='bbox 328 3384 494 3413; x_wconf 66' lang='lat' dir='ltr'>nbstrorum</span> <span class='ocrx_word' id='word_1_666' title='bbox 515 3391 681 3424; x_wconf 86' lang='lat' dir='ltr'>promptum</span> <span class='ocrx_word' id='word_1_667' title='bbox 697 3383 722 3414; x_wconf 92' lang='lat' dir='ltr'>se</span> <span class='ocrx_word' id='word_1_668' title='bbox 737 3383 850 3414; x_wconf 86' lang='lat' dir='ltr'>reddere</span> <span class='ocrx_word' id='word_1_669' title='bbox 863 3384 1052 3421; x_wconf 87' lang='lat' dir='ltr'>conspicimus</span> <span class='ocrx_word' id='word_1_670' title='bbox 1066 3384 1100 3414; x_wconf 85' lang='lat'>&amp;</span> <span class='ocrx_word' id='word_1_671' title='bbox 1116 3380 1262 3422; x_wconf 83' lang='lat' dir='ltr'>para&#39;tum,</span> 
     </span>
    </p>

    <p class='ocr_par' dir='ltr' id='par_1_22' title="bbox 237 3421 1056 3461">
     <span class='ocr_line' id='line_1_82' title="bbox 237 3421 1056 3461; baseline 0.002 -10"><span class='ocrx_word' id='word_1_672' title='bbox 237 3423 255 3438; x_wconf 69' lang='lat'>‘</span> <span class='ocrx_word' id='word_1_673' title='bbox 270 3421 513 3461; x_wconf 82' lang='lat' dir='ltr'>Affignationem,</span> <span class='ocrx_word' id='word_1_674' title='bbox 530 3422 746 3460; x_wconf 84' lang='lat' dir='ltr'>Traditionem,</span> <span class='ocrx_word' id='word_1_675' title='bbox 768 3423 802 3453; x_wconf 87' lang='lat'>&amp;</span> <span class='ocrx_word' id='word_1_676' title='bbox 824 3422 1056 3458; x_wconf 86' lang='lat' dir='ltr'>Liberationem‚</span> 
     </span>
    </p>

    <p class='ocr_par' dir='ltr' id='par_1_23' title="bbox 202 3458 1267 3606">
     <span class='ocr_line' id='line_1_83' title="bbox 236 3458 1264 3499; baseline 0.001 -10"><span class='ocrx_word' id='word_1_677' title='bbox 236 3458 291 3490; x_wconf 89' lang='lat' dir='ltr'>Per</span> <span class='ocrx_word' id='word_1_678' title='bbox 314 3469 368 3491; x_wconf 79' lang='lat' dir='ltr'>vos</span> <span class='ocrx_word' id='word_1_679' title='bbox 385 3460 516 3499; x_wconf 82' lang='lat' dir='ltr'>(praefate</span> <span class='ocrx_word' id='word_1_680' title='bbox 534 3460 687 3491; x_wconf 87' lang='lat' dir='ltr'>Senescalle</span> <span class='ocrx_word' id='word_1_681' title='bbox 706 3460 800 3491; x_wconf 85' lang='lat' dir='ltr'>noster</span> <span class='ocrx_word' id='word_1_682' title='bbox 814 3483 824 3498; x_wconf 91' lang='lat'>,</span> <span class='ocrx_word' id='word_1_683' title='bbox 854 3462 902 3499; x_wconf 83' lang='lat' dir='ltr'>qui</span> <span class='ocrx_word' id='word_1_684' title='bbox 924 3470 1001 3491; x_wconf 88' lang='lat' dir='ltr'>nunc</span> <span class='ocrx_word' id='word_1_685' title='bbox 1022 3460 1102 3497; x_wconf 88' lang='lat' dir='ltr'>estis)</span> <span class='ocrx_word' id='word_1_686' title='bbox 1122 3459 1264 3498; x_wconf 60' lang='lat' dir='ltr'>praedidio</span> 
     </span>
     <span class='ocr_line' id='line_1_84' title="bbox 202 3496 1267 3539; baseline 0 -11"><span class='ocrx_word' id='word_1_687' title='bbox 202 3496 342 3529; x_wconf 87' lang='lat' dir='ltr'>Bernardo</span> <span class='ocrx_word' id='word_1_688' title='bbox 356 3499 392 3529; x_wconf 91' lang='lat' dir='ltr'>de</span> <span class='ocrx_word' id='word_1_689' title='bbox 408 3498 569 3537; x_wconf 57' lang='lat' dir='ltr'>praemissis,</span> <span class='ocrx_word' id='word_1_690' title='bbox 588 3500 621 3530; x_wconf 90' lang='lat'><strong>&amp;</strong></span> <span class='ocrx_word' id='word_1_691' title='bbox 638 3508 739 3529; x_wconf 88' lang='lat' dir='ltr'>eorum</span> <span class='ocrx_word' id='word_1_692' title='bbox 753 3500 941 3537; x_wconf 80' lang='lat' dir='ltr'>pertinentiis,</span> <span class='ocrx_word' id='word_1_693' title='bbox 960 3499 994 3530; x_wconf 88' lang='lat'>&amp;</span> <span class='ocrx_word' id='word_1_694' title='bbox 1011 3508 1097 3539; x_wconf 90' lang='lat' dir='ltr'>prout</span> <span class='ocrx_word' id='word_1_695' title='bbox 1110 3498 1187 3528; x_wconf 89' lang='lat' dir='ltr'>idem</span> <span class='ocrx_word' id='word_1_696' title='bbox 1202 3498 1267 3529; x_wconf 89' lang='lat' dir='ltr'>Ber-</span> 
     </span>
     <span class='ocr_line' id='line_1_85' title="bbox 202 3536 1263 3606; baseline 0.002 -40"><span class='ocrx_word' id='word_1_697' title='bbox 202 3536 302 3606; x_wconf 51' lang='lat' dir='ltr'>gtardus</span> <span class='ocrx_word' id='word_1_698' title='bbox 322 3547 372 3575; x_wconf 85' lang='lat' dir='ltr'>per</span> <span class='ocrx_word' id='word_1_699' title='bbox 394 3537 420 3567; x_wconf 92' lang='lat' dir='ltr'>se</span> <span class='ocrx_word' id='word_1_700' title='bbox 432 3560 441 3576; x_wconf 87' lang='lat'>‚</span> <span class='ocrx_word' id='word_1_701' title='bbox 460 3538 492 3568; x_wconf 72' lang='grc' dir='ltr'>ὃ(</span> <span class='ocrx_word' id='word_1_702' title='bbox 512 3538 579 3568; x_wconf 89' lang='lat' dir='ltr'>alios</span> <span class='ocrx_word' id='word_1_703' title='bbox 597 3538 657 3568; x_wconf 90' lang='lat' dir='ltr'>suos</span> <span class='ocrx_word' id='word_1_704' title='bbox 680 3537 826 3569; x_wconf 85' lang='lat' dir='ltr'>Officiales</span> <span class='ocrx_word' id='word_1_705' title='bbox 839 3560 849 3576; x_wconf 86' lang='lat'>,</span> <span class='ocrx_word' id='word_1_706' title='bbox 865 3547 898 3569; x_wconf 84' lang='lat' dir='ltr'>ea</span> <span class='ocrx_word' id='word_1_707' title='bbox 916 3546 993 3568; x_wconf 87' lang='lat' dir='ltr'>tenet</span> <span class='ocrx_word' id='word_1_708' title='bbox 1013 3539 1046 3569; x_wconf 67' lang='grc' dir='ltr'>ὃ(</span> <span class='ocrx_word' id='word_1_709' title='bbox 1067 3536 1204 3576; x_wconf 79' lang='lat' dir='ltr'>possidet,</span> <span class='ocrx_word' id='word_1_710' title='bbox 1223 3537 1263 3568; x_wconf 86' lang='lat' dir='ltr'>fa-</span> 
     </span>
    </p>

    <p class='ocr_par' dir='ltr' id='par_1_24' title="bbox 234 3585 279 3613">
     <span class='ocr_line' id='line_1_86' title="bbox 234 3585 279 3613; baseline 0 -8"><span class='ocrx_word' id='word_1_711' title='bbox 234 3585 279 3613; x_wconf 88' lang='lat' dir='ltr'>as,</span> 
     </span>
    </p>

    <p class='ocr_par' dir='ltr' id='par_1_25' title="bbox 240 3613 658 3653">
     <span class='ocr_line' id='line_1_87' title="bbox 240 3613 658 3653; baseline 0.007 -11"><span class='ocrx_word' id='word_1_712' title='bbox 240 3613 347 3644; x_wconf 86' lang='lat' dir='ltr'>Firmas</span> <span class='ocrx_word' id='word_1_713' title='bbox 361 3614 394 3645; x_wconf 74' lang='grc' dir='ltr'>δε</span> <span class='ocrx_word' id='word_1_714' title='bbox 428 3621 495 3644; x_wconf 85' lang='lat' dir='ltr'>ratas</span> <span class='ocrx_word' id='word_1_715' title='bbox 508 3614 658 3653; x_wconf 87' lang='lat' dir='ltr'>habentes,</span> 
     </span>
    </p>

    <p class='ocr_par' dir='ltr' id='par_1_26' title="bbox 208 3650 1267 3769">
     <span class='ocr_line' id='line_1_88' title="bbox 243 3650 1267 3691; baseline 0.001 -10"><span class='ocrx_word' id='word_1_716' title='bbox 243 3651 288 3681; x_wconf 84' lang='lat' dir='ltr'>Ex</span> <span class='ocrx_word' id='word_1_717' title='bbox 311 3652 388 3683; x_wconf 67' lang='lat' dir='ltr'>certa</span> <span class='ocrx_word' id='word_1_718' title='bbox 419 3652 539 3690; x_wconf 66' lang='lat' dir='ltr'>cientia,</span> <span class='ocrx_word' id='word_1_719' title='bbox 563 3654 596 3683; x_wconf 69' lang='grc' dir='ltr'>ὅ(</span> <span class='ocrx_word' id='word_1_720' title='bbox 616 3654 816 3684; x_wconf 87' lang='lat' dir='ltr'>deliberatione</span> <span class='ocrx_word' id='word_1_721' title='bbox 837 3652 925 3683; x_wconf 88' lang='lat' dir='ltr'>nostri</span> <span class='ocrx_word' id='word_1_722' title='bbox 945 3650 1090 3691; x_wconf 87' lang='lat' dir='ltr'>Concilii,</span> <span class='ocrx_word' id='word_1_723' title='bbox 1109 3650 1267 3690; x_wconf 68' lang='lat' dir='ltr'>Gratifique</span> 
     </span>
     <span class='ocr_line' id='line_1_89' title="bbox 208 3687 1267 3730; baseline 0.003 -12"><span class='ocrx_word' id='word_1_724' title='bbox 208 3687 332 3728; x_wconf 82' lang='lat' dir='ltr'>speciali,</span> <span class='ocrx_word' id='word_1_725' title='bbox 349 3699 447 3720; x_wconf 88' lang='lat' dir='ltr'>tenore</span> <span class='ocrx_word' id='word_1_726' title='bbox 471 3691 647 3728; x_wconf 87' lang='lat' dir='ltr'>praesentium</span> <span class='ocrx_word' id='word_1_727' title='bbox 683 3691 882 3729; x_wconf 84' lang='lat' dir='ltr'>Ratificamus‚</span> <span class='ocrx_word' id='word_1_728' title='bbox 898 3691 1114 3730; x_wconf 84' lang='lat' dir='ltr'>Approbamus,</span> <span class='ocrx_word' id='word_1_729' title='bbox 1130 3691 1164 3722; x_wconf 91' lang='lat'>&amp;</span> <span class='ocrx_word' id='word_1_730' title='bbox 1183 3689 1267 3721; x_wconf 90' lang='lat' dir='ltr'>Con-</span> 
     </span>
     <span class='ocr_line' id='line_1_90' title="bbox 209 3715 897 3769; baseline 0.009 -14"><span class='ocrx_word' id='word_1_731' title='bbox 209 3725 364 3766; x_wconf 85' lang='lat' dir='ltr'>firmamus,</span> <span class='ocrx_word' id='word_1_732' title='bbox 380 3729 448 3760; x_wconf 86' lang='lat' dir='ltr'>sicut</span> <span class='ocrx_word' id='word_1_733' title='bbox 461 3729 577 3760; x_wconf 85' lang='lat' dir='ltr'>Litterae</span> <span class='ocrx_word' id='word_1_734' title='bbox 591 3715 735 3768; x_wconf 65' lang='lat' dir='ltr'>praedistae</span> <span class='ocrx_word' id='word_1_735' title='bbox 748 3729 897 3769; x_wconf 74' lang='lat' dir='ltr'>testantur,</span> 
     </span>
    </p>

    <p class='ocr_par' dir='ltr' id='par_1_27' title="bbox 210 3763 1239 3907">
     <span class='ocr_line' id='line_1_91' title="bbox 248 3763 1239 3808; baseline 0.005 -15"><span class='ocrx_word' id='word_1_736' title='bbox 248 3763 427 3804; x_wconf 74' lang='lat' dir='ltr'>Suppientes‚</span> <span class='ocrx_word' id='word_1_737' title='bbox 451 3768 486 3798; x_wconf 90' lang='lat' dir='ltr'>de</span> <span class='ocrx_word' id='word_1_738' title='bbox 504 3768 673 3807; x_wconf 88' lang='lat' dir='ltr'>plenitudine</span> <span class='ocrx_word' id='word_1_739' title='bbox 696 3768 858 3808; x_wconf 76' lang='lat' dir='ltr'>potestatis,</span> <span class='ocrx_word' id='word_1_740' title='bbox 877 3769 1007 3807; x_wconf 60' lang='lat' dir='ltr'>quatimis</span> <span class='ocrx_word' id='word_1_741' title='bbox 1026 3769 1061 3800; x_wconf 87' lang='lat' dir='ltr'>ad</span> <span class='ocrx_word' id='word_1_742' title='bbox 1082 3777 1134 3799; x_wconf 90' lang='lat' dir='ltr'>nos</span> <span class='ocrx_word' id='word_1_743' title='bbox 1152 3768 1239 3798; x_wconf 86' lang='lat' dir='ltr'>attine</span> 
     </span>
     <span class='ocr_line' id='line_1_92' title="bbox 213 3799 952 3849; baseline 0.012 -20"><span class='ocrx_word' id='word_1_744' title='bbox 213 3799 248 3830; x_wconf 86' lang='lat'>&amp;</span> <span class='ocrx_word' id='word_1_745' title='bbox 269 3801 390 3849; x_wconf 29' lang='lat' dir='ltr'>denJure</span> <span class='ocrx_word' id='word_1_746' title='bbox 422 3806 572 3848; x_wconf 68' lang='lat' dir='ltr'>pffimus,</span> <span class='ocrx_word' id='word_1_747' title='bbox 590 3817 710 3837; x_wconf 89' lang='lat' dir='ltr'>omnem</span> <span class='ocrx_word' id='word_1_748' title='bbox 732 3807 890 3838; x_wconf 68' lang='lat' dir='ltr'>Defflstum</span> <span class='ocrx_word' id='word_1_749' title='bbox 913 3808 952 3845; x_wconf 81' lang='lat' dir='ltr'>(si</span> 
     </span>
     <span class='ocr_line' id='line_1_93' title="bbox 210 3837 974 3907; baseline 0.007 -35"><span class='ocrx_word' id='word_1_750' title='bbox 210 3837 350 3907; x_wconf 48' lang='grc' dir='ltr'>ἒὲὲῗὲἳῖἑαῃ</span> <span class='ocrx_word' id='word_1_751' title='bbox 349 3842 399 3872; x_wconf 88' lang='lat' dir='ltr'>ade</span> <span class='ocrx_word' id='word_1_752' title='bbox 423 3845 464 3881; x_wconf 90' lang='lat' dir='ltr'>et)</span> <span class='ocrx_word' id='word_1_753' title='bbox 487 3844 701 3884; x_wconf 86' lang='lat' dir='ltr'>Affignationis,</span> <span class='ocrx_word' id='word_1_754' title='bbox 719 3844 923 3885; x_wconf 82' lang='lat' dir='ltr'>Liberationi&#39;s,</span> <span class='ocrx_word' id='word_1_755' title='bbox 941 3848 974 3879; x_wconf 89' lang='lat'><strong>&amp;</strong></span> 
     </span>
    </p>

    <p class='ocr_par' dir='ltr' id='par_1_28' title="bbox 357 3903 367 3917">
     <span class='ocr_line' id='line_1_94' title="bbox 357 3903 367 3917; baseline 0 0"><span class='ocrx_word' id='word_1_756' title='bbox 357 3903 367 3917; x_wconf 71' lang='lat'><strong>7</strong></span> 
     </span>
    </p>
   </div>
   <div class='ocr_carea' id='block_1_4' title="bbox 250 3914 1269 3962">
    <p class='ocr_par' dir='ltr' id='par_1_29' title="bbox 250 3914 1269 3962">
     <span class='ocr_line' id='line_1_95' title="bbox 250 3914 1269 3962; baseline 0.002 -14"><span class='ocrx_word' id='word_1_757' title='bbox 250 3914 359 3954; x_wconf 76' lang='lat' dir='ltr'>Vobis,</span> <span class='ocrx_word' id='word_1_758' title='bbox 376 3917 409 3948; x_wconf 89' lang='lat'>&amp;</span> <span class='ocrx_word' id='word_1_759' title='bbox 428 3920 543 3951; x_wconf 83' lang='lat' dir='ltr'>cuilibet</span> <span class='ocrx_word' id='word_1_760' title='bbox 560 3921 703 3961; x_wconf 69' lang='lat' dir='ltr'>vestrum,</span> <span class='ocrx_word' id='word_1_761' title='bbox 719 3921 890 3953; x_wconf 58' lang='lat' dir='ltr'>Mandant&amp;</span> <span class='ocrx_word' id='word_1_762' title='bbox 901 3924 1031 3961; x_wconf 87' lang='lat' dir='ltr'>quatinus</span> <span class='ocrx_word' id='word_1_763' title='bbox 1046 3923 1135 3962; x_wconf 87' lang='lat' dir='ltr'>ipsum</span> <span class='ocrx_word' id='word_1_764' title='bbox 1152 3921 1269 3953; x_wconf 87' lang='lat' dir='ltr'>Bernar-</span> 
     </span>
    </p>
   </div>
   <div class='ocr_carea' id='block_1_5' title="bbox 55 3441 186 3472">
    <p class='ocr_par' dir='ltr' id='par_1_30' title="bbox 55 3441 186 3472">
     <span class='ocr_line' id='line_1_96' title="bbox 55 3441 186 3472; baseline 0.008 -1"><span class='ocrx_word' id='word_1_765' title='bbox 55 3441 72 3461; x_wconf 78' lang='lat'>⁸</span> <span class='ocrx_word' id='word_1_766' title='bbox 83 3444 186 3472; x_wconf 81' lang='lat' dir='ltr'>v.266.</span> 
     </span>
    </p>
   </div>
   <div class='ocr_carea' id='block_1_6' title="bbox 211 3952 1270 4000">
    <p class='ocr_par' dir='ltr' id='par_1_31' title="bbox 211 3952 1270 4000">
     <span class='ocr_line' id='line_1_97' title="bbox 211 3952 1270 4000; baseline 0.006 -15"><span class='ocrx_word' id='word_1_767' title='bbox 211 3952 284 3986; x_wconf 85' lang='lat' dir='ltr'>dum</span> <span class='ocrx_word' id='word_1_768' title='bbox 303 3954 334 3984; x_wconf 88' lang='lat' dir='ltr'>iu</span> <span class='ocrx_word' id='word_1_769' title='bbox 355 3952 541 3994; x_wconf 84' lang='lat' dir='ltr'>Corporalern</span> <span class='ocrx_word' id='word_1_770' title='bbox 559 3958 765 3992; x_wconf 85' lang='lat' dir='ltr'>Posseffionem</span> <span class='ocrx_word' id='word_1_771' title='bbox 785 3959 942 3993; x_wconf 80' lang='lat' dir='ltr'>Terrarum</span> <span class='ocrx_word' id='word_1_772' title='bbox 955 3962 989 3994; x_wconf 83' lang='lat'>&amp;</span> <span class='ocrx_word' id='word_1_773' title='bbox 1005 3961 1154 3994; x_wconf 81' lang='lat' dir='ltr'>Locorum</span> <span class='ocrx_word' id='word_1_774' title='bbox 1168 3960 1270 4000; x_wconf 82' lang='lat' dir='ltr'>praedi-</span> 
     </span>
    </p>
   </div>
   <div class='ocr_carea' id='block_1_7' title="bbox 625 99 1426 150">
    <p class='ocr_par' dir='ltr' id='par_1_32' title="bbox 625 99 1426 150">
     <span class='ocr_line' id='line_1_98' title="bbox 625 99 1426 150; baseline -0.015 0"><span class='ocrx_word' id='word_1_775' title='bbox 625 99 1426 150; x_wconf 83' lang='lat' dir='ltr'>CONVENTIONES,</span> 
     </span>
    </p>
   </div>
   <div class='ocr_carea' id='block_1_8' title="bbox 1499 99 1901 153">
    <p class='ocr_par' dir='ltr' id='par_1_33' title="bbox 1499 99 1901 153">
     <span class='ocr_line' id='line_1_99' title="bbox 1499 99 1901 153; baseline 0.007 -13"><span class='ocrx_word' id='word_1_776' title='bbox 1499 99 1901 153; x_wconf 77' lang='lat' dir='ltr'>LITERAE,</span> 
     </span>
    </p>
   </div>
   <div class='ocr_carea' id='block_1_9' title="bbox 1287 184 2497 1004">
    <p class='ocr_par' dir='ltr' id='par_1_34' title="bbox 1288 184 2497 306">
     <span class='ocr_line' id='line_1_100' title="bbox 1289 184 2497 228; baseline 0.005 -12"><span class='ocrx_word' id='word_1_777' title='bbox 1289 186 1423 225; x_wconf 59' lang='lat' dir='ltr'>diorum,</span> <span class='ocrx_word' id='word_1_778' title='bbox 1441 195 1509 216; x_wconf 89' lang='lat' dir='ltr'>curn</span> <span class='ocrx_word' id='word_1_779' title='bbox 1528 197 1629 218; x_wconf 88' lang='lat' dir='ltr'>eorum</span> <span class='ocrx_word' id='word_1_780' title='bbox 1647 186 1778 225; x_wconf 83' lang='lat' dir='ltr'>Juribus,</span> <span class='ocrx_word' id='word_1_781' title='bbox 1792 186 2055 226; x_wconf 66' lang='lat' dir='ltr'>jurisdifflonibus,</span> <span class='ocrx_word' id='word_1_782' title='bbox 2073 187 2215 228; x_wconf 68' lang='lat' dir='ltr'>Resonis,</span> <span class='ocrx_word' id='word_1_783' title='bbox 2232 191 2266 221; x_wconf 86' lang='lat'>&amp;</span> <span class='ocrx_word' id='word_1_784' title='bbox 2286 190 2353 222; x_wconf 87' lang='lat' dir='ltr'>Ho-</span> <span class='ocrx_word' id='word_1_785' title='bbox 2368 184 2442 214; x_wconf 68' lang='grc' dir='ltr'>ᾹΠΠ·</span> <span class='ocrx_word' id='word_1_786' title='bbox 2455 184 2497 216; x_wconf 86' lang='lat' dir='ltr'>D·</span> 
     </span>
     <span class='ocr_line' id='line_1_101' title="bbox 1290 225 2477 268; baseline 0.004 -12"><span class='ocrx_word' id='word_1_787' title='bbox 1290 226 1390 262; x_wconf 83' lang='lat' dir='ltr'>magiis</span> <span class='ocrx_word' id='word_1_788' title='bbox 1404 248 1414 262; x_wconf 85' lang='lat'>,</span> <span class='ocrx_word' id='word_1_789' title='bbox 1442 227 1525 255; x_wconf 89' lang='lat' dir='ltr'>meris</span> <span class='ocrx_word' id='word_1_790' title='bbox 1543 226 1576 256; x_wconf 86' lang='lat'>&amp;</span> <span class='ocrx_word' id='word_1_791' title='bbox 1599 228 1692 256; x_wconf 78' lang='lat' dir='ltr'>mixtis</span> <span class='ocrx_word' id='word_1_792' title='bbox 1714 225 1857 264; x_wconf 86' lang='lat' dir='ltr'>Imperiis,</span> <span class='ocrx_word' id='word_1_793' title='bbox 1880 236 1913 256; x_wconf 89' lang='lat' dir='ltr'>ac</span> <span class='ocrx_word' id='word_1_794' title='bbox 1935 226 1993 256; x_wconf 82' lang='lat' dir='ltr'>aliis</span> <span class='ocrx_word' id='word_1_795' title='bbox 2012 227 2185 264; x_wconf 85' lang='lat' dir='ltr'>pertinentiis</span> <span class='ocrx_word' id='word_1_796' title='bbox 2203 229 2354 268; x_wconf 78' lang='lat' dir='ltr'>universis,</span> <span class='ocrx_word' id='word_1_797' title='bbox 2394 232 2477 264; x_wconf 80' lang='lat'>¹341·</span> 
     </span>
     <span class='ocr_line' id='line_1_102' title="bbox 1288 263 2481 306; baseline 0.003 -12"><span class='ocrx_word' id='word_1_798' title='bbox 1288 272 1373 303; x_wconf 86' lang='lat' dir='ltr'>prout</span> <span class='ocrx_word' id='word_1_799' title='bbox 1388 263 1421 294; x_wconf 87' lang='lat' dir='ltr'>ad</span> <span class='ocrx_word' id='word_1_800' title='bbox 1439 274 1491 294; x_wconf 88' lang='lat' dir='ltr'>nos</span> <span class='ocrx_word' id='word_1_801' title='bbox 1506 265 1668 302; x_wconf 65' lang='lat' dir='ltr'>spectabant</span> <span class='ocrx_word' id='word_1_802' title='bbox 1681 265 1718 300; x_wconf 86' lang='lat' dir='ltr'>(si</span> <span class='ocrx_word' id='word_1_803' title='bbox 1734 265 1864 295; x_wconf 90' lang='lat' dir='ltr'>nondum</span> <span class='ocrx_word' id='word_1_804' title='bbox 1879 263 2016 295; x_wconf 64' lang='lat' dir='ltr'>Inductus</span> <span class='ocrx_word' id='word_1_805' title='bbox 2030 265 2129 301; x_wconf 82' lang='lat' dir='ltr'>fuerit)</span> <span class='ocrx_word' id='word_1_806' title='bbox 2151 264 2304 306; x_wconf 88' lang='lat' dir='ltr'>inducatis,</span> <span class='ocrx_word' id='word_1_807' title='bbox 2367 263 2436 291; x_wconf 63' lang='lat' dir='ltr'>lid-v.</span> <span class='ocrx_word' id='word_1_808' title='bbox 2456 271 2481 297; x_wconf 70' lang='lat'>3·</span> 
     </span>
    </p>

    <p class='ocr_par' dir='ltr' id='par_1_35' title="bbox 1287 302 2355 410">
     <span class='ocr_line' id='line_1_103' title="bbox 1326 302 2355 343; baseline 0.005 -11"><span class='ocrx_word' id='word_1_809' title='bbox 1326 303 1365 334; x_wconf 88' lang='lat' dir='ltr'>Et</span> <span class='ocrx_word' id='word_1_810' title='bbox 1385 302 1490 341; x_wconf 89' lang='lat' dir='ltr'>ipsum,</span> <span class='ocrx_word' id='word_1_811' title='bbox 1509 305 1545 334; x_wconf 79' lang='lat' dir='ltr'>iic</span> <span class='ocrx_word' id='word_1_812' title='bbox 1566 303 1738 341; x_wconf 63' lang='lat' dir='ltr'>Indudfflm,</span> <span class='ocrx_word' id='word_1_813' title='bbox 1757 304 1958 334; x_wconf 86' lang='lat' dir='ltr'>manuteneatis</span> <span class='ocrx_word' id='word_1_814' title='bbox 1983 304 2016 334; x_wconf 77' lang='grc' dir='ltr'>δε</span> <span class='ocrx_word' id='word_1_815' title='bbox 2037 302 2193 334; x_wconf 84' lang='lat' dir='ltr'>defendatis</span> <span class='ocrx_word' id='word_1_816' title='bbox 2204 305 2282 343; x_wconf 78' lang='lat' dir='ltr'>juxta</span> <span class='ocrx_word' id='word_1_817' title='bbox 2295 306 2355 337; x_wconf 86' lang='lat' dir='ltr'>foi·-</span> 
     </span>
     <span class='ocr_line' id='line_1_104' title="bbox 1292 340 2354 381; baseline 0.003 -9"><span class='ocrx_word' id='word_1_818' title='bbox 1292 351 1370 371; x_wconf 88' lang='lat' dir='ltr'>mam</span> <span class='ocrx_word' id='word_1_819' title='bbox 1391 340 1626 381; x_wconf 86' lang='lat' dir='ltr'>Conventionis,</span> <span class='ocrx_word' id='word_1_820' title='bbox 1659 341 1860 379; x_wconf 77' lang='lat' dir='ltr'>Concordiae,</span> <span class='ocrx_word' id='word_1_821' title='bbox 1892 342 1926 372; x_wconf 91' lang='lat'>&amp;</span> <span class='ocrx_word' id='word_1_822' title='bbox 1949 340 2184 373; x_wconf 77' lang='lat' dir='ltr'>Confirmationi&#39;s</span> <span class='ocrx_word' id='word_1_823' title='bbox 2205 343 2354 381; x_wconf 70' lang='lat' dir='ltr'>praediehi-</span> 
     </span>
     <span class='ocr_line' id='line_1_105' title="bbox 1287 389 1380 410; baseline 0 -1"><span class='ocrx_word' id='word_1_824' title='bbox 1287 389 1354 410; x_wconf 84' lang='lat' dir='ltr'>rum</span> <span class='ocrx_word' id='word_1_825' title='bbox 1374 389 1380 409; x_wconf 69' lang='grc' dir='ltr'><strong><em>τ</em></strong></span> 
     </span>
    </p>

    <p class='ocr_par' dir='ltr' id='par_1_36' title="bbox 1287 417 2357 613">
     <span class='ocr_line' id='line_1_106' title="bbox 1328 417 2354 460; baseline 0.004 -12"><span class='ocrx_word' id='word_1_826' title='bbox 1328 417 1499 449; x_wconf 85' lang='lat' dir='ltr'>Mandantes</span> <span class='ocrx_word' id='word_1_827' title='bbox 1518 420 1654 450; x_wconf 86' lang='lat' dir='ltr'>omnibus</span> <span class='ocrx_word' id='word_1_828' title='bbox 1673 418 1773 449; x_wconf 86' lang='lat' dir='ltr'>nostris</span> <span class='ocrx_word' id='word_1_829' title='bbox 1796 418 1920 449; x_wconf 86' lang='lat' dir='ltr'>Subditis</span> <span class='ocrx_word' id='word_1_830' title='bbox 1942 419 1976 450; x_wconf 89' lang='lat'>&amp;</span> <span class='ocrx_word' id='word_1_831' title='bbox 1996 417 2122 450; x_wconf 78' lang='lat' dir='ltr'>vassallis</span> <span class='ocrx_word' id='word_1_832' title='bbox 2137 419 2238 451; x_wconf 70' lang='lat' dir='ltr'>Terrae</span> <span class='ocrx_word' id='word_1_833' title='bbox 2252 421 2354 460; x_wconf 88' lang='lat' dir='ltr'>praedi-</span> 
     </span>
     <span class='ocr_line' id='line_1_107' title="bbox 1287 456 2356 500; baseline 0.004 -14"><span class='ocrx_word' id='word_1_834' title='bbox 1287 456 1359 500; x_wconf 55' lang='lat' dir='ltr'>Ciae,</span> <span class='ocrx_word' id='word_1_835' title='bbox 1377 458 1458 496; x_wconf 75' lang='lat' dir='ltr'>quod</span> <span class='ocrx_word' id='word_1_836' title='bbox 1477 458 1570 488; x_wconf 87' lang='lat' dir='ltr'>eidem</span> <span class='ocrx_word' id='word_1_837' title='bbox 1592 458 1747 496; x_wconf 86' lang='lat' dir='ltr'>Bernardo,</span> <span class='ocrx_word' id='word_1_838' title='bbox 1763 467 1816 495; x_wconf 89' lang='lat' dir='ltr'>pro</span> <span class='ocrx_word' id='word_1_839' title='bbox 1836 457 1979 495; x_wconf 64' lang='lat' dir='ltr'>praedietis</span> <span class='ocrx_word' id='word_1_840' title='bbox 1999 457 2182 490; x_wconf 89' lang='lat' dir='ltr'>Liberatiorie</span> <span class='ocrx_word' id='word_1_841' title='bbox 2206 459 2239 491; x_wconf 91' lang='lat'>&amp;</span> <span class='ocrx_word' id='word_1_842' title='bbox 2252 460 2356 492; x_wconf 86' lang='lat' dir='ltr'>Tradi-</span> 
     </span>
     <span class='ocr_line' id='line_1_108' title="bbox 1288 496 2355 535; baseline 0.005 -10"><span class='ocrx_word' id='word_1_843' title='bbox 1288 504 1383 533; x_wconf 89' lang='lat' dir='ltr'>tione,</span> <span class='ocrx_word' id='word_1_844' title='bbox 1401 504 1432 526; x_wconf 94' lang='lat' dir='ltr'>ut</span> <span class='ocrx_word' id='word_1_845' title='bbox 1454 497 1548 527; x_wconf 89' lang='lat' dir='ltr'>eidem</span> <span class='ocrx_word' id='word_1_846' title='bbox 1571 497 1707 528; x_wconf 89' lang='lat' dir='ltr'>Domino</span> <span class='ocrx_word' id='word_1_847' title='bbox 1725 497 1761 527; x_wconf 91' lang='lat' dir='ltr'>de</span> <span class='ocrx_word' id='word_1_848' title='bbox 1776 496 1918 535; x_wconf 90' lang='lat' dir='ltr'>Lebreto,</span> <span class='ocrx_word' id='word_1_849' title='bbox 1937 497 1972 528; x_wconf 91' lang='lat'>&amp;</span> <span class='ocrx_word' id='word_1_850' title='bbox 1984 496 2036 527; x_wconf 88' lang='lat' dir='ltr'>suis</span> <span class='ocrx_word' id='word_1_851' title='bbox 2050 496 2220 528; x_wconf 67' lang='lat' dir='ltr'>Haeredibus</span> <span class='ocrx_word' id='word_1_852' title='bbox 2233 500 2267 529; x_wconf 88' lang='lat'>&amp;</span> <span class='ocrx_word' id='word_1_853' title='bbox 2281 498 2355 530; x_wconf 90' lang='lat' dir='ltr'>Suc-</span> 
     </span>
     <span class='ocr_line' id='line_1_109' title="bbox 1289 534 2357 577; baseline 0.005 -14"><span class='ocrx_word' id='word_1_854' title='bbox 1289 534 1462 572; x_wconf 85' lang='lat' dir='ltr'>cessoribus,</span> <span class='ocrx_word' id='word_1_855' title='bbox 1481 536 1614 573; x_wconf 82' lang='lat' dir='ltr'>praestent</span> <span class='ocrx_word' id='word_1_856' title='bbox 1627 535 1758 574; x_wconf 81' lang='lat' dir='ltr'>deinceps</span> <span class='ocrx_word' id='word_1_857' title='bbox 1771 536 1804 566; x_wconf 75' lang='grc' dir='ltr'>ὃ(</span> <span class='ocrx_word' id='word_1_858' title='bbox 1818 535 1921 566; x_wconf 71' lang='lat' dir='ltr'>faciant</span> <span class='ocrx_word' id='word_1_859' title='bbox 1937 534 2080 575; x_wconf 81' lang='lat' dir='ltr'>Homagia</span> <span class='ocrx_word' id='word_1_860' title='bbox 2094 537 2127 568; x_wconf 73' lang='grc' dir='ltr'>ὃ(</span> <span class='ocrx_word' id='word_1_861' title='bbox 2143 536 2292 568; x_wconf 86' lang='lat' dir='ltr'>Fidelitatis</span> <span class='ocrx_word' id='word_1_862' title='bbox 2302 537 2357 577; x_wconf 84' lang='lat' dir='ltr'>Ju-</span> 
     </span>
     <span class='ocr_line' id='line_1_110' title="bbox 1294 573 2329 613; baseline 0.004 -11"><span class='ocrx_word' id='word_1_863' title='bbox 1294 581 1436 611; x_wconf 83' lang='lat' dir='ltr'>ramenta,</span> <span class='ocrx_word' id='word_1_864' title='bbox 1452 573 1486 604; x_wconf 76' lang='grc' dir='ltr'>δε</span> <span class='ocrx_word' id='word_1_865' title='bbox 1501 573 1551 603; x_wconf 89' lang='lat' dir='ltr'>alia</span> <span class='ocrx_word' id='word_1_866' title='bbox 1562 574 1631 612; x_wconf 90' lang='lat' dir='ltr'>Jura</span> <span class='ocrx_word' id='word_1_867' title='bbox 1644 575 1678 605; x_wconf 89' lang='lat'>&amp;</span> <span class='ocrx_word' id='word_1_868' title='bbox 1693 574 1831 613; x_wconf 80' lang='lat' dir='ltr'>Deveria,</span> <span class='ocrx_word' id='word_1_869' title='bbox 1847 575 1929 604; x_wconf 89' lang='lat' dir='ltr'>nobis</span> <span class='ocrx_word' id='word_1_870' title='bbox 1942 573 2001 604; x_wconf 80' lang='lat' dir='ltr'>fieri</span> <span class='ocrx_word' id='word_1_871' title='bbox 2013 573 2106 605; x_wconf 82' lang='lat' dir='ltr'>debita</span> <span class='ocrx_word' id='word_1_872' title='bbox 2122 575 2157 606; x_wconf 91' lang='lat'>&amp;</span> <span class='ocrx_word' id='word_1_873' title='bbox 2170 576 2302 608; x_wconf 82' lang='lat' dir='ltr'>consueta</span> <span class='ocrx_word' id='word_1_874' title='bbox 2322 587 2329 606; x_wconf 73' lang='grc' dir='ltr'><strong><em>ε</em></strong></span> 
     </span>
    </p>

    <p class='ocr_par' dir='ltr' id='par_1_37' title="bbox 1288 611 2358 922">
     <span class='ocr_line' id='line_1_111' title="bbox 1328 611 2357 653; baseline 0.006 -12"><span class='ocrx_word' id='word_1_875' title='bbox 1328 611 1408 651; x_wconf 85' lang='lat' dir='ltr'>Qiae</span> <span class='ocrx_word' id='word_1_876' title='bbox 1428 612 1613 643; x_wconf 88' lang='lat' dir='ltr'>concedimus</span> <span class='ocrx_word' id='word_1_877' title='bbox 1628 635 1638 651; x_wconf 92' lang='lat'>,</span> <span class='ocrx_word' id='word_1_878' title='bbox 1656 613 1689 643; x_wconf 91' lang='lat'>&amp;</span> <span class='ocrx_word' id='word_1_879' title='bbox 1711 612 1874 644; x_wconf 82' lang='lat' dir='ltr'>firmitatem</span> <span class='ocrx_word' id='word_1_880' title='bbox 1895 612 2025 651; x_wconf 84' lang='lat' dir='ltr'>optinere</span> <span class='ocrx_word' id='word_1_881' title='bbox 2042 613 2177 645; x_wconf 88' lang='lat' dir='ltr'>volumus</span> <span class='ocrx_word' id='word_1_882' title='bbox 2191 637 2201 653; x_wconf 89' lang='lat'>,</span> <span class='ocrx_word' id='word_1_883' title='bbox 2219 625 2281 646; x_wconf 90' lang='lat' dir='ltr'>non</span> <span class='ocrx_word' id='word_1_884' title='bbox 2301 617 2357 647; x_wconf 84' lang='lat' dir='ltr'>ob·</span> 
     </span>
     <span class='ocr_line' id='line_1_112' title="bbox 1290 648 2358 694; baseline 0.007 -15"><span class='ocrx_word' id='word_1_885' title='bbox 1290 648 1424 694; x_wconf 72' lang='lat' dir='ltr'>stantibus</span> <span class='ocrx_word' id='word_1_886' title='bbox 1467 650 1673 689; x_wconf 85' lang='lat' dir='ltr'>uibuscumque</span> <span class='ocrx_word' id='word_1_887' title='bbox 1695 650 1931 690; x_wconf 84' lang='lat' dir='ltr'>Donationibus,</span> <span class='ocrx_word' id='word_1_888' title='bbox 1958 650 2216 693; x_wconf 86' lang='lat' dir='ltr'>Affignationibus,</span> <span class='ocrx_word' id='word_1_889' title='bbox 2242 654 2358 686; x_wconf 87' lang='lat' dir='ltr'>Aliena-</span> 
     </span>
     <span class='ocr_line' id='line_1_113' title="bbox 1288 688 2356 735; baseline 0.006 -17"><span class='ocrx_word' id='word_1_890' title='bbox 1288 689 1429 735; x_wconf 76' lang='lat' dir='ltr'>tiqnibus,</span> <span class='ocrx_word' id='word_1_891' title='bbox 1457 699 1492 718; x_wconf 87' lang='lat' dir='ltr'>eu</span> <span class='ocrx_word' id='word_1_892' title='bbox 1511 688 1686 732; x_wconf 77' lang='lat' dir='ltr'>YpotheciS‚</span> <span class='ocrx_word' id='word_1_893' title='bbox 1703 689 1889 729; x_wconf 86' lang='lat' dir='ltr'>Cuicumque</span> <span class='ocrx_word' id='word_1_894' title='bbox 1909 691 1985 722; x_wconf 88' lang='lat' dir='ltr'>alteri</span> <span class='ocrx_word' id='word_1_895' title='bbox 2001 691 2082 721; x_wconf 71' lang='lat' dir='ltr'>faffls</span> <span class='ocrx_word' id='word_1_896' title='bbox 2095 691 2131 721; x_wconf 89' lang='lat' dir='ltr'>de</span> <span class='ocrx_word' id='word_1_897' title='bbox 2145 691 2240 723; x_wconf 63' lang='lat' dir='ltr'>Terrfi³</span> <span class='ocrx_word' id='word_1_898' title='bbox 2254 694 2356 733; x_wconf 82' lang='lat' dir='ltr'>praedi-</span> 
     </span>
     <span class='ocr_line' id='line_1_114' title="bbox 1290 727 2354 768; baseline 0.008 -11"><span class='ocrx_word' id='word_1_899' title='bbox 1290 727 1355 766; x_wconf 68' lang='lat' dir='ltr'>eia,</span> <span class='ocrx_word' id='word_1_900' title='bbox 1374 727 1421 757; x_wconf 92' lang='lat' dir='ltr'>vel</span> <span class='ocrx_word' id='word_1_901' title='bbox 1442 736 1519 765; x_wconf 83' lang='lat' dir='ltr'>parte</span> <span class='ocrx_word' id='word_1_902' title='bbox 1534 727 1676 766; x_wconf 71' lang='lat' dir='ltr'>ejusdem,</span> <span class='ocrx_word' id='word_1_903' title='bbox 1696 728 1730 758; x_wconf 69' lang='grc' dir='ltr'>ὃ(</span> <span class='ocrx_word' id='word_1_904' title='bbox 1751 739 1810 759; x_wconf 91' lang='lat' dir='ltr'>non</span> <span class='ocrx_word' id='word_1_905' title='bbox 1825 729 1955 761; x_wconf 86' lang='lat' dir='ltr'>obstante</span> <span class='ocrx_word' id='word_1_906' title='bbox 1969 730 2049 768; x_wconf 78' lang='lat' dir='ltr'>quod</span> <span class='ocrx_word' id='word_1_907' title='bbox 2062 729 2138 761; x_wconf 66' lang='lat' dir='ltr'>dieta</span> <span class='ocrx_word' id='word_1_908' title='bbox 2153 730 2232 762; x_wconf 88' lang='lat' dir='ltr'>Loca</span> <span class='ocrx_word' id='word_1_909' title='bbox 2247 734 2281 764; x_wconf 75' lang='grc' dir='ltr'>ὃς</span> <span class='ocrx_word' id='word_1_910' title='bbox 2295 731 2354 765; x_wconf 82' lang='lat' dir='ltr'>Ca-</span> 
     </span>
     <span class='ocr_line' id='line_1_115' title="bbox 1289 764 2356 809; baseline 0.007 -13"><span class='ocrx_word' id='word_1_911' title='bbox 1289 764 1343 797; x_wconf 88' lang='lat' dir='ltr'>stra</span> <span class='ocrx_word' id='word_1_912' title='bbox 1362 766 1399 797; x_wconf 91' lang='lat' dir='ltr'>de</span> <span class='ocrx_word' id='word_1_913' title='bbox 1422 766 1468 796; x_wconf 90' lang='lat' dir='ltr'>Bri</span> <span class='ocrx_word' id='word_1_914' title='bbox 1488 776 1549 797; x_wconf 85' lang='lat' dir='ltr'>erac</span> <span class='ocrx_word' id='word_1_915' title='bbox 1571 768 1605 798; x_wconf 88' lang='lat'>&amp;</span> <span class='ocrx_word' id='word_1_916' title='bbox 1624 766 1660 797; x_wconf 89' lang='lat' dir='ltr'>de</span> <span class='ocrx_word' id='word_1_917' title='bbox 1680 765 1854 798; x_wconf 87' lang='lat' dir='ltr'>Montinhac</span> <span class='ocrx_word' id='word_1_918' title='bbox 1873 768 2056 800; x_wconf 84' lang='lat' dir='ltr'>Senescalciae</span> <span class='ocrx_word' id='word_1_919' title='bbox 2076 768 2252 809; x_wconf 86' lang='lat' dir='ltr'>Petragorii,</span> <span class='ocrx_word' id='word_1_920' title='bbox 2266 772 2301 803; x_wconf 79' lang='grc' dir='ltr'>δε</span> <span class='ocrx_word' id='word_1_921' title='bbox 2318 771 2356 803; x_wconf 82' lang='lat' dir='ltr'>de</span> 
     </span>
     <span class='ocr_line' id='line_1_116' title="bbox 1288 804 2354 848; baseline 0.004 -13"><span class='ocrx_word' id='word_1_922' title='bbox 1288 804 1403 835; x_wconf 92' lang='lat' dir='ltr'>Pinolus</span> <span class='ocrx_word' id='word_1_923' title='bbox 1417 806 1450 836; x_wconf 92' lang='lat'>&amp;</span> <span class='ocrx_word' id='word_1_924' title='bbox 1484 816 1499 835; x_wconf 88' lang='lat' dir='ltr'>e</span> <span class='ocrx_word' id='word_1_925' title='bbox 1516 804 1685 837; x_wconf 87' lang='lat' dir='ltr'>Ventenaco</span> <span class='ocrx_word' id='word_1_926' title='bbox 1699 804 1872 837; x_wconf 84' lang='lat' dir='ltr'>senescalcia</span> <span class='ocrx_word' id='word_1_927' title='bbox 1886 806 2036 848; x_wconf 83' lang='lat' dir='ltr'>Tartafiae,</span> <span class='ocrx_word' id='word_1_928' title='bbox 2054 818 2104 847; x_wconf 88' lang='lat' dir='ltr'>per</span> <span class='ocrx_word' id='word_1_929' title='bbox 2117 807 2205 848; x_wconf 91' lang='lat' dir='ltr'>Nos,</span> <span class='ocrx_word' id='word_1_930' title='bbox 2221 809 2266 840; x_wconf 89' lang='lat' dir='ltr'>vel</span> <span class='ocrx_word' id='word_1_931' title='bbox 2279 810 2354 841; x_wconf 87' lang='lat' dir='ltr'>Sub-</span> 
     </span>
     <span class='ocr_line' id='line_1_117' title="bbox 1288 843 2356 884; baseline 0.007 -10"><span class='ocrx_word' id='word_1_932' title='bbox 1288 843 1362 874; x_wconf 90' lang='lat' dir='ltr'>ditos</span> <span class='ocrx_word' id='word_1_933' title='bbox 1381 844 1509 883; x_wconf 81' lang='lat' dir='ltr'>nostros,</span> <span class='ocrx_word' id='word_1_934' title='bbox 1528 846 1566 875; x_wconf 90' lang='lat' dir='ltr'>set</span> <span class='ocrx_word' id='word_1_935' title='bbox 1589 844 1681 882; x_wconf 70' lang='lat' dir='ltr'>potins</span> <span class='ocrx_word' id='word_1_936' title='bbox 1703 853 1752 884; x_wconf 88' lang='lat' dir='ltr'>per</span> <span class='ocrx_word' id='word_1_937' title='bbox 1772 844 1910 884; x_wconf 80' lang='lat' dir='ltr'>quosdam</span> <span class='ocrx_word' id='word_1_938' title='bbox 1929 844 2067 878; x_wconf 83' lang='lat' dir='ltr'>Valitores</span> <span class='ocrx_word' id='word_1_939' title='bbox 2087 845 2278 880; x_wconf 86' lang='lat' dir='ltr'>Inimicorurn</span> <span class='ocrx_word' id='word_1_940' title='bbox 2299 859 2356 881; x_wconf 83' lang='lat' dir='ltr'>no·</span> 
     </span>
     <span class='ocr_line' id='line_1_118' title="bbox 1289 882 1789 922; baseline -0.002 -9"><span class='ocrx_word' id='word_1_941' title='bbox 1289 882 1414 914; x_wconf 89' lang='lat' dir='ltr'>strorum</span> <span class='ocrx_word' id='word_1_942' title='bbox 1430 883 1467 913; x_wconf 88' lang='lat' dir='ltr'>de</span> <span class='ocrx_word' id='word_1_943' title='bbox 1483 883 1618 922; x_wconf 73' lang='lat' dir='ltr'>Francia,</span> <span class='ocrx_word' id='word_1_944' title='bbox 1634 891 1789 914; x_wconf 82' lang='lat' dir='ltr'>teneantur.</span> 
     </span>
    </p>

    <p class='ocr_par' dir='ltr' id='par_1_38' title="bbox 1327 921 1551 960">
     <span class='ocr_line' id='line_1_119' title="bbox 1327 921 1551 960; baseline 0.004 -8"><span class='ocrx_word' id='word_1_945' title='bbox 1327 921 1360 952; x_wconf 92' lang='lat' dir='ltr'>In</span> <span class='ocrx_word' id='word_1_946' title='bbox 1374 923 1452 959; x_wconf 88' lang='lat' dir='ltr'>cujus</span> <span class='ocrx_word' id='word_1_947' title='bbox 1462 945 1471 960; x_wconf 90' lang='lat'>,</span> <span class='ocrx_word' id='word_1_948' title='bbox 1489 923 1551 953; x_wconf 89' lang='lat' dir='ltr'>&amp;c.</span> 
     </span>
    </p>

    <p class='ocr_par' dir='ltr' id='par_1_39' title="bbox 1365 959 2322 1004">
     <span class='ocr_line' id='line_1_120' title="bbox 1365 959 2322 1004; baseline 0.006 -13"><span class='ocrx_word' id='word_1_949' title='bbox 1365 960 1456 992; x_wconf 89' lang='lat' dir='ltr'>Teste</span> <span class='ocrx_word' id='word_1_950' title='bbox 1470 961 1554 1002; x_wconf 84' lang='lat' dir='ltr'>Rege</span> <span class='ocrx_word' id='word_1_951' title='bbox 1567 959 1641 1000; x_wconf 88' lang='lat' dir='ltr'>apud</span> <span class='ocrx_word' id='word_1_952' title='bbox 1655 959 1777 992; x_wconf 86' lang='lat' dir='ltr'>Turrim</span> <span class='ocrx_word' id='word_1_953' title='bbox 1791 959 1928 991; x_wconf 88' lang='lat' dir='ltr'>London.</span> <span class='ocrx_word' id='word_1_954' title='bbox 1942 959 2061 993; x_wconf 88' lang='lat' dir='ltr'>decimo</span> <span class='ocrx_word' id='word_1_955' title='bbox 2074 971 2174 1002; x_wconf 86' lang='lat' dir='ltr'>quarto</span> <span class='ocrx_word' id='word_1_956' title='bbox 2185 964 2232 996; x_wconf 90' lang='lat' dir='ltr'>die</span> <span class='ocrx_word' id='word_1_957' title='bbox 2239 963 2322 1004; x_wconf 89' lang='lat' dir='ltr'>Julii.</span> 
     </span>
    </p>
   </div>
   <div class='ocr_carea' id='block_1_10' title="bbox 1421 1035 2251 1079">
    <p class='ocr_par' dir='ltr' id='par_1_40' title="bbox 1421 1035 2251 1079">
     <span class='ocr_line' id='line_1_121' title="bbox 1421 1035 2251 1079; baseline 0.02 -23"><span class='ocrx_word' id='word_1_958' title='bbox 1421 1040 1475 1069; x_wconf 56' lang='lat' dir='ltr'>pm.</span> <span class='ocrx_word' id='word_1_959' title='bbox 1490 1038 1572 1079; x_wconf 61' lang='lat' dir='ltr'>ipfi‘m</span> <span class='ocrx_word' id='word_1_960' title='bbox 1584 1041 1682 1078; x_wconf 69' lang='lat' dir='ltr'>Regem</span> <span class='ocrx_word' id='word_1_961' title='bbox 1694 1037 1734 1074; x_wconf 63' lang='grc' dir='ltr'>ῥ’</span> <span class='ocrx_word' id='word_1_962' title='bbox 1751 1044 1840 1068; x_wconf 78' lang='lat' dir='ltr'>totum</span> <span class='ocrx_word' id='word_1_963' title='bbox 1854 1035 2000 1069; x_wconf 82' lang='lat' dir='ltr'>Concilium</span> <span class='ocrx_word' id='word_1_964' title='bbox 2013 1042 2042 1069; x_wconf 82' lang='lat' dir='ltr'>in</span> <span class='ocrx_word' id='word_1_965' title='bbox 2056 1039 2251 1073; x_wconf 71' lang='lat' dir='ltr'>parliamento.</span> 
     </span>
    </p>
   </div>
   <div class='ocr_carea' id='block_1_11' title="bbox 1296 1118 1446 1124">
    <p class='ocr_par' dir='ltr' id='par_1_41' title="bbox 1296 1118 1446 1124">
     <span class='ocr_line' id='line_1_122' title="bbox 1296 1118 1446 1124; baseline 0 0"><span class='ocrx_word' id='word_1_966' title='bbox 1296 1118 1446 1124; x_wconf 95' lang='lat' dir='ltr'> </span> 
     </span>
    </p>
   </div>
   <div class='ocr_carea' id='block_1_12' title="bbox 1290 1163 2356 1261">
    <p class='ocr_par' dir='ltr' id='par_1_42' title="bbox 1290 1163 2356 1261">
     <span class='ocr_line' id='line_1_123' title="bbox 1290 1163 2356 1212; baseline 0 -12"><span class='ocrx_word' id='word_1_967' title='bbox 1290 1169 1338 1200; x_wconf 83' lang='lat' dir='ltr'>De</span> <span class='ocrx_word' id='word_1_968' title='bbox 1355 1164 1567 1210; x_wconf 70' lang='lat' dir='ltr'>Commiffiaeriis</span> <span class='ocrx_word' id='word_1_969' title='bbox 1583 1163 1627 1197; x_wconf 88' lang='lat' dir='ltr'>ad</span> <span class='ocrx_word' id='word_1_970' title='bbox 1640 1163 1851 1198; x_wconf 61' lang='lat' dir='ltr'>Tmfhmdum</span> <span class='ocrx_word' id='word_1_971' title='bbox 1872 1177 1942 1197; x_wconf 85' lang='lat' dir='ltr'>cum</span> <span class='ocrx_word' id='word_1_972' title='bbox 1963 1163 2095 1212; x_wconf 86' lang='lat' dir='ltr'>Philippo</span> <span class='ocrx_word' id='word_1_973' title='bbox 2112 1165 2148 1200; x_wconf 83' lang='lat' dir='ltr'>de</span> <span class='ocrx_word' id='word_1_974' title='bbox 2165 1167 2240 1201; x_wconf 74' lang='lat' dir='ltr'>Vale</span> <span class='ocrx_word' id='word_1_975' title='bbox 2247 1181 2295 1212; x_wconf 74' lang='grc' dir='ltr'>ιο,</span> <span class='ocrx_word' id='word_1_976' title='bbox 2316 1169 2356 1203; x_wconf 65' lang='grc' dir='ltr'><em>ὡ</em></span> 
     </span>
     <span class='ocr_line' id='line_1_124' title="bbox 1650 1213 1999 1261; baseline 0.003 -16"><span class='ocrx_word' id='word_1_977' title='bbox 1650 1216 1728 1246; x_wconf 63' lang='lat' dir='ltr'>Pace</span> <span class='ocrx_word' id='word_1_978' title='bbox 1745 1214 1796 1246; x_wconf 77' lang='lat' dir='ltr'>vel</span> <span class='ocrx_word' id='word_1_979' title='bbox 1812 1213 1848 1247; x_wconf 85' lang='lat' dir='ltr'>de</span> <span class='ocrx_word' id='word_1_980' title='bbox 1864 1215 1999 1261; x_wconf 70' lang='lat' dir='ltr'>Trcugis.</span> 
     </span>
    </p>
   </div>
   <div class='ocr_carea' id='block_1_13' title="bbox 1287 1298 2510 1586">
    <p class='ocr_par' dir='ltr' id='par_1_43' title="bbox 1287 1298 2510 1586">
     <span class='ocr_line' id='line_1_125' title="bbox 1291 1298 2502 1370; baseline -0.004 -39"><span class='ocrx_word' id='word_1_981' title='bbox 1291 1303 1343 1358; x_wconf 76' lang='lat' dir='ltr'>R</span> <span class='ocrx_word' id='word_1_982' title='bbox 1352 1299 1377 1330; x_wconf 88' lang='lat' dir='ltr'>E</span> <span class='ocrx_word' id='word_1_983' title='bbox 1386 1298 1769 1370; x_wconf 37' lang='lat' dir='ltr'>{graifriteirssisfibpirfflegstcs</span> <span class='ocrx_word' id='word_1_984' title='bbox 1782 1300 1872 1331; x_wconf 80' lang='lat' dir='ltr'>literas</span> <span class='ocrx_word' id='word_1_985' title='bbox 1887 1299 2046 1339; x_wconf 62' lang='lat' dir='ltr'>inspetsturis</span> <span class='ocrx_word' id='word_1_986' title='bbox 2055 1323 2064 1338; x_wconf 90' lang='lat'>,</span> <span class='ocrx_word' id='word_1_987' title='bbox 2082 1299 2216 1333; x_wconf 82' lang='lat' dir='ltr'>Salutem.</span> <span class='ocrx_word' id='word_1_988' title='bbox 2374 1317 2450 1348; x_wconf 42' lang='lat' dir='ltr'>Anu·</span> <span class='ocrx_word' id='word_1_989' title='bbox 2462 1317 2502 1347; x_wconf 48' lang='lat' dir='ltr'>D-</span> 
     </span>
     <span class='ocr_line' id='line_1_126' title="bbox 1329 1350 2479 1423; baseline -0.001 -15"><span class='ocrx_word' id='word_1_990' title='bbox 1329 1377 1377 1422; x_wconf 77' lang='lat' dir='ltr'>De</span> <span class='ocrx_word' id='word_1_991' title='bbox 1394 1377 1522 1408; x_wconf 81' lang='lat' dir='ltr'>fidelitate</span> <span class='ocrx_word' id='word_1_992' title='bbox 1537 1350 1653 1415; x_wconf 56' lang='lat' dir='ltr'>priibata</span> <span class='ocrx_word' id='word_1_993' title='bbox 1665 1379 1698 1409; x_wconf 71' lang='grc' dir='ltr'>δε</span> <span class='ocrx_word' id='word_1_994' title='bbox 1713 1362 1967 1418; x_wconf 61' lang='grc' dir='ltr'>εἰῖςυωῖρεᾶίοηε</span> <span class='ocrx_word' id='word_1_995' title='bbox 1983 1377 2119 1419; x_wconf 67' lang='lat' dir='ltr'>providi,</span> <span class='ocrx_word' id='word_1_996' title='bbox 2137 1377 2312 1411; x_wconf 65' lang='lat' dir='ltr'>dilectorum</span> <span class='ocrx_word' id='word_1_997' title='bbox 2323 1381 2356 1413; x_wconf 72' lang='grc' dir='ltr'>ὅ(</span> <span class='ocrx_word' id='word_1_998' title='bbox 2371 1365 2479 1423; x_wconf 41' lang='lat' dir='ltr'>Alqssff‘</span> 
     </span>
     <span class='ocr_line' id='line_1_127' title="bbox 1287 1406 2487 1470; baseline -0.018 -23"><span class='ocrx_word' id='word_1_999' title='bbox 1287 1415 1413 1448; x_wconf 84' lang='lat' dir='ltr'>fidelium</span> <span class='ocrx_word' id='word_1_1000' title='bbox 1428 1417 1607 1456; x_wconf 79' lang='lat' dir='ltr'>nostrorum,</span> <span class='ocrx_word' id='word_1_1001' title='bbox 2371 1437 2403 1461; x_wconf 39' lang='lat' dir='ltr'>E.</span> <span class='ocrx_word' id='word_1_1002' title='bbox 2419 1443 2444 1470; x_wconf 86' lang='lat'>3.</span> <span class='ocrx_word' id='word_1_1003' title='bbox 2459 1406 2487 1431; x_wconf 88' lang='lat'>5.</span> 
     </span>
     <span class='ocr_line' id='line_1_128' title="bbox 2372 1473 2490 1502; baseline 0 -3"><span class='ocrx_word' id='word_1_1004' title='bbox 2372 1473 2490 1502; x_wconf 73' lang='lat' dir='ltr'>Alemau.</span> 
     </span>
     <span class='ocr_line' id='line_1_129' title="bbox 2378 1516 2510 1548; baseline 0.015 -10"><span class='ocrx_word' id='word_1_1005' title='bbox 2378 1520 2420 1545; x_wconf 80' lang='lat'>¹5-</span> <span class='ocrx_word' id='word_1_1006' title='bbox 2440 1516 2471 1540; x_wconf 84' lang='grc' dir='ltr'>Ε.</span> <span class='ocrx_word' id='word_1_1007' title='bbox 2480 1521 2510 1548; x_wconf 82' lang='lat'>3.</span> 
     </span>
     <span class='ocr_line' id='line_1_130' title="bbox 2373 1559 2470 1586; baseline -0.021 -9"><span class='ocrx_word' id='word_1_1008' title='bbox 2373 1559 2410 1578; x_wconf 79' lang='lat' dir='ltr'>m.</span> <span class='ocrx_word' id='word_1_1009' title='bbox 2427 1559 2470 1586; x_wconf 73' lang='lat'>13,</span> 
     </span>
    </p>
   </div>
   <div class='ocr_carea' id='block_1_14' title="bbox 1322 1493 2122 1688">
    <p class='ocr_par' dir='ltr' id='par_1_44' title="bbox 1323 1493 2040 1572">
     <span class='ocr_line' id='line_1_131' title="bbox 1323 1493 2040 1534; baseline -0.001 -9"><span class='ocrx_word' id='word_1_1010' title='bbox 1323 1497 1366 1525; x_wconf 88' lang='lat' dir='ltr'><em>W</em></span> <span class='ocrx_word' id='word_1_1011' title='bbox 1365 1493 1469 1524; x_wconf 83' lang='lat' dir='ltr'>illielmi</span> <span class='ocrx_word' id='word_1_1012' title='bbox 1491 1494 1523 1524; x_wconf 79' lang='lat' dir='ltr'>de</span> <span class='ocrx_word' id='word_1_1013' title='bbox 1546 1493 1660 1534; x_wconf 74' lang='lat' dir='ltr'>Clynton</span> <span class='ocrx_word' id='word_1_1014' title='bbox 1678 1498 1786 1525; x_wconf 80' lang='lat' dir='ltr'>Comitis</span> <span class='ocrx_word' id='word_1_1015' title='bbox 1802 1494 2040 1534; x_wconf 77' lang='lat' dir='ltr'>Huntyngdoniae,</span> 
     </span>
     <span class='ocr_line' id='line_1_132' title="bbox 1323 1532 1802 1572; baseline 0.002 -10"><span class='ocrx_word' id='word_1_1016' title='bbox 1323 1534 1459 1563; x_wconf 79' lang='lat' dir='ltr'>Bernardi</span> <span class='ocrx_word' id='word_1_1017' title='bbox 1481 1536 1595 1562; x_wconf 77' lang='lat' dir='ltr'>Domini</span> <span class='ocrx_word' id='word_1_1018' title='bbox 1613 1535 1646 1563; x_wconf 86' lang='lat' dir='ltr'>de</span> <span class='ocrx_word' id='word_1_1019' title='bbox 1662 1532 1686 1563; x_wconf 75' lang='lat' dir='ltr'>le</span> <span class='ocrx_word' id='word_1_1020' title='bbox 1701 1537 1802 1572; x_wconf 82' lang='lat' dir='ltr'>Breto,</span> 
     </span>
    </p>

    <p class='ocr_par' dir='ltr' id='par_1_45' title="bbox 1322 1571 1747 1611">
     <span class='ocr_line' id='line_1_133' title="bbox 1322 1571 1747 1611; baseline 0.002 -10"><span class='ocrx_word' id='word_1_1021' title='bbox 1322 1571 1518 1602; x_wconf 70' lang='lat' dir='ltr'>Bartholomaei</span> <span class='ocrx_word' id='word_1_1022' title='bbox 1534 1571 1565 1600; x_wconf 76' lang='lat' dir='ltr'>dc·</span> <span class='ocrx_word' id='word_1_1023' title='bbox 1578 1571 1730 1611; x_wconf 67' lang='lat' dir='ltr'>Burgheislh</span> <span class='ocrx_word' id='word_1_1024' title='bbox 1738 1596 1747 1611; x_wconf 89' lang='lat'>,</span> 
     </span>
    </p>

    <p class='ocr_par' dir='ltr' id='par_1_46' title="bbox 1325 1609 2122 1688">
     <span class='ocr_line' id='line_1_134' title="bbox 1325 1609 2122 1652; baseline 0.003 -13"><span class='ocrx_word' id='word_1_1025' title='bbox 1325 1610 1456 1648; x_wconf 65' lang='lat' dir='ltr'>fisagistri</span> <span class='ocrx_word' id='word_1_1026' title='bbox 1469 1609 1610 1649; x_wconf 82' lang='lat' dir='ltr'>Jvhannis</span> <span class='ocrx_word' id='word_1_1027' title='bbox 1625 1612 1657 1641; x_wconf 84' lang='lat' dir='ltr'>de</span> <span class='ocrx_word' id='word_1_1028' title='bbox 1671 1611 1771 1651; x_wconf 77' lang='lat' dir='ltr'>Offord</span> <span class='ocrx_word' id='word_1_1029' title='bbox 1781 1611 1976 1642; x_wconf 81' lang='lat' dir='ltr'>Archidiacom·</span> <span class='ocrx_word' id='word_1_1030' title='bbox 1988 1610 2122 1652; x_wconf 74' lang='lat' dir='ltr'>Elimst&#39;s,</span> 
     </span>
     <span class='ocr_line' id='line_1_135' title="bbox 1328 1649 1683 1688; baseline 0 -8"><span class='ocrx_word' id='word_1_1031' title='bbox 1328 1651 1370 1680; x_wconf 84' lang='lat' dir='ltr'>Et</span> <span class='ocrx_word' id='word_1_1032' title='bbox 1385 1649 1524 1680; x_wconf 82' lang='lat' dir='ltr'>Nicholini</span> <span class='ocrx_word' id='word_1_1033' title='bbox 1538 1650 1570 1679; x_wconf 86' lang='lat' dir='ltr'>de</span> <span class='ocrx_word' id='word_1_1034' title='bbox 1583 1649 1683 1688; x_wconf 80' lang='lat' dir='ltr'>Flisco,</span> 
     </span>
    </p>
   </div>
   <div class='ocr_carea' id='block_1_15' title="bbox 1293 1726 2441 3049">
    <p class='ocr_par' dir='ltr' id='par_1_47' title="bbox 1327 1726 1770 1765">
     <span class='ocr_line' id='line_1_136' title="bbox 1327 1726 1770 1765; baseline 0 -8"><span class='ocrx_word' id='word_1_1035' title='bbox 1327 1726 1444 1758; x_wconf 88' lang='lat' dir='ltr'>Plenam</span> <span class='ocrx_word' id='word_1_1036' title='bbox 1459 1726 1593 1758; x_wconf 80' lang='lat' dir='ltr'>fiduciam</span> <span class='ocrx_word' id='word_1_1037' title='bbox 1608 1728 1770 1765; x_wconf 86' lang='lat' dir='ltr'>optinentes</span> 
     </span>
    </p>

    <p class='ocr_par' dir='ltr' id='par_1_48' title="bbox 1293 1750 2366 1884">
     <span class='ocr_line' id='line_1_137' title="bbox 1328 1750 2364 1810; baseline 0.003 -14"><span class='ocrx_word' id='word_1_1038' title='bbox 1328 1765 1422 1810; x_wconf 60' lang='lat' dir='ltr'>ipsos,</span> <span class='ocrx_word' id='word_1_1039' title='bbox 1441 1766 1591 1806; x_wconf 83' lang='lat' dir='ltr'>Qiatuor,</span> <span class='ocrx_word' id='word_1_1040' title='bbox 1608 1766 1702 1804; x_wconf 80' lang='lat' dir='ltr'>Tres,</span> <span class='ocrx_word' id='word_1_1041' title='bbox 1719 1767 1752 1797; x_wconf 74' lang='grc' dir='ltr'>δε</span> <span class='ocrx_word' id='word_1_1042' title='bbox 1769 1750 1853 1796; x_wconf 64' lang='lat' dir='ltr'>Duos</span> <span class='ocrx_word' id='word_1_1043' title='bbox 1868 1777 1969 1797; x_wconf 89' lang='lat' dir='ltr'>eorum</span> <span class='ocrx_word' id='word_1_1044' title='bbox 1985 1770 2120 1807; x_wconf 86' lang='lat' dir='ltr'>(quorum</span> <span class='ocrx_word' id='word_1_1045' title='bbox 2135 1767 2286 1806; x_wconf 74' lang='lat' dir='ltr'>praefatum</span> <span class='ocrx_word' id='word_1_1046' title='bbox 2300 1765 2364 1798; x_wconf 72' lang='lat' dir='ltr'>Co·</span> 
     </span>
     <span class='ocr_line' id='line_1_138' title="bbox 1293 1804 2366 1846; baseline 0.003 -11"><span class='ocrx_word' id='word_1_1047' title='bbox 1293 1814 1396 1835; x_wconf 88' lang='lat' dir='ltr'>mitem</span> <span class='ocrx_word' id='word_1_1048' title='bbox 1419 1815 1509 1835; x_wconf 88' lang='lat' dir='ltr'>unum</span> <span class='ocrx_word' id='word_1_1049' title='bbox 1523 1805 1579 1835; x_wconf 84' lang='lat' dir='ltr'>esse</span> <span class='ocrx_word' id='word_1_1050' title='bbox 1593 1805 1739 1841; x_wconf 84' lang='lat' dir='ltr'>volumus)</span> <span class='ocrx_word' id='word_1_1051' title='bbox 1757 1804 1974 1844; x_wconf 86' lang='lat' dir='ltr'>Procuratores,</span> <span class='ocrx_word' id='word_1_1052' title='bbox 1993 1807 2039 1837; x_wconf 86' lang='lat' dir='ltr'>seu</span> <span class='ocrx_word' id='word_1_1053' title='bbox 2055 1806 2293 1846; x_wconf 80' lang='lat' dir='ltr'>Commiffarios‚</span> <span class='ocrx_word' id='word_1_1054' title='bbox 2310 1816 2366 1838; x_wconf 82' lang='lat' dir='ltr'>no-</span> 
     </span>
     <span class='ocr_line' id='line_1_139' title="bbox 1294 1842 1737 1884; baseline 0.002 -11"><span class='ocrx_word' id='word_1_1055' title='bbox 1294 1843 1365 1874; x_wconf 88' lang='lat' dir='ltr'>stros</span> <span class='ocrx_word' id='word_1_1056' title='bbox 1378 1842 1579 1874; x_wconf 80' lang='lat' dir='ltr'>constituimus</span> <span class='ocrx_word' id='word_1_1057' title='bbox 1594 1843 1737 1884; x_wconf 86' lang='lat' dir='ltr'>speciales,</span> 
     </span>
    </p>

    <p class='ocr_par' dir='ltr' id='par_1_49' title="bbox 1293 1881 2368 2115">
     <span class='ocr_line' id='line_1_140' title="bbox 1331 1881 2367 1924; baseline 0.003 -12"><span class='ocrx_word' id='word_1_1058' title='bbox 1331 1882 1378 1912; x_wconf 88' lang='lat' dir='ltr'>Ad</span> <span class='ocrx_word' id='word_1_1059' title='bbox 1398 1882 1596 1913; x_wconf 65' lang='lat' dir='ltr'>Tractandum</span> <span class='ocrx_word' id='word_1_1060' title='bbox 1620 1883 1653 1913; x_wconf 72' lang='grc' dir='ltr'>δε</span> <span class='ocrx_word' id='word_1_1061' title='bbox 1677 1881 1944 1922; x_wconf 88' lang='lat' dir='ltr'>Concordandum,</span> <span class='ocrx_word' id='word_1_1062' title='bbox 1969 1883 2202 1923; x_wconf 83' lang='lat' dir='ltr'>Pacificandum,</span> <span class='ocrx_word' id='word_1_1063' title='bbox 2227 1883 2367 1924; x_wconf 89' lang='lat' dir='ltr'>Compo-</span> 
     </span>
     <span class='ocr_line' id='line_1_141' title="bbox 1294 1920 2366 1960; baseline 0.003 -9"><span class='ocrx_word' id='word_1_1064' title='bbox 1294 1921 1424 1951; x_wconf 89' lang='lat' dir='ltr'>nendum</span> <span class='ocrx_word' id='word_1_1065' title='bbox 1437 1945 1446 1960; x_wconf 89' lang='lat'>,</span> <span class='ocrx_word' id='word_1_1066' title='bbox 1465 1921 1498 1952; x_wconf 67' lang='grc' dir='ltr'>δε</span> <span class='ocrx_word' id='word_1_1067' title='bbox 1511 1921 1756 1959; x_wconf 80' lang='lat' dir='ltr'>Tranfioendum‚</span> <span class='ocrx_word' id='word_1_1068' title='bbox 1775 1931 1829 1960; x_wconf 87' lang='lat' dir='ltr'>pro</span> <span class='ocrx_word' id='word_1_1069' title='bbox 1844 1920 1961 1960; x_wconf 85' lang='lat' dir='ltr'>Nobis,</span> <span class='ocrx_word' id='word_1_1070' title='bbox 1979 1923 2013 1953; x_wconf 87' lang='lat'>&amp;</span> <span class='ocrx_word' id='word_1_1071' title='bbox 2028 1922 2128 1954; x_wconf 90' lang='lat' dir='ltr'>nostro</span> <span class='ocrx_word' id='word_1_1072' title='bbox 2141 1924 2259 1954; x_wconf 85' lang='lat' dir='ltr'>nomine</span> <span class='ocrx_word' id='word_1_1073' title='bbox 2295 1932 2366 1953; x_wconf 85' lang='lat' dir='ltr'>cum</span> 
     </span>
     <span class='ocr_line' id='line_1_142' title="bbox 1293 1945 2366 2004; baseline 0.002 -14"><span class='ocrx_word' id='word_1_1074' title='bbox 1293 1959 1389 1990; x_wconf 91' lang='lat' dir='ltr'>illustri</span> <span class='ocrx_word' id='word_1_1075' title='bbox 1412 1958 1546 1998; x_wconf 86' lang='lat' dir='ltr'>Philippo</span> <span class='ocrx_word' id='word_1_1076' title='bbox 1563 1960 1599 1990; x_wconf 91' lang='lat' dir='ltr'>de</span> <span class='ocrx_word' id='word_1_1077' title='bbox 1613 1945 1741 2004; x_wconf 43' lang='lat' dir='ltr'>fflalefio,</span> <span class='ocrx_word' id='word_1_1078' title='bbox 1758 1959 1804 1990; x_wconf 88' lang='lat' dir='ltr'>seu</span> <span class='ocrx_word' id='word_1_1079' title='bbox 1818 1958 1999 2004; x_wconf 81' lang='lat' dir='ltr'>Deputandis</span> <span class='ocrx_word' id='word_1_1080' title='bbox 2012 1962 2049 1991; x_wconf 89' lang='lat' dir='ltr'>ab</span> <span class='ocrx_word' id='word_1_1081' title='bbox 2064 1971 2116 2000; x_wconf 90' lang='lat' dir='ltr'>eo,</span> <span class='ocrx_word' id='word_1_1082' title='bbox 2133 1963 2194 1992; x_wconf 60' lang='lat' dir='ltr'>tam</span> <span class='ocrx_word' id='word_1_1083' title='bbox 2208 1947 2287 1999; x_wconf 58' lang='lat' dir='ltr'>supe&#39;r</span> <span class='ocrx_word' id='word_1_1084' title='bbox 2301 1960 2366 1992; x_wconf 85' lang='lat' dir='ltr'>Re-</span> 
     </span>
     <span class='ocr_line' id='line_1_143' title="bbox 1293 1997 2367 2067; baseline 0.002 -39"><span class='ocrx_word' id='word_1_1085' title='bbox 1293 2008 1353 2039; x_wconf 85' lang='lat' dir='ltr'>gno</span> <span class='ocrx_word' id='word_1_1086' title='bbox 1366 1999 1399 2030; x_wconf 87' lang='lat'>&amp;</span> <span class='ocrx_word' id='word_1_1087' title='bbox 1415 1997 1538 2029; x_wconf 73' lang='lat' dir='ltr'>Corona</span> <span class='ocrx_word' id='word_1_1088' title='bbox 1554 1998 1695 2037; x_wconf 76' lang='lat' dir='ltr'>Franciae,</span> <span class='ocrx_word' id='word_1_1089' title='bbox 1713 1999 1799 2038; x_wconf 66' lang='lat' dir='ltr'>quam</span> <span class='ocrx_word' id='word_1_1090' title='bbox 1815 1998 1894 2037; x_wconf 88' lang='lat' dir='ltr'>super</span> <span class='ocrx_word' id='word_1_1091' title='bbox 1906 1999 2132 2067; x_wconf 55' lang='lat' dir='ltr'>(Bubuscumque</span> <span class='ocrx_word' id='word_1_1092' title='bbox 2146 2000 2205 2031; x_wconf 85' lang='lat' dir='ltr'>aliis</span> <span class='ocrx_word' id='word_1_1093' title='bbox 2219 1998 2367 2039; x_wconf 83' lang='lat' dir='ltr'>Qiaestio·</span> 
     </span>
     <span class='ocr_line' id='line_1_144' title="bbox 1295 2037 2368 2078; baseline 0 -10"><span class='ocrx_word' id='word_1_1094' title='bbox 1295 2038 1378 2068; x_wconf 91' lang='lat' dir='ltr'>nibus</span> <span class='ocrx_word' id='word_1_1095' title='bbox 1393 2062 1402 2077; x_wconf 91' lang='lat'>,</span> <span class='ocrx_word' id='word_1_1096' title='bbox 1421 2037 1643 2077; x_wconf 88' lang='lat' dir='ltr'>Controversiis,</span> <span class='ocrx_word' id='word_1_1097' title='bbox 1661 2037 1836 2076; x_wconf 77' lang='lat' dir='ltr'>Demandis,</span> <span class='ocrx_word' id='word_1_1098' title='bbox 1855 2038 1888 2069; x_wconf 68' lang='grc' dir='ltr'>ὅ(</span> <span class='ocrx_word' id='word_1_1099' title='bbox 1946 2039 2048 2078; x_wconf 82' lang='lat' dir='ltr'>ebatis,</span> <span class='ocrx_word' id='word_1_1100' title='bbox 2067 2049 2132 2078; x_wconf 88' lang='lat' dir='ltr'>quae</span> <span class='ocrx_word' id='word_1_1101' title='bbox 2155 2041 2260 2070; x_wconf 80' lang='lat' dir='ltr'>mutuo</span> <span class='ocrx_word' id='word_1_1102' title='bbox 2281 2047 2368 2070; x_wconf 77' lang='lat' dir='ltr'>com-</span> 
     </span>
     <span class='ocr_line' id='line_1_145' title="bbox 1295 2085 1554 2115; baseline 0 -7"><span class='ocrx_word' id='word_1_1103' title='bbox 1295 2086 1389 2115; x_wconf 86' lang='lat' dir='ltr'>petere</span> <span class='ocrx_word' id='word_1_1104' title='bbox 1404 2085 1554 2115; x_wconf 88' lang='lat' dir='ltr'>poterunt,</span> 
     </span>
    </p>

    <p class='ocr_par' dir='ltr' id='par_1_50' title="bbox 1295 2113 2369 2194">
     <span class='ocr_line' id='line_1_146' title="bbox 1334 2113 2369 2156; baseline -0.001 -9"><span class='ocrx_word' id='word_1_1105' title='bbox 1334 2116 1379 2147; x_wconf 91' lang='lat' dir='ltr'>Ac</span> <span class='ocrx_word' id='word_1_1106' title='bbox 1401 2117 1487 2146; x_wconf 89' lang='lat' dir='ltr'>etiam</span> <span class='ocrx_word' id='word_1_1107' title='bbox 1506 2116 1585 2154; x_wconf 87' lang='lat' dir='ltr'>super</span> <span class='ocrx_word' id='word_1_1108' title='bbox 1608 2115 1746 2146; x_wconf 89' lang='lat' dir='ltr'>omnibus</span> <span class='ocrx_word' id='word_1_1109' title='bbox 1768 2113 1910 2155; x_wconf 81' lang='lat' dir='ltr'>Dampnis</span> <span class='ocrx_word' id='word_1_1110' title='bbox 1931 2115 1964 2147; x_wconf 69' lang='grc' dir='ltr'>ὃς</span> <span class='ocrx_word' id='word_1_1111' title='bbox 1988 2114 2118 2156; x_wconf 79' lang='lat' dir='ltr'>Iniuriis,</span> <span class='ocrx_word' id='word_1_1112' title='bbox 2144 2115 2213 2148; x_wconf 87' lang='lat' dir='ltr'>hinc</span> <span class='ocrx_word' id='word_1_1113' title='bbox 2233 2116 2318 2156; x_wconf 77' lang='lat' dir='ltr'>inde,</span> <span class='ocrx_word' id='word_1_1114' title='bbox 2336 2115 2369 2146; x_wconf 80' lang='lat' dir='ltr'>in</span> 
     </span>
     <span class='ocr_line' id='line_1_147' title="bbox 1295 2154 1851 2194; baseline -0.004 -8"><span class='ocrx_word' id='word_1_1115' title='bbox 1295 2155 1388 2186; x_wconf 72' lang='lat' dir='ltr'>Terra</span> <span class='ocrx_word' id='word_1_1116' title='bbox 1403 2155 1437 2185; x_wconf 93' lang='lat'>&amp;</span> <span class='ocrx_word' id='word_1_1117' title='bbox 1453 2155 1482 2185; x_wconf 91' lang='lat' dir='ltr'>in</span> <span class='ocrx_word' id='word_1_1118' title='bbox 1498 2154 1594 2194; x_wconf 90' lang='lat' dir='ltr'>Mari,</span> <span class='ocrx_word' id='word_1_1119' title='bbox 1611 2155 1690 2186; x_wconf 61' lang='lat' dir='ltr'>factis</span> <span class='ocrx_word' id='word_1_1120' title='bbox 1705 2155 1739 2185; x_wconf 88' lang='lat'>&amp;</span> <span class='ocrx_word' id='word_1_1121' title='bbox 1755 2154 1851 2193; x_wconf 82' lang='lat' dir='ltr'>illatis,</span> 
     </span>
    </p>

    <p class='ocr_par' dir='ltr' id='par_1_51' title="bbox 1297 2192 2372 2310">
     <span class='ocr_line' id='line_1_148' title="bbox 1334 2192 2372 2232; baseline -0.001 -8"><span class='ocrx_word' id='word_1_1122' title='bbox 1334 2194 1380 2224; x_wconf 88' lang='lat' dir='ltr'>Ac</span> <span class='ocrx_word' id='word_1_1123' title='bbox 1399 2193 1477 2232; x_wconf 89' lang='lat' dir='ltr'>super</span> <span class='ocrx_word' id='word_1_1124' title='bbox 1493 2203 1738 2232; x_wconf 87' lang='lat' dir='ltr'>quarumcumque</span> <span class='ocrx_word' id='word_1_1125' title='bbox 1753 2193 1929 2224; x_wconf 86' lang='lat' dir='ltr'>Guerrarum</span> <span class='ocrx_word' id='word_1_1126' title='bbox 1943 2193 1977 2224; x_wconf 89' lang='lat'>&amp;</span> <span class='ocrx_word' id='word_1_1127' title='bbox 1990 2193 2205 2226; x_wconf 79' lang='lat' dir='ltr'>Diffenfionum</span> <span class='ocrx_word' id='word_1_1128' title='bbox 2221 2192 2372 2224; x_wconf 86' lang='lat' dir='ltr'>Commo-</span> 
     </span>
     <span class='ocr_line' id='line_1_149' title="bbox 1297 2231 2370 2273; baseline 0 -10"><span class='ocrx_word' id='word_1_1129' title='bbox 1297 2233 1437 2271; x_wconf 88' lang='lat' dir='ltr'>tionibus,</span> <span class='ocrx_word' id='word_1_1130' title='bbox 1455 2242 1490 2263; x_wconf 82' lang='lat' dir='ltr'>ex</span> <span class='ocrx_word' id='word_1_1131' title='bbox 1511 2233 1567 2263; x_wconf 72' lang='lat' dir='ltr'>una</span> <span class='ocrx_word' id='word_1_1132' title='bbox 1585 2242 1661 2273; x_wconf 86' lang='lat' dir='ltr'>parte</span> <span class='ocrx_word' id='word_1_1133' title='bbox 1682 2232 1729 2264; x_wconf 90' lang='lat' dir='ltr'>vel</span> <span class='ocrx_word' id='word_1_1134' title='bbox 1742 2232 1794 2263; x_wconf 71' lang='lat' dir='ltr'>alii</span> <span class='ocrx_word' id='word_1_1135' title='bbox 1808 2231 1954 2272; x_wconf 85' lang='lat' dir='ltr'>suscitatis,</span> <span class='ocrx_word' id='word_1_1136' title='bbox 1970 2232 2154 2266; x_wconf 84' lang='lat' dir='ltr'>Pacificandis</span> <span class='ocrx_word' id='word_1_1137' title='bbox 2166 2233 2370 2271; x_wconf 84' lang='lat' dir='ltr'>amicabiliter,</span> 
     </span>
     <span class='ocr_line' id='line_1_150' title="bbox 1299 2271 1674 2310; baseline -0.003 -7"><span class='ocrx_word' id='word_1_1138' title='bbox 1299 2273 1332 2303; x_wconf 71' lang='grc' dir='ltr'>ὅ(</span> <span class='ocrx_word' id='word_1_1139' title='bbox 1350 2271 1467 2302; x_wconf 86' lang='lat' dir='ltr'>finaliter</span> <span class='ocrx_word' id='word_1_1140' title='bbox 1481 2271 1674 2310; x_wconf 89' lang='lat' dir='ltr'>Decidendis,</span> 
     </span>
    </p>

    <p class='ocr_par' dir='ltr' id='par_1_52' title="bbox 1298 2309 2374 2420">
     <span class='ocr_line' id='line_1_151' title="bbox 1336 2309 2372 2350; baseline -0.001 -9"><span class='ocrx_word' id='word_1_1141' title='bbox 1336 2310 1382 2341; x_wconf 87' lang='lat' dir='ltr'>Ac</span> <span class='ocrx_word' id='word_1_1142' title='bbox 1402 2309 1508 2341; x_wconf 86' lang='lat' dir='ltr'>Pacem</span> <span class='ocrx_word' id='word_1_1143' title='bbox 1529 2311 1646 2343; x_wconf 88' lang='lat' dir='ltr'>Plenam</span> <span class='ocrx_word' id='word_1_1144' title='bbox 1670 2311 1704 2342; x_wconf 90' lang='lat'>&amp;</span> <span class='ocrx_word' id='word_1_1145' title='bbox 1726 2309 1898 2349; x_wconf 86' lang='lat' dir='ltr'>Perpetuam</span> <span class='ocrx_word' id='word_1_1146' title='bbox 1918 2311 1992 2342; x_wconf 90' lang='lat' dir='ltr'>inter</span> <span class='ocrx_word' id='word_1_1147' title='bbox 2011 2310 2080 2342; x_wconf 86' lang='lat' dir='ltr'>Nos</span> <span class='ocrx_word' id='word_1_1148' title='bbox 2125 2320 2181 2350; x_wconf 87' lang='lat' dir='ltr'>pro</span> <span class='ocrx_word' id='word_1_1149' title='bbox 2201 2310 2318 2347; x_wconf 85' lang='lat' dir='ltr'>Nobis,</span> <span class='ocrx_word' id='word_1_1150' title='bbox 2335 2309 2372 2341; x_wconf 86' lang='lat'>&amp;</span> 
     </span>
     <span class='ocr_line' id='line_1_152' title="bbox 1298 2335 2374 2420; baseline 0 -41"><span class='ocrx_word' id='word_1_1151' title='bbox 1298 2349 1468 2420; x_wconf 44' lang='lat' dir='ltr'>{imrefibus</span> <span class='ocrx_word' id='word_1_1152' title='bbox 1479 2350 1604 2420; x_wconf 63' lang='lat' dir='ltr'>tiliostris,</span> <span class='ocrx_word' id='word_1_1153' title='bbox 1624 2351 1658 2382; x_wconf 64' lang='grc' dir='ltr'>ὃς</span> <span class='ocrx_word' id='word_1_1154' title='bbox 1680 2348 1793 2381; x_wconf 69' lang='grc' dir='ltr'>ἀίέὶυῐῃ</span> <span class='ocrx_word' id='word_1_1155' title='bbox 1814 2349 1996 2391; x_wconf 86' lang='lat' dir='ltr'>Philippum,</span> <span class='ocrx_word' id='word_1_1156' title='bbox 2014 2359 2067 2389; x_wconf 90' lang='lat' dir='ltr'>pro</span> <span class='ocrx_word' id='word_1_1157' title='bbox 2087 2335 2124 2382; x_wconf 55' lang='lat' dir='ltr'>ge</span> <span class='ocrx_word' id='word_1_1158' title='bbox 2147 2351 2181 2382; x_wconf 87' lang='lat'>&amp;</span> <span class='ocrx_word' id='word_1_1159' title='bbox 2201 2348 2374 2381; x_wconf 79' lang='lat' dir='ltr'>Haeredibus</span> 
     </span>
    </p>

    <p class='ocr_par' dir='ltr' id='par_1_53' title="bbox 1310 2398 1549 2420">
     <span class='ocr_line' id='line_1_153' title="bbox 1310 2398 1549 2420; baseline -0.004 0"><span class='ocrx_word' id='word_1_1160' title='bbox 1310 2400 1349 2420; x_wconf 88' lang='lat' dir='ltr'>uis</span> <span class='ocrx_word' id='word_1_1161' title='bbox 1403 2398 1477 2419; x_wconf 88' lang='lat' dir='ltr'>neun</span> <span class='ocrx_word' id='word_1_1162' title='bbox 1499 2400 1549 2420; x_wconf 89' lang='lat' dir='ltr'>um</span> 
     </span>
    </p>

    <p class='ocr_par' dir='ltr' id='par_1_54' title="bbox 1298 2412 2421 2498">
     <span class='ocr_line' id='line_1_154' title="bbox 1334 2412 2373 2498; baseline -0.002 -39"><span class='ocrx_word' id='word_1_1163' title='bbox 1334 2412 1383 2497; x_wconf 51' lang='lat' dir='ltr'>§c</span> <span class='ocrx_word' id='word_1_1164' title='bbox 1390 2428 1545 2498; x_wconf 85' lang='lat' dir='ltr'>dTreugas,</span> <span class='ocrx_word' id='word_1_1165' title='bbox 1556 2413 1598 2459; x_wconf 74' lang='grc' dir='ltr'>’δε</span> <span class='ocrx_word' id='word_1_1166' title='bbox 1618 2426 1741 2459; x_wconf 86' lang='lat' dir='ltr'>Guerrae</span> <span class='ocrx_word' id='word_1_1167' title='bbox 1757 2425 1972 2468; x_wconf 78' lang='lat' dir='ltr'>Ceffitionem,</span> <span class='ocrx_word' id='word_1_1168' title='bbox 1990 2428 2036 2459; x_wconf 87' lang='lat' dir='ltr'>seu</span> <span class='ocrx_word' id='word_1_1169' title='bbox 2057 2427 2274 2465; x_wconf 77' lang='lat' dir='ltr'>Sufferentiam,</span> <span class='ocrx_word' id='word_1_1170' title='bbox 2288 2424 2373 2456; x_wconf 84' lang='lat' dir='ltr'>Con·</span> 
     </span>
     <span class='ocr_line' id='line_1_155' title="bbox 1298 2476 2421 2498; baseline 0 -1"><span class='ocrx_word' id='word_1_1171' title='bbox 1298 2476 1332 2497; x_wconf 91' lang='lat' dir='ltr'>ce</span> <span class='ocrx_word' id='word_1_1172' title='bbox 1353 2478 1387 2498; x_wconf 90' lang='lat' dir='ltr'>en</span> <span class='ocrx_word' id='word_1_1173' title='bbox 1410 2477 1458 2498; x_wconf 89' lang='lat' dir='ltr'>um</span> <span class='ocrx_word' id='word_1_1174' title='bbox 2420 2490 2421 2494; x_wconf 67' lang='lat'>,</span> 
     </span>
    </p>

    <p class='ocr_par' dir='ltr' id='par_1_55' title="bbox 1297 2491 2412 2584">
     <span class='ocr_line' id='line_1_156' title="bbox 1334 2491 2373 2545; baseline -0.004 -8"><span class='ocrx_word' id='word_1_1175' title='bbox 1334 2506 1371 2538; x_wconf 85' lang='lat' dir='ltr'>Et</span> <span class='ocrx_word' id='word_1_1176' title='bbox 1390 2517 1437 2545; x_wconf 84' lang='lat' dir='ltr'>ea,</span> <span class='ocrx_word' id='word_1_1177' title='bbox 1454 2491 1519 2545; x_wconf 55' lang='lat' dir='ltr'>riute</span> <span class='ocrx_word' id='word_1_1178' title='bbox 1534 2506 1572 2537; x_wconf 81' lang='lat' dir='ltr'>fic</span> <span class='ocrx_word' id='word_1_1179' title='bbox 1584 2505 1720 2537; x_wconf 71' lang='lat' dir='ltr'>Trae&#39;tara</span> <span class='ocrx_word' id='word_1_1180' title='bbox 1734 2506 1769 2538; x_wconf 89' lang='lat'>&amp;</span> <span class='ocrx_word' id='word_1_1181' title='bbox 1787 2503 1973 2538; x_wconf 83' lang='lat' dir='ltr'>Concordata</span> <span class='ocrx_word' id='word_1_1182' title='bbox 1985 2504 2108 2542; x_wconf 85' lang='lat' dir='ltr'>fuerint,</span> <span class='ocrx_word' id='word_1_1183' title='bbox 2124 2511 2307 2542; x_wconf 85' lang='lat' dir='ltr'>quacumque</span> <span class='ocrx_word' id='word_1_1184' title='bbox 2321 2501 2373 2534; x_wconf 81' lang='lat' dir='ltr'>Se-</span> 
     </span>
     <span class='ocr_line' id='line_1_157' title="bbox 1297 2545 2412 2584; baseline -0.004 -7"><span class='ocrx_word' id='word_1_1185' title='bbox 1297 2547 1417 2577; x_wconf 86' lang='lat' dir='ltr'>curitate</span> <span class='ocrx_word' id='word_1_1186' title='bbox 1433 2545 1454 2575; x_wconf 83' lang='lat' dir='ltr'><strong>F</strong></span> <span class='ocrx_word' id='word_1_1187' title='bbox 1456 2546 1633 2584; x_wconf 85' lang='lat' dir='ltr'>irmandum,</span> <span class='ocrx_word' id='word_1_1188' title='bbox 2410 2575 2412 2578; x_wconf 57' lang='grc'>,</span> 
     </span>
    </p>

    <p class='ocr_par' dir='ltr' id='par_1_56' title="bbox 1296 2579 2375 2663">
     <span class='ocr_line' id='line_1_158' title="bbox 1335 2579 2375 2623; baseline -0.004 -8"><span class='ocrx_word' id='word_1_1189' title='bbox 1335 2584 1466 2615; x_wconf 88' lang='lat' dir='ltr'>Necnon</span> <span class='ocrx_word' id='word_1_1190' title='bbox 1492 2585 1679 2615; x_wconf 87' lang='lat' dir='ltr'>Securitatem</span> <span class='ocrx_word' id='word_1_1191' title='bbox 1715 2593 1780 2623; x_wconf 80' lang='lat' dir='ltr'>quae</span> <span class='ocrx_word' id='word_1_1192' title='bbox 1800 2584 1882 2614; x_wconf 89' lang='lat' dir='ltr'>nobis</span> <span class='ocrx_word' id='word_1_1193' title='bbox 1899 2582 1977 2622; x_wconf 87' lang='lat' dir='ltr'>super</span> <span class='ocrx_word' id='word_1_1194' title='bbox 1990 2581 2042 2610; x_wconf 88' lang='lat' dir='ltr'>hiis</span> <span class='ocrx_word' id='word_1_1195' title='bbox 2057 2580 2117 2610; x_wconf 87' lang='lat' dir='ltr'>fieri</span> <span class='ocrx_word' id='word_1_1196' title='bbox 2133 2580 2251 2620; x_wconf 85' lang='lat' dir='ltr'>debeat,</span> <span class='ocrx_word' id='word_1_1197' title='bbox 2268 2579 2375 2622; x_wconf 64' lang='lat' dir='ltr'>Peteng-</span> 
     </span>
     <span class='ocr_line' id='line_1_159' title="bbox 1296 2608 2349 2663; baseline -0.005 -10"><span class='ocrx_word' id='word_1_1198' title='bbox 1296 2623 1366 2653; x_wconf 89' lang='lat' dir='ltr'>dum</span> <span class='ocrx_word' id='word_1_1199' title='bbox 1376 2647 1386 2662; x_wconf 88' lang='lat'>‚</span> <span class='ocrx_word' id='word_1_1200' title='bbox 1404 2622 1621 2661; x_wconf 78' lang='lat' dir='ltr'>Stipulandcm,</span> <span class='ocrx_word' id='word_1_1201' title='bbox 1635 2622 1669 2652; x_wconf 89' lang='lat'>&amp;</span> <span class='ocrx_word' id='word_1_1202' title='bbox 1685 2608 1916 2659; x_wconf 56' lang='lat' dir='ltr'>Recipiendurn,</span> <span class='ocrx_word' id='word_1_1203' title='bbox 2342 2657 2349 2663; x_wconf 46' lang='lat'><strong>·</strong></span> 
     </span>
    </p>

    <p class='ocr_par' dir='ltr' id='par_1_57' title="bbox 1297 2657 2372 2767">
     <span class='ocr_line' id='line_1_160' title="bbox 1336 2657 2371 2699; baseline -0.004 -8"><span class='ocrx_word' id='word_1_1204' title='bbox 1336 2660 1375 2691; x_wconf 88' lang='lat' dir='ltr'>Et</span> <span class='ocrx_word' id='word_1_1205' title='bbox 1397 2662 1493 2691; x_wconf 88' lang='lat' dir='ltr'>omnia</span> <span class='ocrx_word' id='word_1_1206' title='bbox 1514 2661 1564 2691; x_wconf 85' lang='lat' dir='ltr'>alia</span> <span class='ocrx_word' id='word_1_1207' title='bbox 1579 2661 1613 2691; x_wconf 89' lang='lat'>&amp;</span> <span class='ocrx_word' id='word_1_1208' title='bbox 1635 2660 1738 2699; x_wconf 84' lang='lat' dir='ltr'>singula</span> <span class='ocrx_word' id='word_1_1209' title='bbox 1757 2658 1922 2690; x_wconf 82' lang='lat' dir='ltr'>faciendum</span> <span class='ocrx_word' id='word_1_1210' title='bbox 1943 2659 1977 2689; x_wconf 70' lang='grc' dir='ltr'>ὅς</span> <span class='ocrx_word' id='word_1_1211' title='bbox 1996 2657 2205 2688; x_wconf 83' lang='lat' dir='ltr'>excercendum</span> <span class='ocrx_word' id='word_1_1212' title='bbox 2218 2679 2229 2695; x_wconf 84' lang='lat'>,</span> <span class='ocrx_word' id='word_1_1213' title='bbox 2249 2666 2315 2695; x_wconf 83' lang='lat' dir='ltr'>quae</span> <span class='ocrx_word' id='word_1_1214' title='bbox 2339 2667 2371 2688; x_wconf 84' lang='lat' dir='ltr'>in</span> 
     </span>
     <span class='ocr_line' id='line_1_161' title="bbox 1297 2693 2372 2767; baseline -0.002 -39"><span class='ocrx_word' id='word_1_1215' title='bbox 1297 2700 1460 2767; x_wconf 70' lang='lat' dir='ltr'>praeinsiffis,</span> <span class='ocrx_word' id='word_1_1216' title='bbox 1469 2700 1512 2766; x_wconf 80' lang='lat' dir='ltr'>I&amp;</span> <span class='ocrx_word' id='word_1_1217' title='bbox 1529 2702 1544 2717; x_wconf 78' lang='grc'><em>“</em></span> <span class='ocrx_word' id='word_1_1218' title='bbox 1559 2699 1634 2729; x_wconf 88' lang='lat' dir='ltr'>circa</span> <span class='ocrx_word' id='word_1_1219' title='bbox 1648 2707 1679 2728; x_wconf 67' lang='lat' dir='ltr'>ea</span> <span class='ocrx_word' id='word_1_1220' title='bbox 1694 2697 1844 2729; x_wconf 80' lang='lat' dir='ltr'>neceffin&#39;a</span> <span class='ocrx_word' id='word_1_1221' title='bbox 1857 2698 1960 2728; x_wconf 88' lang='lat' dir='ltr'>fuerint</span> <span class='ocrx_word' id='word_1_1222' title='bbox 1968 2720 1979 2735; x_wconf 90' lang='lat'>,</span> <span class='ocrx_word' id='word_1_1223' title='bbox 1994 2698 2081 2728; x_wconf 88' lang='lat' dir='ltr'>etiam</span> <span class='ocrx_word' id='word_1_1224' title='bbox 2095 2696 2115 2726; x_wconf 77' lang='lat' dir='ltr'>si</span> <span class='ocrx_word' id='word_1_1225' title='bbox 2129 2693 2301 2727; x_wconf 84' lang='lat' dir='ltr'>Mandatum</span> <span class='ocrx_word' id='word_1_1226' title='bbox 2315 2697 2372 2727; x_wconf 83' lang='lat' dir='ltr'>exi·</span> 
     </span>
    </p>

    <p class='ocr_par' dir='ltr' id='par_1_58' title="bbox 1297 2746 2441 3000">
     <span class='ocr_line' id='line_1_162' title="bbox 1316 2746 2441 2768; baseline 0 -1"><span class='ocrx_word' id='word_1_1227' title='bbox 1316 2746 1365 2767; x_wconf 91' lang='lat' dir='ltr'>ant</span> <span class='ocrx_word' id='word_1_1228' title='bbox 1425 2747 1467 2768; x_wconf 83' lang='lat' dir='ltr'>cia</span> <span class='ocrx_word' id='word_1_1229' title='bbox 1477 2746 1506 2767; x_wconf 89' lang='lat' dir='ltr'>e·</span> <span class='ocrx_word' id='word_1_1230' title='bbox 2438 2765 2441 2767; x_wconf 88' lang='lat'>.</span> 
     </span>
     <span class='ocr_line' id='line_1_163' title="bbox 1297 2746 2427 2815; baseline -0.002 -8"><span class='ocrx_word' id='word_1_1231' title='bbox 1297 2746 1316 2777; x_wconf 76' lang='lat' dir='ltr'>g</span> <span class='ocrx_word' id='word_1_1232' title='bbox 1337 2747 1539 2807; x_wconf 51' lang='lat' dir='ltr'>Proffistrenies</span> <span class='ocrx_word' id='word_1_1233' title='bbox 1562 2774 1632 2805; x_wconf 87' lang='lat' dir='ltr'>Nos</span> <span class='ocrx_word' id='word_1_1234' title='bbox 1651 2784 1704 2815; x_wconf 86' lang='lat' dir='ltr'>pro</span> <span class='ocrx_word' id='word_1_1235' title='bbox 1717 2775 1816 2812; x_wconf 85' lang='lat' dir='ltr'>nobis,</span> <span class='ocrx_word' id='word_1_1236' title='bbox 1835 2774 1868 2805; x_wconf 75' lang='grc' dir='ltr'>δε</span> <span class='ocrx_word' id='word_1_1237' title='bbox 1884 2772 2058 2804; x_wconf 84' lang='lat' dir='ltr'>Haeredibus</span> <span class='ocrx_word' id='word_1_1238' title='bbox 2072 2772 2192 2811; x_wconf 88' lang='lat' dir='ltr'>nostris,</span> <span class='ocrx_word' id='word_1_1239' title='bbox 2208 2768 2319 2804; x_wconf 82' lang='lat' dir='ltr'>Rarum</span> <span class='ocrx_word' id='word_1_1240' title='bbox 2336 2773 2370 2805; x_wconf 67' lang='grc' dir='ltr'>δε</span> <span class='ocrx_word' id='word_1_1241' title='bbox 2423 2766 2427 2770; x_wconf 63' lang='grc'><strong>’</strong></span> 
     </span>
     <span class='ocr_line' id='line_1_164' title="bbox 1298 2810 2371 2853; baseline -0.002 -8"><span class='ocrx_word' id='word_1_1242' title='bbox 1298 2813 1422 2845; x_wconf 87' lang='lat' dir='ltr'>Gratum</span> <span class='ocrx_word' id='word_1_1243' title='bbox 1441 2814 1584 2845; x_wconf 82' lang='lat' dir='ltr'>babituros</span> <span class='ocrx_word' id='word_1_1244' title='bbox 1603 2813 1740 2851; x_wconf 85' lang='lat' dir='ltr'>quicquid</span> <span class='ocrx_word' id='word_1_1245' title='bbox 1762 2823 1812 2853; x_wconf 91' lang='lat' dir='ltr'>per</span> <span class='ocrx_word' id='word_1_1246' title='bbox 1832 2813 1926 2843; x_wconf 66' lang='lat' dir='ltr'>dictos</span> <span class='ocrx_word' id='word_1_1247' title='bbox 1939 2836 1948 2851; x_wconf 94' lang='lat'>,</span> <span class='ocrx_word' id='word_1_1248' title='bbox 1975 2811 2129 2843; x_wconf 80' lang='lat' dir='ltr'>Comitem</span> <span class='ocrx_word' id='word_1_1249' title='bbox 2144 2835 2154 2850; x_wconf 87' lang='lat'>,</span> <span class='ocrx_word' id='word_1_1250' title='bbox 2180 2810 2371 2852; x_wconf 88' lang='lat' dir='ltr'>Bernardum‚</span> 
     </span>
     <span class='ocr_line' id='line_1_165' title="bbox 1298 2850 2369 2892; baseline -0.001 -8"><span class='ocrx_word' id='word_1_1251' title='bbox 1298 2853 1538 2885; x_wconf 85' lang='lat' dir='ltr'>Bartholomaeum</span> <span class='ocrx_word' id='word_1_1252' title='bbox 1552 2876 1562 2892; x_wconf 87' lang='lat'>,</span> <span class='ocrx_word' id='word_1_1253' title='bbox 1574 2852 1738 2891; x_wconf 88' lang='lat' dir='ltr'>Johannem</span> <span class='ocrx_word' id='word_1_1254' title='bbox 1753 2877 1762 2890; x_wconf 90' lang='lat'>,</span> <span class='ocrx_word' id='word_1_1255' title='bbox 1780 2853 1813 2883; x_wconf 67' lang='grc' dir='ltr'>ὅ(</span> <span class='ocrx_word' id='word_1_1256' title='bbox 1835 2851 2036 2890; x_wconf 88' lang='lat' dir='ltr'>Nicholaum,</span> <span class='ocrx_word' id='word_1_1257' title='bbox 2056 2851 2207 2890; x_wconf 77' lang='lat' dir='ltr'>Quatuor,</span> <span class='ocrx_word' id='word_1_1258' title='bbox 2224 2850 2318 2890; x_wconf 75' lang='lat' dir='ltr'>Tres,</span> <span class='ocrx_word' id='word_1_1259' title='bbox 2334 2852 2369 2883; x_wconf 88' lang='lat'>&amp;</span> 
     </span>
     <span class='ocr_line' id='line_1_166' title="bbox 1299 2889 2369 2931; baseline -0.004 -8"><span class='ocrx_word' id='word_1_1260' title='bbox 1299 2892 1384 2923; x_wconf 89' lang='lat' dir='ltr'>Duos</span> <span class='ocrx_word' id='word_1_1261' title='bbox 1407 2902 1507 2923; x_wconf 89' lang='lat' dir='ltr'>eorum</span> <span class='ocrx_word' id='word_1_1262' title='bbox 1527 2895 1670 2930; x_wconf 83' lang='lat' dir='ltr'>(quorum</span> <span class='ocrx_word' id='word_1_1263' title='bbox 1692 2892 1840 2931; x_wconf 82' lang='lat' dir='ltr'>praefatum</span> <span class='ocrx_word' id='word_1_1264' title='bbox 1862 2889 2013 2921; x_wconf 87' lang='lat' dir='ltr'>Comitem</span> <span class='ocrx_word' id='word_1_1265' title='bbox 2036 2892 2128 2921; x_wconf 80' lang='lat' dir='ltr'>unum</span> <span class='ocrx_word' id='word_1_1266' title='bbox 2148 2890 2203 2920; x_wconf 83' lang='lat' dir='ltr'>esse</span> <span class='ocrx_word' id='word_1_1267' title='bbox 2216 2889 2369 2926; x_wconf 76' lang='lat' dir='ltr'>volumus)</span> 
     </span>
     <span class='ocr_line' id='line_1_167' title="bbox 1299 2927 2341 3000; baseline -0.003 -39"><span class='ocrx_word' id='word_1_1268' title='bbox 1299 2931 1409 3000; x_wconf 69' lang='lat' dir='ltr'>Aelium</span> <span class='ocrx_word' id='word_1_1269' title='bbox 1424 2932 1458 2962; x_wconf 90' lang='lat'>&amp;</span> <span class='ocrx_word' id='word_1_1270' title='bbox 1472 2930 1596 3000; x_wconf 45' lang='lat' dir='ltr'>Ggsium</span> <span class='ocrx_word' id='word_1_1271' title='bbox 1611 2930 1694 2961; x_wconf 86' lang='lat' dir='ltr'>fuerit</span> <span class='ocrx_word' id='word_1_1272' title='bbox 1710 2931 1738 2960; x_wconf 91' lang='lat' dir='ltr'>in</span> <span class='ocrx_word' id='word_1_1273' title='bbox 1752 2929 1915 2969; x_wconf 83' lang='lat' dir='ltr'>praemiffis,</span> <span class='ocrx_word' id='word_1_1274' title='bbox 1932 2930 1966 2961; x_wconf 91' lang='lat'>&amp;</span> <span class='ocrx_word' id='word_1_1275' title='bbox 1980 2929 2108 2969; x_wconf 84' lang='lat' dir='ltr'>quolibet</span> <span class='ocrx_word' id='word_1_1276' title='bbox 2121 2927 2341 2968; x_wconf 78' lang='lat' dir='ltr'>praemifforum.</span> 
     </span>
    </p>

    <p class='ocr_par' dir='ltr' id='par_1_59' title="bbox 1352 2980 1562 3001">
     <span class='ocr_line' id='line_1_168' title="bbox 1352 2980 1562 3001; baseline -0.005 -1"><span class='ocrx_word' id='word_1_1277' title='bbox 1352 2980 1371 3000; x_wconf 89' lang='lat' dir='ltr'>n</span> <span class='ocrx_word' id='word_1_1278' title='bbox 1386 2980 1423 3001; x_wconf 89' lang='lat' dir='ltr'>cu</span> <span class='ocrx_word' id='word_1_1279' title='bbox 1436 2980 1466 3000; x_wconf 88' lang='lat' dir='ltr'>us</span> <span class='ocrx_word' id='word_1_1280' title='bbox 1537 2980 1562 3000; x_wconf 89' lang='lat' dir='ltr'>c.</span> 
     </span>
    </p>

    <p class='ocr_par' dir='ltr' id='par_1_60' title="bbox 1374 2980 2212 3049">
     <span class='ocr_line' id='line_1_169' title="bbox 1374 2980 2212 3049; baseline -0.004 -10"><span class='ocrx_word' id='word_1_1281' title='bbox 1374 2980 1446 3040; x_wconf 66' lang='lat' dir='ltr'>Da&#39;t.</span> <span class='ocrx_word' id='word_1_1282' title='bbox 1458 2993 1532 3049; x_wconf 67' lang='lat' dir='ltr'>aima</span> <span class='ocrx_word' id='word_1_1283' title='bbox 1545 3008 1666 3040; x_wconf 74' lang='lat' dir='ltr'>Turrim</span> <span class='ocrx_word' id='word_1_1284' title='bbox 1683 3006 1820 3039; x_wconf 79' lang='lat' dir='ltr'>London.</span> <span class='ocrx_word' id='word_1_1285' title='bbox 1835 3007 1951 3040; x_wconf 59' lang='lat' dir='ltr'>decano</span> <span class='ocrx_word' id='word_1_1286' title='bbox 1965 3015 2068 3047; x_wconf 71' lang='lat' dir='ltr'>quarto</span> <span class='ocrx_word' id='word_1_1287' title='bbox 2080 3005 2126 3036; x_wconf 83' lang='lat' dir='ltr'>die</span> <span class='ocrx_word' id='word_1_1288' title='bbox 2134 3004 2212 3045; x_wconf 76' lang='lat' dir='ltr'>julii.</span> 
     </span>
    </p>
   </div>
   <div class='ocr_carea' id='block_1_16' title="bbox 1962 3081 2228 3123">
    <p class='ocr_par' dir='ltr' id='par_1_61' title="bbox 1962 3081 2228 3123">
     <span class='ocr_line' id='line_1_170' title="bbox 1962 3081 2228 3123; baseline -0.008 -9"><span class='ocrx_word' id='word_1_1289' title='bbox 1962 3085 2016 3114; x_wconf 84' lang='lat' dir='ltr'>Per</span> <span class='ocrx_word' id='word_1_1290' title='bbox 2027 3081 2110 3123; x_wconf 80' lang='lat' dir='ltr'>ipJum</span> <span class='ocrx_word' id='word_1_1291' title='bbox 2123 3084 2228 3120; x_wconf 79' lang='lat' dir='ltr'>Regem.</span> 
     </span>
    </p>
   </div>
   <div class='ocr_carea' id='block_1_17' title="bbox 1320 3207 2331 3257">
    <p class='ocr_par' dir='ltr' id='par_1_62' title="bbox 1320 3207 2331 3257">
     <span class='ocr_line' id='line_1_171' title="bbox 1320 3207 2331 3257; baseline -0.004 -9"><span class='ocrx_word' id='word_1_1292' title='bbox 1320 3218 1370 3250; x_wconf 89' lang='lat' dir='ltr'>De</span> <span class='ocrx_word' id='word_1_1293' title='bbox 1394 3214 1463 3247; x_wconf 82' lang='lat' dir='ltr'>aliis</span> <span class='ocrx_word' id='word_1_1294' title='bbox 1486 3208 1734 3246; x_wconf 79' lang='lat' dir='ltr'>Procuratoribus</span> <span class='ocrx_word' id='word_1_1295' title='bbox 1758 3209 1804 3243; x_wconf 85' lang='lat' dir='ltr'>ad</span> <span class='ocrx_word' id='word_1_1296' title='bbox 1815 3208 1959 3257; x_wconf 72' lang='lat' dir='ltr'>praemiffiz</span> <span class='ocrx_word' id='word_1_1297' title='bbox 1979 3208 2140 3243; x_wconf 52' lang='lat' dir='ltr'>imitanda</span> <span class='ocrx_word' id='word_1_1298' title='bbox 2150 3207 2331 3256; x_wconf 78' lang='lat' dir='ltr'>fhbstitutis.</span> 
     </span>
    </p>
   </div>
   <div class='ocr_carea' id='block_1_18' title="bbox 1300 3294 2513 3569">
    <p class='ocr_par' dir='ltr' id='par_1_63' title="bbox 1300 3294 2505 3358">
     <span class='ocr_line' id='line_1_172' title="bbox 1300 3294 2505 3358; baseline -0.001 -28"><span class='ocrx_word' id='word_1_1299' title='bbox 1300 3298 1430 3358; x_wconf 78' lang='lat' dir='ltr'>REX</span> <span class='ocrx_word' id='word_1_1300' title='bbox 1450 3296 1613 3335; x_wconf 84' lang='lat' dir='ltr'>Univerfis‚</span> <span class='ocrx_word' id='word_1_1301' title='bbox 1638 3294 1698 3330; x_wconf 60' lang='lat' dir='ltr'>&amp;a</span> <span class='ocrx_word' id='word_1_1302' title='bbox 1721 3301 1752 3324; x_wconf 84' lang='lat' dir='ltr'>ut</span> <span class='ocrx_word' id='word_1_1303' title='bbox 1766 3296 1853 3334; x_wconf 58' lang='lat' dir='ltr'>stapris</span> <span class='ocrx_word' id='word_1_1304' title='bbox 1869 3303 1950 3335; x_wconf 83' lang='lat' dir='ltr'>prout</span> <span class='ocrx_word' id='word_1_1305' title='bbox 1973 3294 2053 3338; x_wconf 58' lang='lat' dir='ltr'>usque</span> <span class='ocrx_word' id='word_1_1306' title='bbox 2073 3295 2130 3335; x_wconf 79' lang='lat' dir='ltr'>ibi,</span> <span class='ocrx_word' id='word_1_1307' title='bbox 2152 3304 2207 3337; x_wconf 86' lang='lat' dir='ltr'>pro</span> <span class='ocrx_word' id='word_1_1308' title='bbox 2227 3295 2311 3327; x_wconf 81' lang='lat' dir='ltr'>nobis</span> <span class='ocrx_word' id='word_1_1309' title='bbox 2328 3294 2363 3328; x_wconf 75' lang='grc' dir='ltr'>δε</span> <span class='ocrx_word' id='word_1_1310' title='bbox 2380 3308 2457 3342; x_wconf 58' lang='grc' dir='ltr'>ΑΜ,</span> <span class='ocrx_word' id='word_1_1311' title='bbox 2471 3307 2505 3338; x_wconf 83' lang='lat' dir='ltr'>D</span> 
     </span>
    </p>

    <p class='ocr_par' dir='ltr' id='par_1_64' title="bbox 1377 3332 2513 3386">
     <span class='ocr_line' id='line_1_173' title="bbox 1377 3332 2513 3386; baseline -0.003 -19"><span class='ocrx_word' id='word_1_1312' title='bbox 1377 3337 1476 3369; x_wconf 87' lang='lat' dir='ltr'>nostro</span> <span class='ocrx_word' id='word_1_1313' title='bbox 1491 3337 1626 3372; x_wconf 89' lang='lat' dir='ltr'>nomine,</span> <span class='ocrx_word' id='word_1_1314' title='bbox 1645 3332 1683 3369; x_wconf 63' lang='grc' dir='ltr'>(ἐν</span> <span class='ocrx_word' id='word_1_1315' title='bbox 1697 3341 1762 3365; x_wconf 84' lang='lat' dir='ltr'>tunc</span> <span class='ocrx_word' id='word_1_1316' title='bbox 1768 3334 1820 3376; x_wconf 80' lang='lat' dir='ltr'>stc,</span> <span class='ocrx_word' id='word_1_1317' title='bbox 2406 3355 2493 3386; x_wconf 46' lang='lat'>1341·</span> <span class='ocrx_word' id='word_1_1318' title='bbox 2505 3332 2513 3340; x_wconf 84' lang='lat'>’</span> 
     </span>
    </p>

    <p class='ocr_par' dir='ltr' id='par_1_65' title="bbox 1333 3371 2496 3422">
     <span class='ocr_line' id='line_1_174' title="bbox 1333 3371 2496 3422; baseline -0.003 -14"><span class='ocrx_word' id='word_1_1319' title='bbox 1333 3376 1382 3408; x_wconf 92' lang='lat' dir='ltr'>De</span> <span class='ocrx_word' id='word_1_1320' title='bbox 1395 3375 1525 3407; x_wconf 88' lang='lat' dir='ltr'>Consilio</span> <span class='ocrx_word' id='word_1_1321' title='bbox 1539 3375 1572 3406; x_wconf 91' lang='lat'>&amp;</span> <span class='ocrx_word' id='word_1_1322' title='bbox 1586 3373 1788 3414; x_wconf 80' lang='lat' dir='ltr'>Avisamento,</span> <span class='ocrx_word' id='word_1_1323' title='bbox 1806 3371 1972 3413; x_wconf 88' lang='lat' dir='ltr'>illustrium,</span> <span class='ocrx_word' id='word_1_1324' title='bbox 2380 3389 2435 3416; x_wconf 51' lang='lat' dir='ltr'>An,</span> <span class='ocrx_word' id='word_1_1325' title='bbox 2452 3395 2496 3422; x_wconf 83' lang='lat'>¹5·</span> 
     </span>
    </p>

    <p class='ocr_par' dir='ltr' id='par_1_66' title="bbox 1335 3429 2482 3493">
     <span class='ocr_line' id='line_1_175' title="bbox 1335 3429 2482 3493; baseline -0.003 -9"><span class='ocrx_word' id='word_1_1326' title='bbox 1335 3453 1494 3493; x_wconf 77' lang='lat' dir='ltr'>Johannis,</span> <span class='ocrx_word' id='word_1_1327' title='bbox 1512 3451 1691 3492; x_wconf 78' lang='lat' dir='ltr'>Brabantiae,</span> <span class='ocrx_word' id='word_1_1328' title='bbox 2380 3429 2413 3455; x_wconf 57' lang='grc' dir='ltr'>ε’</span> <span class='ocrx_word' id='word_1_1329' title='bbox 2415 3433 2482 3493; x_wconf 54' lang='lat'><em>12¹1·</em></span> 
     </span>
    </p>

    <p class='ocr_par' dir='ltr' id='par_1_67' title="bbox 1337 3491 1846 3569">
     <span class='ocr_line' id='line_1_176' title="bbox 1337 3491 1846 3532; baseline 0 -10"><span class='ocrx_word' id='word_1_1330' title='bbox 1337 3494 1381 3523; x_wconf 85' lang='lat' dir='ltr'>Et</span> <span class='ocrx_word' id='word_1_1331' title='bbox 1400 3491 1565 3532; x_wconf 81' lang='lat' dir='ltr'>Reynoldiae,</span> <span class='ocrx_word' id='word_1_1332' title='bbox 1584 3491 1702 3530; x_wconf 76' lang='lat' dir='ltr'>Gelriae,</span> <span class='ocrx_word' id='word_1_1333' title='bbox 1721 3493 1846 3531; x_wconf 84' lang='lat' dir='ltr'>Ducum,</span> 
     </span>
     <span class='ocr_line' id='line_1_177' title="bbox 1337 3531 1790 3569; baseline -0.002 -8"><span class='ocrx_word' id='word_1_1334' title='bbox 1337 3531 1484 3561; x_wconf 82' lang='lat' dir='ltr'>Guillielmi</span> <span class='ocrx_word' id='word_1_1335' title='bbox 1504 3533 1615 3560; x_wconf 81' lang='lat' dir='ltr'>Comitis</span> <span class='ocrx_word' id='word_1_1336' title='bbox 1635 3532 1790 3569; x_wconf 80' lang='lat' dir='ltr'>Hanoniae‚</span> 
     </span>
    </p>
   </div>
   <div class='ocr_carea' id='block_1_19' title="bbox 1339 3567 2088 3611">
    <p class='ocr_par' dir='ltr' id='par_1_68' title="bbox 1339 3567 2088 3611">
     <span class='ocr_line' id='line_1_178' title="bbox 1339 3567 2088 3611; baseline -0.004 -11"><span class='ocrx_word' id='word_1_1337' title='bbox 1339 3569 1480 3611; x_wconf 84' lang='lat' dir='ltr'>Johannis</span> <span class='ocrx_word' id='word_1_1338' title='bbox 1493 3569 1524 3599; x_wconf 87' lang='lat' dir='ltr'>de</span> <span class='ocrx_word' id='word_1_1339' title='bbox 1538 3571 1672 3599; x_wconf 79' lang='lat' dir='ltr'>Hanania</span> <span class='ocrx_word' id='word_1_1340' title='bbox 1681 3592 1691 3609; x_wconf 88' lang='lat'>,</span> <span class='ocrx_word' id='word_1_1341' title='bbox 1709 3571 1822 3600; x_wconf 81' lang='lat' dir='ltr'>Domini</span> <span class='ocrx_word' id='word_1_1342' title='bbox 1834 3568 1867 3600; x_wconf 85' lang='lat' dir='ltr'>de</span> <span class='ocrx_word' id='word_1_1343' title='bbox 1879 3567 1957 3599; x_wconf 80' lang='lat' dir='ltr'>Bello</span> <span class='ocrx_word' id='word_1_1344' title='bbox 1971 3569 2088 3606; x_wconf 78' lang='lat' dir='ltr'>Monte,</span> 
     </span>
    </p>
   </div>
   <div class='ocr_carea' id='block_1_20' title="bbox 1305 3638 2370 3725">
    <p class='ocr_par' dir='ltr' id='par_1_69' title="bbox 1305 3638 2370 3725">
     <span class='ocr_line' id='line_1_179' title="bbox 1342 3638 2370 3678; baseline -0.008 0"><span class='ocrx_word' id='word_1_1345' title='bbox 1342 3646 1380 3678; x_wconf 88' lang='lat' dir='ltr'>Et</span> <span class='ocrx_word' id='word_1_1346' title='bbox 1401 3647 1524 3678; x_wconf 89' lang='lat' dir='ltr'>aliorum</span> <span class='ocrx_word' id='word_1_1347' title='bbox 1544 3645 1820 3678; x_wconf 86' lang='lat' dir='ltr'>Confoederatorum</span> <span class='ocrx_word' id='word_1_1348' title='bbox 1840 3647 1875 3678; x_wconf 89' lang='lat'>&amp;</span> <span class='ocrx_word' id='word_1_1349' title='bbox 1895 3645 2034 3677; x_wconf 88' lang='lat' dir='ltr'>Fidelium</span> <span class='ocrx_word' id='word_1_1350' title='bbox 2056 3641 2221 3675; x_wconf 87' lang='lat' dir='ltr'>nostrorum</span> <span class='ocrx_word' id='word_1_1351' title='bbox 2233 3640 2271 3672; x_wconf 88' lang='lat' dir='ltr'>de</span> <span class='ocrx_word' id='word_1_1352' title='bbox 2285 3638 2370 3671; x_wconf 78' lang='lat' dir='ltr'>Flan-</span> 
     </span>
     <span class='ocr_line' id='line_1_180' title="bbox 1305 3678 2370 3725; baseline -0.008 -9"><span class='ocrx_word' id='word_1_1353' title='bbox 1305 3686 1381 3725; x_wconf 59' lang='lat' dir='ltr'>dria,</span> <span class='ocrx_word' id='word_1_1354' title='bbox 1399 3696 1468 3717; x_wconf 91' lang='lat' dir='ltr'>curn</span> <span class='ocrx_word' id='word_1_1355' title='bbox 1490 3684 1589 3715; x_wconf 88' lang='lat' dir='ltr'>illustri</span> <span class='ocrx_word' id='word_1_1356' title='bbox 1611 3683 1744 3724; x_wconf 87' lang='lat' dir='ltr'>Philippo</span> <span class='ocrx_word' id='word_1_1357' title='bbox 1766 3685 1802 3716; x_wconf 89' lang='lat' dir='ltr'>de</span> <span class='ocrx_word' id='word_1_1358' title='bbox 1816 3683 1947 3724; x_wconf 77' lang='lat' dir='ltr'>Valefio,</span> <span class='ocrx_word' id='word_1_1359' title='bbox 1963 3684 2009 3715; x_wconf 90' lang='lat' dir='ltr'>seu</span> <span class='ocrx_word' id='word_1_1360' title='bbox 2021 3681 2199 3721; x_wconf 86' lang='lat' dir='ltr'>Deputandis</span> <span class='ocrx_word' id='word_1_1361' title='bbox 2210 3680 2246 3711; x_wconf 73' lang='lat' dir='ltr'>ab</span> <span class='ocrx_word' id='word_1_1362' title='bbox 2258 3688 2312 3723; x_wconf 72' lang='lat' dir='ltr'>ep,</span> <span class='ocrx_word' id='word_1_1363' title='bbox 2326 3678 2370 3709; x_wconf 89' lang='lat' dir='ltr'>su-</span> 
     </span>
    </p>
   </div>
   <div class='ocr_carea' id='block_1_21' title="bbox 1240 3716 2370 3798">
    <p class='ocr_par' dir='ltr' id='par_1_70' title="bbox 1240 3716 2370 3798">
     <span class='ocr_line' id='line_1_181' title="bbox 1240 3716 2370 3798; baseline -0.003 -44"><span class='ocrx_word' id='word_1_1364' title='bbox 1240 3776 1251 3798; x_wconf 68' lang='lat' dir='ltr'>t</span> <span class='ocrx_word' id='word_1_1365' title='bbox 1305 3734 1354 3794; x_wconf 49' lang='grc' dir='ltr'>ἓν</span> <span class='ocrx_word' id='word_1_1366' title='bbox 1373 3724 1596 3765; x_wconf 85' lang='lat' dir='ltr'>quibuscumque</span> <span class='ocrx_word' id='word_1_1367' title='bbox 1616 3723 1855 3764; x_wconf 79' lang='lat' dir='ltr'>Qiaestionibus,</span> <span class='ocrx_word' id='word_1_1368' title='bbox 1879 3722 2108 3760; x_wconf 70' lang='lat' dir='ltr'>controversiis,</span> <span class='ocrx_word' id='word_1_1369' title='bbox 2133 3716 2312 3755; x_wconf 73' lang='lat' dir='ltr'>Demandls,</span> <span class='ocrx_word' id='word_1_1370' title='bbox 2333 3717 2370 3751; x_wconf 67' lang='grc' dir='ltr'>δε</span> 
     </span>
    </p>
   </div>
   <div class='ocr_carea' id='block_1_22' title="bbox 1341 3761 1670 3802">
    <p class='ocr_par' dir='ltr' id='par_1_71' title="bbox 1341 3761 1670 3802">
     <span class='ocr_line' id='line_1_182' title="bbox 1341 3761 1670 3802; baseline -0.003 -8"><span class='ocrx_word' id='word_1_1371' title='bbox 1341 3763 1444 3802; x_wconf 84' lang='lat' dir='ltr'>ebatis,</span> <span class='ocrx_word' id='word_1_1372' title='bbox 1462 3761 1522 3798; x_wconf 59' lang='lat' dir='ltr'>&amp;a</span> <span class='ocrx_word' id='word_1_1373' title='bbox 1535 3769 1568 3792; x_wconf 83' lang='lat' dir='ltr'>ut</span> <span class='ocrx_word' id='word_1_1374' title='bbox 1574 3761 1670 3802; x_wconf 72' lang='lat' dir='ltr'>fiaprae.</span> 
     </span>
    </p>
   </div>
   <div class='ocr_carea' id='block_1_23' title="bbox 993 3790 1561 3885">
    <p class='ocr_par' dir='ltr' id='par_1_72' title="bbox 993 3790 1561 3885">
     <span class='ocr_line' id='line_1_183' title="bbox 993 3790 1561 3840; baseline -0.012 -3"><span class='ocrx_word' id='word_1_1375' title='bbox 993 3808 1033 3837; x_wconf 90' lang='lat' dir='ltr'>uis</span> <span class='ocrx_word' id='word_1_1376' title='bbox 1055 3808 1084 3836; x_wconf 91' lang='lat' dir='ltr'>in</span> <span class='ocrx_word' id='word_1_1377' title='bbox 1104 3806 1210 3837; x_wconf 68' lang='lat' dir='ltr'>Forma</span> <span class='ocrx_word' id='word_1_1378' title='bbox 1223 3790 1270 3836; x_wconf 72' lang='lat' dir='ltr'>vei</span> <span class='ocrx_word' id='word_1_1379' title='bbox 1343 3802 1410 3833; x_wconf 88' lang='lat' dir='ltr'>Dat.</span> <span class='ocrx_word' id='word_1_1380' title='bbox 1425 3810 1457 3833; x_wconf 91' lang='lat' dir='ltr'>ut</span> <span class='ocrx_word' id='word_1_1381' title='bbox 1474 3801 1561 3840; x_wconf 82' lang='lat' dir='ltr'>supra.</span> 
     </span>
     <span class='ocr_line' id='line_1_184' title="bbox 1021 3845 1270 3885; baseline 0 -9"><span class='ocrx_word' id='word_1_1382' title='bbox 1021 3845 1180 3884; x_wconf 60' lang='lat' dir='ltr'>radhionis,</span> <span class='ocrx_word' id='word_1_1383' title='bbox 1197 3854 1270 3885; x_wconf 86' lang='lat' dir='ltr'>prae-</span> 
     </span>
    </p>
   </div>
   <div class='ocr_carea' id='block_1_24' title="bbox 1945 3883 2213 3925">
    <p class='ocr_par' dir='ltr' id='par_1_73' title="bbox 1945 3883 2213 3925">
     <span class='ocr_line' id='line_1_185' title="bbox 1945 3883 2213 3925; baseline -0.022 -8"><span class='ocrx_word' id='word_1_1384' title='bbox 1945 3887 2002 3918; x_wconf 77' lang='lat' dir='ltr'>Per</span> <span class='ocrx_word' id='word_1_1385' title='bbox 2014 3884 2096 3925; x_wconf 76' lang='lat' dir='ltr'>ipsum</span> <span class='ocrx_word' id='word_1_1386' title='bbox 2108 3883 2213 3920; x_wconf 76' lang='lat' dir='ltr'>Regem.</span> 
     </span>
    </p>
   </div>
   <div class='ocr_carea' id='block_1_25' title="bbox 2389 2700 2556 2738">
    <p class='ocr_par' dir='ltr' id='par_1_74' title="bbox 2389 2700 2556 2738">
     <span class='ocr_line' id='line_1_186' title="bbox 2389 2700 2556 2738; baseline 0 -8"><span class='ocrx_word' id='word_1_1387' title='bbox 2389 2700 2526 2738; x_wconf 46' lang='grc' dir='ltr'>*Ἅιδῃ</span> <span class='ocrx_word' id='word_1_1388' title='bbox 2554 2724 2556 2726; x_wconf 91' lang='grc'>.</span> 
     </span>
    </p>
   </div>
  </div>
 </body>
</html>
