2562 4279
0 1724 75 1753 *1v.

0 3315 60 3345 knn.
78 3315 118 3348 D.

5 3362 89 3392 1327.

0 3395 39 3418 111.
61 3403 83 3420 ι.

0 3470 37 3493 'at
59 3478 82 3494 1.

151 115 228 155 182

0 197 76 229 'Ani-i.
90 195 134 228 D.
146 197 356 229 Candelabrum
371 193 472 234 posita,
491 192 600 222 Lucem
617 191 739 228 praebeat
757 189 941 228 ampliorem,
957 188 1145 220 Sanstitatem
1158 197 1208 219 ve-

23 245 107 276 1327.
147 237 233 268 stram
254 235 318 273 (cui
337 242 446 263 tantum
460 230 622 269 Negotium
642 228 784 258 credimus
799 228 933 258 divinitus
946 227 1131 261 reservatum)
1152 226 1205 257 hu-

0 276 67 305 Edv-
84 284 111 311 3-
147 276 258 311 militis,
277 282 334 310 quo
350 270 508 310 poffiimus,
524 276 669 298 exoramus
683 265 818 304 quaternis
840 266 945 297 famam
962 289 972 304 ,
989 267 1046 297 tam
1080 264 1206 296 ublicam

147 315 159 349 (
168 322 253 351 quain
271 320 321 339 vos
339 308 518 339 verisimiliter
539 307 621 336 latere
640 314 699 335 non
723 304 881 341 credimus)
903 314 937 335 ex
950 305 1002 334 hiis
1016 314 1055 334 no
1082 305 1115 334 ris
1130 303 1208 334 Scri-

144 352 233 390 pturis
245 373 254 384 ,
273 349 291 377 si
306 348 454 385 placuerit,
471 344 653 381 affui-nentes,
673 344 724 381 ἃ,
739 343 773 373 ad
786 343 987 381 inquirendum
1010 344 1104 382 primo
1118 352 1207 372 cano-

144 391 210 420 nice
230 388 265 418 de
285 386 397 416 veritate
417 382 639 422 praemistorum,
657 381 791 419 aliquibus
811 382 875 411 viris
888 382 996 412 idoneis
1010 381 1206 412 auetoritatem

143 425 338 464 impendentes
358 422 532 460 Apostolicae
546 420 704 459 potestatis,
722 421 797 451 circa
812 420 918 460 ipsum,
935 420 1057 458 probatis
1075 428 1140 460 quae
1151 419 1207 449 suf-

144 466 227 496 ficere
248 464 366 500 poterint
383 463 413 490 in
432 462 483 490 hac
506 469 581 499 parre
601 459 635 489 ad
650 458 708 489 Dei
729 459 886 496 honorem,
903 459 937 490 &
949 459 1085 489 decorem
1101 458 1206 488 Eccle-

143 504 205 538 fiae,
223 502 321 540 exequi
337 499 492 538 dignemini
503 498 580 537 quod
595 497 686 528 vestra
696 497 854 527 decreverit
868 497 1004 528 Sanctitas
1018 505 1206 536 oportunum.

181 541 279 579 Digne
299 548 418 575 namque
436 538 560 567 venerari
580 536 664 567 debet
689 536 724 566 ad
746 536 909 567 hominibus
924 558 935 575 ,
965 545 1052 576 quem
1075 534 1207 565 Christus

144 588 218 611 tanta
232 577 376 608 decoravit
391 576 478 612 gioria
493 576 658 606 SanCHLatis.

181 615 240 647 Pro
259 617 335 654 cujus
356 614 471 654 quidem
491 614 686 653 prosecutione
700 612 840 652 Negotii,
858 613 978 644 dilectos
992 612 1119 648 nostrOS,
1140 611 1207 643 Ma-

143 655 261 696 gistrum
282 653 442 683 Wairemm
466 653 501 683 de
513 653 594 683 Burle
632 652 723 683 Sacrae
738 651 852 691 Paginae
873 651 1080 689 Profefforem,
1096 650 1207 681 Domi-

142 703 216 725 num
230 692 421 723 willielmum
441 692 555 723 Truffel
570 715 579 730 ,
596 675 739 729 Militem,
757 701 789 721 ac
807 689 977 729 Magistrum
985 690 1149 728 johannem
1169 689 1207 718 de

143 732 311 770 Thoresby,
329 730 492 769 Clericum,
507 729 609 761 vestrae
621 728 786 760 Beatitudini
801 729 1051 767 recomendatnus‚
1067 727 1101 759 &
1115 728 1207 758 mitti-

144 781 207 801 mus
221 770 253 800 ad
271 770 480 807 expeditionem
494 778 648 808 congruam
664 767 880 808 praemissorum.

182 808 336 839 AEternitas
352 808 412 847 illa,
431 819 445 838 a
459 808 514 846 qua
530 808 620 838 fluunt
642 815 770 844 tempora
783 807 817 838 &
832 813 994 844 momenta,
1012 804 1094 836 vobis
1108 803 1205 836 multi-

143 847 229 886 plicet
243 847 382 878 successus
397 847 541 885 prosperos
553 847 586 877 &
600 845 755 884 longaevos.

180 886 249 916 Dat.
266 885 401 917 London.
415 886 516 916 ultimo
527 885 571 916 die
589 883 697 915 Menfis
709 883 861 914 Februarii.

277 1016 336 1047 Pro
355 1013 551 1047 Buticulariis
566 1009 717 1046 Hibernia
728 1037 738 1054 ,
765 1010 801 1044 de
817 1009 909 1044 Feodo
924 1010 1068 1055 confimo.

143 1103 196 1164 R
210 1102 275 1133 EX
290 1101 451 1140 Justiciario
474 1099 508 1130 &
524 1096 698 1128 Cancellario
717 1096 771 1127 suis
786 1095 949 1132 Hiberniae,
966 1095 1012 1134 qui
1029 1104 1106 1124 nunc
1123 1093 1202 1131 sunt,

119 1137 126 1144 ⁰
198 1161 201 1163 -
222 1142 266 1172 vel
286 1140 335 1179 qui
357 1148 409 1180 pro
429 1147 560 1176 tempore
580 1145 660 1167 erunt
675 1159 685 1175 ,
700 1136 744 1167 vel
766 1144 866 1166 eorum
880 1135 944 1165 loca
958 1133 1134 1171 tenentibus,
1153 1132 1202 1163 Sa-

94 1177 99 1182 '
142 1178 240 1209 lutem.

184 1215 358 1248 Monstravit
376 1215 476 1254 nobis,
495 1214 611 1244 dilectus
625 1213 657 1244 δε
674 1211 758 1243 fidelis
778 1209 874 1242 noster
886 1235 895 1249 ,
911 1210 1034 1249 Jacobus
1048 1209 1074 1239 le
1089 1208 1204 1239 Botiller

143 1254 179 1285 de
192 1255 352 1293 Hioernia,
376 1253 461 1284 Filius
482 1253 515 1284 &
537 1252 636 1282 Haeres
657 1250 802 1282 Edmundi
821 1250 847 1279 le
869 1249 982 1279 Botiller
995 1248 1029 1278 de
1040 1247 1182 1278 Hibernia
1195 1269 1204 1284 ‚

122 1290 127 1296 “
142 1294 287 1333 defuncti,
327 1295 354 1324 ui
371 1292 407 1322 de
429 1290 562 1322 Domino
584 1289 618 1321 E.
633 1299 722 1327 nuper
744 1289 828 1326 Rege
845 1287 969 1327 Angiiae‚
987 1284 1070 1317 Patre
1090 1285 1204 1323 nostro,

144 1334 231 1364 renuit
251 1334 279 1363 in
332 1332 420 1372 apire,
434 1340 483 1371 per
501 1330 670 1360 Petitionem
690 1328 766 1358 suam
780 1349 790 1366 ,
809 1336 907 1357 coram
921 1326 1002 1356 nobis
1017 1325 1050 1356 &
1067 1324 1203 1355 Concilio

142 1371 242 1402 nostro
256 1371 408 1401 exhibitam
417 1391 427 1407 ‚

183 1411 276 1451 Qod
293 1434 302 1448 ,
326 1410 395 1440 curn
417 1406 490 1437 Prisa
511 1405 654 1436 Vinorum
678 1405 708 1434 in
731 1403 874 1434 Hibernia
895 1401 997 1439 (unde
1023 1401 1203 1439 Cognomen

145 1449 225 1480 suurn
246 1451 336 1488 gerit,
361 1447 394 1478 &
414 1445 474 1483 Ipse
489 1469 498 1482 ,
524 1445 556 1475 &
577 1442 771 1474 Antecessores
791 1442 846 1480 sui,
863 1442 900 1472 de
912 1450 1056 1479 ternpore,
1071 1449 1131 1479 quo
1144 1449 1203 1470 non

143 1497 216 1519 exrat
232 1487 383 1523 memoria,
402 1485 551 1523 gerebant}
572 1482 605 1512 ad
623 1482 712 1520 ipsum
725 1481 869 1520 Jacobum
885 1481 1036 1518 pertineat,
1055 1479 1205 1517 videlicet,

142 1527 179 1556 de
197 1526 317 1567 qualibet
343 1524 421 1554 Navi
437 1546 448 1562 ,
470 1522 551 1552 Vinis
570 1521 712 1551 venalibus
733 1519 858 1558 carcata,
875 1518 945 1549 infra
964 1519 1087 1548 Terram
1102 1517 1203 1555 praedi-

143 1565 235 1602 ctam,
258 1564 292 1594 ad
317 1562 451 1593 Civitates
474 1560 606 1598 Dublin,
623 1558 755 1589 Drothda
767 1581 777 1596 ,
801 1556 984 1594 Waterford,
1001 1555 1083 1586 Cork
1096 1557 1129 1587 &
1142 1555 1202 1596 Ly-

140 1605 232 1633 niet-ii<
247 1602 394 1639 veniente,
411 1609 500 1630 unum
512 1598 636 1629 Dolium
651 1596 722 1627 Vini
736 1605 798 1626 ante
813 1595 927 1626 Malum
940 1618 950 1633 ,
969 1595 1003 1625 &
1018 1604 1108 1625 unum
1127 1595 1201 1625 aliud

138 1652 214 1710 {etro
228 1665 237 1680 ,
256 1651 318 1708 prol
331 1639 524 1707 Qigdraginta
542 1635 644 1668 Solidis
654 1658 664 1675 ,
681 1634 888 1666 Mercatoribus
900 1657 910 1673 2
929 1643 1052 1673 quorum
1066 1632 1140 1664 Vina
1156 1633 1201 1664 illa

153 1682 240 1711 uerint
278 1680 308 1709 so
321 1689 374 1709 veri
396 1679 431 1708 is:

175 1720 193 1739 *‘
217 1703 265 1749 D’e
277 1717 332 1757 qua
345 1716 463 1755 quidem
475 1713 551 1745 Prisa
571 1712 766 1745 Anteceffores
782 1711 820 1742 sui
837 1711 965 1751 praedicti
979 1710 1087 1749 semper
1103 1711 1201 1741 hacte-

134 1768 202 1797 nus,
220 1768 235 1788 a
253 1765 383 1796 tempore
400 1754 555 1794 praedicto,
573 1754 602 1782 in
621 1751 784 1783 Dominico
798 1751 848 1782 suo
861 1773 872 1789 ,
888 1758 919 1781 ut
933 1750 969 1781 de
984 1749 1100 1789 Feodo,
1119 1750 1199 1780 obie-

134 1806 201 1828 runt
215 1797 301 1828 seisiti.

174 1835 212 1866 Et
234 1836 301 1866 licet
323 1833 466 1864 Dominus
488 1831 522 1863 E.
542 1840 631 1868 nuper
649 1828 715 1859 Rex
736 1828 866 1869 Angliae,
884 1827 966 1859 Pater
979 1826 1092 1866 noster,
1109 1837 1199 1866 nuper

134 1873 248 1913 cepisset
264 1873 439 1911 Homagium
453 1871 533 1911 ipsius
543 1870 646 1907 jacobi
667 1869 702 1898 de
723 1869 859 1899 omnibus
870 1867 969 1897 Terris
982 1867 1015 1897 &
1031 1866 1198 1897 Tenemen-

132 1915 181 1951 tis,
201 1923 263 1950 quse
277 1911 405 1949 praefatus
418 1908 603 1945 Edmundus,
622 1907 704 1938 Pater
720 1907 798 1944 suus,
815 1907 902 1937 tenuit
922 1905 958 1935 de
973 1905 1034 1944 ipso
1048 1904 1127 1936 Patre
1145 1915 1198 1935 no-

131 1951 190 1982 stro
206 1953 233 1981 in
250 1950 367 1991 Capite,
383 1949 429 1979 die
450 1957 508 1986 quo
525 1948 612 1977 obiit:
631 1955 717 1984 eaque
740 1946 810 1983 sibi,
827 1954 876 1985 per
894 1943 984 1974 Breve
998 1944 1095 1981 suurn,
1109 1943 1197 1982 Justi-

129 1990 217 2021 ciario
232 1989 395 2026 Hiberniae,
411 1988 458 2026 qui
473 1995 541 2016 tunc
556 1985 609 2015 fuit
619 2007 628 2023 ‚
646 1984 804 2020 direstum,
824 1982 978 2013 mandasset
990 1983 1119 2020 liberari,

165 2028 245 2058 Idem
258 2036 352 2058 tamen
362 2025 533 2064 justiciarius
548 2023 654 2053 Priiam
671 2022 706 2052 de
720 2021 801 2051 Vinis
821 2020 961 2059 praedietis
976 2021 1046 2059 (pro
1067 2030 1102 2050 eo
1117 2021 1195 2059 quod

129 2067 160 2097 iri
177 2066 259 2097 Brevi
275 2065 412 2105 praedicto
434 2064 468 2094 de
490 2062 565 2093 Prisa
585 2060 744 2099 hujusmodi
760 2070 819 2091 non
835 2059 865 2090 fit
879 2059 1002 2097 expressa
1014 2060 1138 2098 mentio,
1157 2061 1194 2091 set

130 2113 240 2136 tantum
262 2106 298 2135 de
313 2104 411 2134 Terris
425 2103 459 2133 &
473 2101 674 2134 Tenementis)
692 2099 787 2130 eidem
803 2098 916 2137 Jacobo
934 2098 1047 2128 liberare
1061 2098 1196 2129 haetenus

130 2143 235 2176 distulit
256 2145 285 2174 iri
307 2142 389 2180 ipsius
406 2141 510 2181 Jacobi
529 2149 613 2181 grave
632 2138 808 2177 dampnum,
826 2138 860 2169 δε
878 2136 1107 2168 exhaeredationis
1122 2138 1197 2175 peri-

130 2183 228 2213 culum
244 2181 438 2213 manifestum:

166 2221 258 2259 Super
271 2230 330 2260 quo
344 2220 426 2250 nobis
439 2218 602 2256 supplicavit
615 2216 665 2247 sibi
675 2239 684 2255 ,
702 2225 751 2256 per
767 2225 819 2246 nos
834 2237 845 2252 ,
865 2214 1041 2245 Remedium
1053 2214 1197 2253 adhiberi;

166 2259 251 2298 Nos,
268 2260 394 2328 {olentes
409 2258 438 2288 in
450 2257 503 2288 hac
518 2265 594 2296 parte
611 2254 670 2285 fieri
685 2254 764 2292 quod
777 2253 819 2284 est
828 2253 962 2294 Justum,
979 2254 1062 2285 vobis
1080 2254 1196 2285 manda-

131 2306 195 2328 mus
229 2300 269 2329 uo

170 2309 305 2374 Inspee‘tis⁷
315 2335 557 2374 Inquisitionibus,
575 2332 611 2363 de
623 2331 719 2362 Terris
731 2331 764 2362 ὅ(
780 2331 986 2369 Τεηεῐηεηῐίε,
1004 2339 1068 2369 quae
1083 2330 1195 2362 fuerunt

131 2375 240 2442 groefati
259 2374 404 2404 Edmundi
424 2374 453 2402 in
475 2372 611 2402 Hibernia
625 2392 635 2407 ,
652 2371 698 2400 die
721 2379 780 2407 quo
794 2370 867 2399 obiit
882 2392 891 2407 ,
909 2368 974 2408 post
991 2377 1114 2399 mortem
1126 2370 1196 2406 ejus-

155 2421 202 2441 em
220 2412 366 2443 Edmundi
380 2433 390 2449 ,
405 2410 441 2440 de
461 2410 593 2440 mandato
608 2408 677 2439 dieti
700 2407 788 2439 Patris
806 2406 894 2437 nostri
908 2407 1006 2446 fadiis,
1024 2408 1058 2439 ὅ(
1071 2408 1100 2438 in
1117 2407 1196 2438 Can-

133 2450 245 2480 cellaria
260 2450 307 2480 sua
320 2450 468 2480 Hiberniae
478 2448 637 2484 retornatis,

172 2488 202 2518 Si
226 2489 306 2519 vobis
327 2486 456 2518 constare
479 2486 580 2526 poterit
602 2484 682 2522 quod
697 2483 789 2521 Prifa,
806 2483 842 2513 de
854 2482 933 2514 Vinis
948 2483 1108 2523 praedictis,
1122 2485 1196 2515 inter

132 2525 236 2556 Terras
254 2527 287 2557 δε
309 2526 489 2556 Tenementa
502 2547 511 2561 ,
531 2526 560 2554 in
580 2523 655 2554 dieta
673 2522 852 2562 inquisitione
865 2531 1014 2559 contenta,
1028 2522 1196 2554 extendeba-

134 2572 198 2602 tur,
218 2565 250 2595 ὅ(
266 2566 294 2595 in
307 2563 432 2594 Manum
447 2563 514 2594 dieti
526 2561 614 2593 Patris
627 2561 714 2592 nostri
729 2570 808 2599 capta
828 2561 898 2599 fuit,
916 2570 985 2592 tunc
1005 2561 1098 2591 eidem
1108 2561 1195 2599 Jaco-

136 2603 177 2633 bo
191 2602 295 2634 Prisam
309 2603 383 2633 illam
397 2602 502 2631 liberari
518 2600 638 2631 faciatis:

168 2640 221 2680 Et,
237 2641 257 2672 fi
278 2641 352 2672 dieta
374 2640 449 2670 Prisa
469 2641 540 2670 inter
559 2640 661 2669 Terras
682 2639 715 2669 δε
728 2638 910 2668 Tenementa
925 2637 969 2667 illa
985 2647 1046 2668 non
1062 2638 1194 2669 extende-

131 2680 213 2710 batur
226 2702 236 2717 ,
251 2690 306 2710 nec
329 2681 358 2709 in
382 2687 497 2709 manum
519 2678 599 2716 ipsius
619 2677 705 2707 Patris
723 2676 832 2713 nostri,
850 2685 898 2714 per
918 2684 1040 2706 mortem
1053 2676 1120 2706 dieti
1137 2676 1195 2708 Ed-

132 2719 251 2756 mundi,
274 2717 359 2748 Patris
373 2717 428 2754 sui,
443 2726 523 2753 capta
539 2726 599 2746 non
612 2716 682 2753 fuit,
698 2724 780 2752 tunc,
801 2715 907 2744 vocatis
925 2724 1024 2744 coram
1040 2716 1123 2745 vobis
1145 2717 1194 2753 qui

129 2756 235 2786 fuerint
250 2756 389 2794 vocandi,
407 2756 440 2786 &
454 2754 547 2785 habita
562 2754 761 2784 informatione
776 2762 824 2792 per
837 2752 1048 2790 Inquisitionem
1087 2753 1131 2783 vel
1139 2755 1194 2785 alio

132 2794 242 2832 modo,
262 2803 355 2824 utrum
372 2794 499 2832 praefatus
517 2792 700 2829 Edmundus,
718 2791 798 2821 Pater
812 2791 893 2828 ipsius
904 2790 1007 2828 Jacobi
1022 2814 1031 2829 ,
1049 2776 1101 2821 suit
1114 2792 1194 2823 Seili-

133 2842 179 2863 tus
193 2833 220 2863 in
243 2831 407 2862 Dominico
428 2833 478 2862 suo
491 2854 500 2868 ,
519 2840 549 2861 ut
563 2831 599 2861 de
613 2830 712 2860 Feodo
727 2853 736 2868 ,
754 2830 790 2860 de
810 2829 886 2859 Priia
902 2829 1037 2866 praediEla
1052 2852 1061 2867 ,
1076 2829 1121 2860 die
1135 2841 1194 2870 quo

132 2871 207 2901 obiit
222 2893 232 2907 ,
256 2871 289 2900 δε
311 2870 410 2900 eadem
430 2869 501 2899 Prisa
514 2892 524 2905 ,
542 2869 692 2900 occasione
715 2869 813 2898 mortis
834 2867 955 2905 ejusdem
971 2890 981 2907 ,
999 2877 1080 2906 capta
1095 2869 1148 2899 fuit
1163 2871 1193 2899 in

135 2918 253 2939 manum
269 2908 349 2946 ipsius
364 2907 451 2938 Patris
464 2907 568 2945 nostri,

171 2947 261 2977 Tunc
277 2946 367 2976 eidem
377 2946 491 2985 jacobo
509 2946 546 2975 de
563 2945 662 2975 eadem
678 2944 753 2975 Priia
766 2944 878 2984 plenam
893 2944 1026 2974 Seifinam
1041 2944 1142 2976 habere
1153 2945 1195 2976 fa-

137 2986 230 3022 ciatisg
249 2984 323 3014 salvo
336 2985 442 3022 semper
451 2983 519 3022 Jure
534 2984 649 3021 nostro,
669 2984 700 3014 ὃ(
715 2984 824 3013 alterius
838 2983 1046 3021 cujuscumque.

174 3022 263 3054 Teste
279 3022 361 3063 Rege
373 3022 446 3061 apud
461 3021 766 3060 Westmonasterium,
784 3022 877 3059 primo
888 3021 934 3051 die
946 3021 1054 3053 Martii.

656 3100 708 3127 Per
724 3099 882 3127 Petitionem
897 3097 929 3126 de
944 3097 1064 3128 Concilio.

132 3185 136 3186 t
173 3182 276 3191 .-—-—-

441 3229 500 3260 Pro
521 3223 694 3274 Raymundo
716 3222 885 3257 cardinali.

210 3313 364 3345 Enerabilis
377 3312 474 3349 Pater,
490 3310 676 3351 Reymundus
690 3308 725 3339 de
741 3308 841 3346 Farges
852 3332 862 3347 ,
880 3307 992 3339 sanetae
1012 3308 1113 3339 Mariae
1126 3309 1195 3340 No-

219 3363 263 3385 vae
280 3352 427 3382 Diaconus
442 3349 612 3387 CardinaliS,
630 3348 765 3378 Decanus
780 3346 913 3378 Ecclesiae
928 3346 1018 3377 Beatae
1032 3348 1134 3378 Mariae
1147 3348 1196 3379 Sa-

138 3401 218 3429 rum,
241 3390 465 3421 Archidiaconus
487 3387 657 3427 Leycestriae
670 3409 680 3424 ,
696 3386 729 3416 &
749 3385 867 3416 Persona
889 3385 1024 3416 Ecclesiae
1042 3386 1078 3416 de
1101 3386 1196 3426 Leek,

138 3440 188 3467 qui
204 3431 233 3458 in
250 3428 382 3459 Romana
398 3427 486 3457 Curia
502 3434 626 3456 moratur
639 3449 648 3463 ,
667 3425 751 3454 habet
766 3423 880 3453 Litteras
893 3423 940 3453 Re
960 3425 979 3453 is
994 3424 1028 3453 de
1043 3424 1196 3456 Attornato

138 3468 167 3497 in
186 3466 288 3503 Anglia
303 3490 312 3504 ,
328 3467 376 3496 sub
397 3466 576 3495 Nominibus
598 3463 725 3502 Magistri
743 3461 880 3499 Joiiannis
894 3462 930 3491 de
969 3463 1059 3493 inibus
1096 3463 1197 3493 Archi-

138 3507 250 3536 diaconi
273 3505 445 3542 Vasatensis,
470 3505 503 3534 &
540 3502 658 3533 ohannis
677 3502 712 3531 de
733 3500 857 3530 Tarenta
871 3523 880 3538 ,
899 3499 1041 3530 Canonici
1062 3486 1196 3531 iicclesiae

136 3544 212 3574 Beati
234 3543 309 3574 Petri
331 3544 366 3572 de
390 3542 511 3581 Leghtre
533 3542 618 3579 ebury
633 3563 642 3578 ,
659 3539 710 3570 sub
728 3539 906 3568 alternatione
918 3561 928 3576 ,
945 3539 1030 3576 usque
1052 3539 1087 3569 ad
1100 3540 1198 3570 viceli-

78 3600 86 3608 ·
139 3592 220 3612 mum
234 3591 344 3612 nonum
360 3581 435 3611 diem
449 3580 516 3619 Julii
529 3581 664 3616 proximo
678 3578 803 3608 futui-um
819 3576 968 3607 duraturas.

174 3619 262 3649 Teste
276 3620 357 3658 Rege
371 3619 444 3656 apud
460 3617 747 3649 Westmonasterium
756 3638 766 3653 ,
784 3616 866 3646 tertio
879 3615 926 3646 die
938 3614 1043 3646 Martii.

607 100 1409 153 CONVENTIONES,
1462 97 1853 147 LITERAE,

1243 187 1280 218 de
1294 188 1375 219 certis
1387 186 1433 217 die
1446 187 1480 218 &
1494 187 1563 218 loco
1596 185 1631 216 ad
1644 195 1715 224 quos
1728 184 1885 222 solempnes
1898 182 2030 223 Nuncii,
2049 186 2111 216 tam
2140 195 2174 216 ro
2187 185 2287 219 Nobis
2321 186 2398 217 Ann.
2414 186 2456 219 D.
2478 160 2485 166 Ι

1244 228 1329 264 quam
1350 235 1404 270 pro
1427 226 1543 270 praefato
1565 209 1699 255 Roberto
1719 224 1869 255 conveniri
1882 221 1986 262 posfint
1998 245 2008 261 ‚
2025 222 2061 253 ad
2074 194 2249 257 vagandum
2264 211 2308 258 su1
2349 233 2434 265 1327.

1243 264 1466 334 ἒἚῖἓὲΞῗῗ
1479 262 1756 332 >ussilimen
1771 262 1919 338 Ρὲἷὲῗῦἒέἳ
1933 260 2099 339 ἓιὲὺεὲἒὲἒ
2105 262 2309 336 {adsi-offis?
2322 266 2389 294 aa.
2409 274 2434 302 ³‘

1244 341 1349 372 Pacem
1364 326 1535 385 firmaridum
1550 341 1689 383 pertinere
1703 323 1839 382 pote'runt
1846 362 1856 377 ,
1999 322 2010 338 ²
2191 310 2199 340 ¹
2299 314 2308 335 ι

1279 378 1417 424 Plenam,
1436 379 1557 418 eisdem,
1577 378 1682 409 Abbati
1703 379 1736 410 ὃ(
1757 375 1841 408 Ivoni
1857 399 1868 416 ‚
1886 384 1986 408 tenore
2004 375 2184 415 praesentium
2197 398 2208 417 ‚
2222 387 2306 410 com-

1244 427 1383 448 mittimus
1396 417 1588 456 Porestaoem,

1280 456 1483 487 Promittentes
1506 455 1576 487 Nos
1594 455 1703 486 Rarum
1723 454 1757 486 &
1780 453 1911 484 Firmum
1931 453 2075 484 habituros
2100 463 2131 484 ea
2145 476 2155 493 ‚
2175 463 2242 494 quae
2260 465 2311 494 per

1243 495 1398 539 praestitos.³
1417 495 1562 526 Abbatern
1582 495 1616 526 &
1638 493 1759 525 Ivonem
1773 516 1783 532 ‚
1801 492 1937 524 Trae‘tata
1950 492 1984 523 &
2006 490 2190 525 Concordata
2205 494 2310 527 fuerint

1245 543 1275 563 ¹¹¹
1289 532 1464 610 ‘’sienmssfffig,
1479 572 1541 602 ἃς.

1280 609 1369 641 Teste
1380 609 1463 649 Rege
1475 610 1549 648 apud
1562 609 1869 648 Westmonasterium‚
1888 615 1986 650 quarto
1999 607 2045 639 die
2061 607 2170 640 Martii.

1723 689 1777 717 Per
1793 685 1877 726 ipficm
1891 689 1987 725 Regem
1998 684 2037 721 &
2049 684 2205 716 Concilium:

1297 812 1326 839 'k
1353 813 1403 845 De
1419 809 1562 854 Pota-’state
1578 810 1710 858 jurandi
1727 815 1758 844 in
1777 815 1914 845 animam
1930 815 2018 859 Regis
2028 812 2120 858 fhper
2140 813 2260 858 Treuga
2320 815 2341 835 ²*
2361 817 2412 846 IV.

1455 899 1457 901 ¹
1472 872 1540 894 cum
1556 858 1683 894 Roberto
1697 858 1734 892 de
1753 862 1829 893 Brus
1843 858 2060 905 confirmanda.
2321 864 2386 890 271-

1241 943 1368 1015 RE}
1387 945 1536 992 omnibus,
1552 945 1586 976 ad
1601 955 1689 985 quos,
1703 945 1764 976 διε.
1780 943 1913 976 Salutem.
2320 939 2397 971 Ann.
2413 940 2456 972 D.-

1370 994 1446 1014 ciatis
1461 984 1558 1023 quod,
2339 988 2424 1019 1327.

1271 1022 1359 1066 'Cum
1380 1022 1449 1052 Nos
1463 1047 1473 1062 ,
1491 1023 1637 1062 Treugam
1650 1045 1660 1060 ,
1677 1022 1750 1052 inter
1765 1020 1932 1051 Dominum
1951 1020 1985 1052 E.
2002 1031 2092 1063 nuper
2107 1022 2222 1063 Regem
2240 1022 2301 1054 An·
2318 1021 2371 1045 An.
2392 1028 2416 1046 ¹·

1239 1060 1325 1130 filia?
1344 1059 1459 1130 Patregin
1474 1060 1615 1130 ἓοίὶῐυιέζ
1622 1070 1706 1129 ’AEffi
1726 1059 1762 1089 Se
1784 1059 1953 1127 &{ubd(¹1ti⁵
1966 1059 2026 1128 Ssuis
2039 1070 2074 1107 gx
2086 1071 2163 1098 parte
2176 1062 2247 1100 una,
2266 1062 2300 1093 ὅς
2321 1061 2349 1083 E.
2366 1066 2392 1121 Ξῖ

1257 1110 1291 1146 Λο
1314 1109 1414 1144 errum⁶
1439 1110 1459 1143 *e
1500 1110 1565 1138 rus,
1707 1106 1822 1128 aerentoe
1847 1107 1896 1127 uos
1929 1108 1945 1128 e
1987 1107 2079 1136 cona,
2097 1109 2131 1129 ex
2147 1109 2222 1137 parte
2232 1100 2299 1131 alte·
2354 1098 2367 1122 1
2382 1095 2418 1124 Ἀ-

1240 1148 1289 1177 ‘³'
1306 1149 1344 1168 ¹¹⁰
1365 1148 1394 1168 ‘³‘
1407 1138 1625 1208 '3232‘3‘12505325
1639 1136 1800 1206 ῗὲνὲῗῑᾝὲ
1809 1134 2105 1206 ἑὲῗρῖἓξέἆὲξῖἒὲ
2120 1159 2130 1175 ’
2145 1148 2195 1177 ‘²⁶‘
2211 1138 2302 1170 Lm·

1239 1187 1332 1245 rasssg
1343 1186 1489 1258 εἶῗὲιῑωςε,
1504 1215 1600 1246 dilecti
1614 1186 1696 1245 rffobis
1710 1214 1739 1243 in
1753 1184 1909 1257 ciiristoffp
2055 1197 2173 1244 Abi’mis
2187 1214 2224 1245 de
2241 1214 2303 1254 Ry-

1239 1254 1294 1284 vall
1309 1276 1319 1292 ,
1343 1254 1377 1285 &
1391 1276 1402 1292 ‚
1426 1253 1523 1284 dileeti
1545 1254 1579 1285 ὃ(
1593 1252 1680 1284 fidelis
1700 1250 1812 1290 nostri,
1837 1251 1933 1283 lvonis
1953 1250 1989 1281 de
2009 1250 2174 1291 Aldeburgh
2187 1274 2198 1291 ‚
2211 1254 2304 1285 confi-

1241 1292 1420 1376 uenDtgssmus
1433 1331 1488 1368 eis,
1507 1330 1541 1362 &
1556 1339 1656 1374 eorum
1671 1329 1747 1359 alteri
1761 1353 1778 1372 ,Α
1791 1327 2010 1372 Ροῑείῗωῑεῐῃῃίη
2024 1327 2161 1371 Animam
2175 1328 2303 1361 nostram

1236 1369 1365 1409 jurandi,
1385 1369 1421 1400 de
1433 1369 1553 1406 Treuga
1575 1368 1638 1407 illa,
1658 1368 1686 1397 in
1699 1367 1833 1397 omnibus
1849 1366 1900 1397 suls
1916 1365 2064 1405 Articulis,
2081 1368 2112 1397 in
2124 1366 2176 1398 hiis
2189 1377 2254 1407 quae
2268 1367 2305 1399 ad

1240 1409 1309 1440 Nos
1324 1409 1483 1445 pertinent,
1498 1406 1635 1438 firmanda
1650 1406 1683 1438 &
1698 1404 1879 1437 observanda.

1277 1446 1310 1477 In
1327 1447 1420 1484 cujus,
1436 1446 1496 1477 &c.

1311 1484 1400 1516 Teste
1415 1494 1445 1516 ut
1462 1486 1550 1522 supra.

1688 1524 1744 1553 Per
1759 1521 1840 1561 ipst'cm
1853 1523 1950 1560 Regem
1967 1521 2007 1557 ὠ·
2021 1518 2176 1552 Concilium.

1438 1654 1532 1698 Super
1551 1649 1696 1695 Custubus
1712 1652 1872 1697 Equorum
1886 1648 1923 1683 de
1941 1652 2101 1685 Hanania.

1310 1736 1375 1768 EX
1394 1736 1580 1768 Thesaurario
1592 1737 1626 1768 &
1639 1735 1806 1767 Camerariis
1819 1735 1887 1773 suis,
1906 1734 2040 1767 Salutem.
2320 1737 2397 1770 Ami.
2411 1738 2455 1770 1),-

1357 1776 1490 1819 Εἰϋεηιζε-
1504 1776 1540 1818 de
1559 1775 1707 1819 Thesauro
1727 1774 1845 1812 nostr0‚
1862 1773 1969 1804 dilecto
1983 1773 2083 1812 nobis,
2101 1772 2174 1804 Adae
2188 1774 2225 1805 de
2238 1773 2300 1806 Bri·
2342 1786 2427 1818 1327.

1235 1814 1406 1858 delyngton‚
1425 1813 1536 1857 Viginti
1553 1812 1669 1857 Libras,
1683 1823 1736 1853 pro
1750 1811 1896 1843 Custubus
1909 1811 2060 1853 Equorum
2078 1811 2247 1844 Hominum
2264 1813 2301 1844 de
2319 1820 2373 1846 An.
2394 1826 2418 1846 1.

1235 1851 1372 1897 Hauonia
1386 1875 1396 1890 ‚
1412 1861 1461 1891 qui
1476 1861 1581 1895 nuper,
1598 1861 1627 1881 in
1641 1850 1791 1882 Comitiva
1810 1850 1933 1881 Isabellae
1952 1849 2074 1893 Reginae
2088 1849 2217 1890 Angiiae,
2233 1850 2303 1881 Ma·
2319 1859 2348 1882 Ε.
2371 1863 2396 1890 3.

1234 1900 1282 1923 tris
1302 1890 1414 1934 nostrae¹
1429 1889 1576 1921 cariffimae
1590 1912 1599 1928 ‚
1618 1890 1652 1921 ὃς
1671 1888 1770 1920 nostra
1781 1912 1794 1933 ,
1818 1889 1848 1918 in
1871 1888 2006 1927 Angliam
2028 1897 2184 1928 venerunt,
2200 1891 2235 1921 ὅ(
2252 1889 2301 1928 qui
2320 1893 2433 1922 Liberat.

1234 1938 1383 1971 appreciati
1407 1938 1437 1958 in
1455 1928 1622 1959 Garderoba
1641 1927 1752 1965 nostra,
1770 1927 1878 1958 liberati
1890 1927 2004 1957 fuerunt
2017 1935 2071 1964 pro
2082 1935 2212 1966 tempore
2241 1937 2301 1967 quo
2324 1940 2347 1959 1.
2361 1935 2392 1958 Ε.
2406 1940 2431 1967 3.

1232 1965 1991 2045 Eqifieffeaeffggie{pgiaeffiggangstizaffixufffflg
2002 2001 2049 2033 aie
2060 2001 2158 2034 Martii
2217 1951 2227 1967 ²
2319 1978 2358 2000 ⁰¹·

1858 2026 1869 2042 ,
2161 2026 2168 2033 .

1710 2082 1765 2112 Per
1778 2083 1872 2111 Breve
1885 2079 1917 2110 de
1932 2081 2055 2110 Privato
2071 2078 2171 2119 Sigillo.

1282 2213 1332 2245 De
1351 2210 1474 2259 Treuga
1490 2208 1704 2244 Tredecennali
1713 2234 1723 2250 ‚
1743 2210 1831 2254 prius
1846 2208 1941 2240 Scotis
1952 2205 2093 2253 conceffiz,
2110 2216 2166 2254 per
2182 2218 2261 2240 nunc

1488 2261 1599 2306 Regem
1615 2259 1783 2304 Acceptata
1801 2258 1838 2294 ὠ
1853 2253 2042 2302 Approbata.

1295 2343 1319 2374 E
1335 2344 1396 2375 Roi
1409 2355 1425 2375 a
1438 2351 1524 2382 touz,
1541 2344 1602 2375 &c.
1623 2342 1729 2374 Salutz.
2318 2331 2397 2365 Ann-
2410 2334 2453 2368 D:

1339 2383 1450 2414 Sachez
1465 2392 1521 2421 que
1536 2391 1606 2413 nous
1620 2391 1720 2412 avoms
1733 2380 1846 2420 regarde
1858 2380 1897 2411 les
1910 2380 2003 2412 lettres
2016 2379 2156 2418 Edward‚
2173 2378 2297 2416 n'adgai-
2336 2381 2422 2413 1327·

1233 2432 1275 2454 res
1295 2421 1355 2453 Roi
1369 2421 1560 2460 d'Engleterre
1570 2444 1580 2459 ,
1597 2419 1694 2451 nostre
1711 2420 1838 2450 treschier
1853 2418 1935 2450 Piere
1947 2442 1957 2458 ,
1974 2420 2057 2450 d'une
2073 2419 2180 2449 Trewe
2195 2440 2205 2456 ‚
2220 2417 2295 2448 n'ad-
2317 2415 2370 2439 An.
2394 2423 2418 2441 ¹·

1234 2463 1323 2498 gaires
1345 2461 1414 2498 prise
1435 2468 1513 2491 entre
1534 2458 1631 2490 nostre
1648 2458 1690 2489 dit
1710 2457 1808 2495 Piere,
1846 2468 1878 2488 ur
1893 2458 1933 2488 lui
1944 2481 1954 2495 ‚
1971 2459 2004 2489 ὃ(
2017 2458 2055 2487 ses
2067 2456 2197 2494 Submis,
2211 2455 2297 2487 d'une
2317 2454 2350 2477 E.
2365 2459 2392 2487 3-

1232 2509 1308 2538 part,
1324 2500 1358 2531 &
1377 2499 1488 2529 Robert
1502 2498 1538 2529 de
1551 2497 1636 2537 Erus,
1656 2498 1690 2528 &
1703 2497 1742 2528 ses
1753 2496 1819 2528 aher
1839 2504 1924 2534 amz,
1939 2496 1975 2525 de
1989 2495 2100 2533 Scoce,
2113 2494 2218 2526 d’autre
2226 2502 2297 2534 part,
2317 2491 2375 2518 ΡΜ·
2388 2499 2413 2518 ¹·

1230 2548 1268 2568 en
1285 2539 1323 2568 les
1339 2537 1445 2576 paroles
1457 2547 1513 2576 que
1525 2536 1668 2566 s'ensuent.
2315 2530 2347 2554 E.
2370 2537 2395 2564 3·

1269 2576 1407 2614 Edward‚
1424 2585 1472 2613 par
1493 2575 1518 2604 la
1536 2583 1619 2613 grace
1637 2574 1672 2604 de
1680 2569 1838 2609 Dieu‚&c.
1849 2577 1931 2609 prout
1943 2573 1972 2600 in
1983 2571 2060 2600 Tomo
2077 2578 2104 2609 3.
2117 2569 2154 2608 (a)
2163 2578 2193 2608 p.
2210 2578 2296 2601 1022.
2316 2570 2343 2602 P·
2368 2575 2391 2593 ¹·

1232 2626 1249 2644 u
1280 2626 1311 2644 ue
1325 2614 1381 2643 haec
1395 2613 1500 2649 verba,·
1521 2616 1582 2641 viz.
2316 2612 2354 2631 m.
2371 2613 2413 2639 ¹9-

1304 2662 1355 2683 ous
1369 2651 1394 2681 la
1409 2651 1466 2681 dite
1479 2659 1568 2681 trewe
1579 2659 1615 2682 en
1629 2648 1750 2680 chescun
1763 2648 1845 2687 point
1859 2656 1986 2686 agreoms
2002 2647 2036 2677 ὃς
2050 2655 2224 2684 approvoms
2237 2671 2247 2686 ,
2263 2647 2298 2678 &
2316 2642 2433 2686 (a).S⁶¹'²·

1232 2691 1270 2721 les
1288 2691 1357 2721 dites
1375 2690 1465 2720 lettres
1482 2687 1578 2718 nostre
1597 2687 1640 2718 dit
1663 2687 1745 2718 Piere
1765 2694 1928 2724 acceptoms
1948 2686 1982 2717 ὃ(
2003 2685 2199 2716 confermoms
2212 2709 2223 2724 ,
2249 2695 2297 2725 par
2318 2680 2387 2709 Edff·

1233 2729 1321 2761 cestes
1335 2737 1394 2758 noz
1407 2727 1498 2758 lettres
1510 2734 1641 2766 patentes.
2316 2720 2411 2747 Londi-

1266 2767 1313 2798 En
1328 2766 1555 2804 tesmoignance‚
1573 2766 1634 2796 &c.
2316 2766 2363 2800 neri
2374 2768 2406 2796 n,

1303 2804 1385 2836 Don.
1402 2814 1417 2835 a
1430 2802 1662 2843 Westmonster,
1680 2802 1706 2833 le
1718 2801 1797 2833 fifine
1812 2802 1873 2841 jour
1885 2801 1922 2833 de
1936 2800 2048 2832 Marcz.
2317 2804 2390 2834 cujus
2398 2800 2445 2826 To-

2317 2843 2418 2862 morum

2214 2878 2282 2883 -“
2316 2874 2421 2908 pagina.

1301 2931 1350 2963 De
1365 2941 1421 2961 non
1438 2925 1626 2972 Molestando
1637 2954 1647 2969 ,
1674 2927 1814 2971 occasione
1833 2925 1955 2972 ‘Judicii
1968 2926 2061 2973 fhper
2078 2926 2225 2958 Comitem
2314 2919 2424 2975 'me‘

1602 2973 1779 3019 Lancastriae
1802 2967 1925 3009 re'dditi.
2313 2959 2340 3015 ἴῃ
2349 2959 2446 3026 ZZZ-

2314 3035 2344 3053 ne
2368 3025 2445 3065 hujus

1235 3063 1366 3122 REX
1384 3063 1534 3102 omnibus,
1552 3062 1586 3094 ad
1601 3071 1687 3101 quos,
1704 3061 1765 3092 &c.
1784 3060 1917 3091 Salutem.
2313 3064 2437 3094 Editioni5

1338 3103 1435 3133 Sclatis
1455 3102 1535 3141 quod
1548 3125 1557 3139 ,
1576 3101 1706 3131 Domina
1727 3099 1838 3130 Isabella
1857 3095 2114 3139 ReginanAngliae,
2131 3093 2225 3126 Mater
2239 3104 2295 3126 no·
2312 3105 2416 3131 notavi-

1232 3141 1286 3172 stra
1299 3141 1451 3178 cariffima,
1467 3142 1500 3171 ὃς
1514 3140 1597 3178 Nos,
1615 3147 1765 3177 antequam
1784 3136 1880 3174 Regni
1894 3134 1981 3164 nostri
1995 3133 2195 3164 Gubernacula
2208 3133 2294 3164 susce-
2312 3151 2381 3169 mus.

1230 3181 1341 3218 pimus,
1359 3179 1589 3215 Indignationem
1602 3175 1709 3212 versus,
1723 3175 1859 3204 dileetum
1879 3173 1913 3203 &
1935 3172 2046 3202 fidelem
2064 3172 2211 3210 nostrum,
2229 3171 2281 3202 Ro
2311 3178 2387 3210 Αῃῃ,
2402 3177 2445 3211 D,

1230 3220 1344 3248 bertum
1359 3218 1394 3247 de
1408 3216 1622 3254 Malberthorp,
1637 3212 1785 3243 occasione
1796 3210 1900 3249 Judicii
1916 3234 1925 3249 ,
1944 3211 2022 3250 super
2041 3210 2191 3241 Thomam
2205 3219 2294 3250 nuper
2333 3225 2420 3257 1327,

1233 3256 1383 3286 Comitem
1406 3253 1576 3284 Lancastriae
1590 3275 1600 3290 ,
1619 3261 1668 3289 per
1684 3250 1774 3288 ipsum
1790 3249 1887 3280 redditi
1905 3272 1915 3288 ‚
1934 3258 2168 3289 conceperamus:
2185 3249 2219 3280 &
2237 3249 2293 3286 jam
2310 3259 2363 3284 An.
2383 3266 2408 3284 ι,

1233 3304 1283 3332 per
1304 3292 1519 3323 Testimonium
1540 3290 1723 3320 Praelatorum
1737 3311 1747 3326 ‚
1765 3287 1937 3326 Comitum,
1950 3287 2112 3326 Baronum,
2131 3287 2294 3318 &aliorum
2309 3298 2338 3323 Ε,
2361 3302 2388 3330 3,

1232 3332 1453 3370 Fidedigriorum
1473 3329 1663 3369 acceperimus
1677 3350 1687 3366 ,
1712 3327 1791 3366 quod
1811 3326 1939 3365 praefatus
1958 3326 2132 3363 Robertus‚
2145 3325 2293 3364 Judicium
2309 3335 2368 3359 Pae.
2383 3341 2406 3361 ι,

1231 3371 1416 3409 praedietum‚
1432 3377 1480 3407 per
1493 3367 1671 3406 Praeceptum
1687 3365 1811 3395 Domini
1826 3364 1859 3395 E.
1876 3375 1965 3403 nuper
1978 3364 2070 3402 Regis
2090 3364 2218 3404 AngHae,
2235 3362 2291 3393 Pa·
2308 3373 2340 3398 Ε,
2363 3378 2389 3406 3,

1232 3410 1280 3438 tris
1300 3407 1389 3439 nostri
1402 3430 1412 3445 ,
1435 3406 1480 3437 cui
1503 3405 1623 3436 resistere
1643 3406 1661 3424 ³*
1680 3414 1741 3435 nori
1760 3403 1895 3443 audebat,
1913 3405 1947 3435 ὅτ.
1960 3412 2012 3444 pro
2025 3403 2153 3441 periculo
2166 3400 2292 3439 corporis
2306 3414 2332 3444 p,
2357 3418 2380 3437 1,

1233 3448 1273 3478 sui
1287 3446 1435 3482 evitando,
1454 3444 1590 3483 reddidit3
2308 3455 2346 3474 m,
2361 3455 2406 3476 20,

1272 3485 1354 3522 Nos,
1371 3484 1405 3514 ad
1420 3483 1578 3521 hujusmodi
1591 3481 1807 3513 Testimonium
1821 3479 2076 3511 considerationem
2090 3479 2238 3515 habentes,

1270 3524 1317 3554 De
1338 3522 1442 3553 assensu
1462 3522 1627 3552 eorumdem
1650 3520 1834 3550 Praelatorum
1848 3542 1858 3557 ,
1892 3518 2044 3549 Comitum
2058 3540 2069 3556 ,
2093 3516 2235 3547 Baronum
2258 3514 2293 3546 δε
2313 3520 2333 3540 *
2352 3522 2405 3550 Ῑν,

1234 3563 1365 3599 aliorum,
1383 3562 1412 3590 in
1429 3560 1552 3598 praeseriti
1565 3559 1750 3589 parliamento
1765 3558 1862 3588 nostro
1873 3556 2067 3593 existentium,
2310 3568 2377 3595 27²·

1272 3600 1492 3630 Pardonavimus
1509 3598 1626 3638 praefato
1645 3596 1780 3627 Roberto
1791 3619 1800 3633 ,
1817 3604 1954 3634 quantum
1974 3595 2004 3624 in
2018 3592 2101 3622 nobis
2112 3590 2170 3629 est,
2187 3590 2293 3622 Trans-
2366 3594 2374 3597 ’

1234 3639 1404 3677 gressionem
1423 3647 1507 3676 quam
1526 3636 1593 3666 fecit
1611 3635 1760 3666 occasione
1778 3633 1940 3664 redditionis
1953 3631 2058 3670 Judicii
2076 3629 2104 3660 su
2126 3629 2240 3667 radiffl,
2259 3630 2294 3660 ὃς

1236 3678 1324 3717 ipsum
1338 3678 1372 3708 ad
1394 3675 1616 3707 Benivolentiam
1632 3675 1665 3705 &
1679 3672 1785 3703 Pacem
1799 3672 1920 3703 nostram
1934 3670 2062 3700 duximus
2076 3678 2091 3698 a
2110 3667 2295 3711 mittendum,

1236 3716 1362 3745 nolentes
1381 3715 1462 3754 quod
1482 3712 1633 3750 praedictus
1654 3711 1798 3741 Robertus
1812 3733 1822 3749 ,
1847 3707 1995 3739 occasione
2018 3704 2222 3744 praemissorum
2234 3728 2244 3744 ,
2263 3706 2293 3736 in

0 3724 121 3803 {2712
171 3751 219 3781 De
235 3747 372 3790 potestate
392 3748 486 3792 data,
511 3749 555 3782 ad
571 3748 767 3783 traHandum
786 3760 856 3781 cum
874 3746 998 3782 Roberto
1013 3745 1049 3780 de
1065 3750 1153 3781 Brus.
1236 3753 1356 3784 Persona
1378 3754 1423 3783 sua
1473 3751 1570 3781 Terris
1583 3773 1593 3788 ,
1617 3750 1805 3780 Tenementis
1820 3771 1830 3786 ,
1855 3747 1937 3777 Bonis
1955 3753 2002 3775 aut
2023 3743 2136 3774 Catallis
2157 3743 2226 3786 suis,
2244 3754 2294 3781 per

0 3806 39 3829 4n.
59 3812 82 3829 1·
1235 3791 1304 3822 Nos
1319 3815 1328 3829 ,
1345 3791 1390 3822 vel
1408 3775 1558 3820 Ministros
1580 3787 1690 3819 nostros
1702 3811 1712 3826 ,
1731 3788 1777 3817 seu
1796 3786 1861 3816 alios
1875 3782 2066 3822 quoscumque
2079 3804 2090 3819 ,
2108 3781 2208 3812 futuris
2222 3790 2294 3813 tem-

0 3846 17 3869 ῑ.
34 3849 58 3876 3.
141 3838 204 3901 R
214 3830 279 3874 EX
300 3833 447 3874 omnibus,
461 3834 495 3863 ad
510 3844 596 3873 quos,
612 3835 673 3865 &c.
691 3833 823 3864 Salutem.
1235 3830 1350 3870 poribus
1366 3829 1576 3866 occasionetur,
1595 3825 1758 3857 molestet-ur
1773 3826 1802 3855 in
1815 3823 1928 3862 aliquo,
1945 3821 1990 3852 seu
2003 3828 2141 3860 gravetur.

0 3883 48 3906 'an
59 3888 80 3905 1.
262 3872 357 3897 belatis
373 3872 450 3907 quod
467 3871 551 3909 Nos,
1311 3868 1344 3897 In
1361 3868 1455 3904 cujus,
1471 3866 1532 3896 &c.

1272 3906 1362 3938 Teste
1376 3905 1458 3945 Rege
1471 3903 1545 3943 apud
1558 3900 1863 3938 Westmonasterium‚
1879 3897 1985 3930 octavo
1998 3895 2044 3928 die
2057 3894 2163 3928 Martii.

0 3921 18 3943 ς,
41 3925 68 3952 3,
181 3906 229 3936 De
244 3905 380 3949 ‘fidelitate
399 3909 527 3948 probata,
545 3910 714 3954 dilee'torum
735 3911 768 3941 &
781 3909 903 3940 fidelium
917 3909 1097 3947 nostrorum,
1114 3924 1200 3932 ——

0 3966 3 3975 i
39 3964 62 3980 ι,
145 3947 263 3978 Abbatis
278 3945 313 3973 de
330 3944 356 3972 R
370 3945 445 3981 wall,
463 3947 495 3975 ἃ
510 3946 603 3977 lvonis
615 3948 650 3977 de
664 3948 824 3986 Aidebiirg,
847 3948 1035 3986 confidentes,

0 3977 26 4018 ri.
43 4000 84 4027 ¹9·
180 3984 227 4015 Ad
239 3992 347 4014 concor
368 3982 471 4013 andum
493 3994 560 4015 cum
575 3986 707 4017 Roberto
720 3986 758 4017 de
776 3979 862 4025 Erus,
879 3987 912 4018 δε
925 3985 1087 4025 deputandis
1101 3986 1138 4017 ab
1150 3995 1201 4025 eo,
2246 4014 2304 4050 Pr!
