2562 4279
200 67 256 114 96
632 50 1900 105 CONVENTIONES‚L1TERAE,

1315 139 1400 176 cipue
1416 138 1493 176 illos,
1512 139 1559 176 qui
1575 137 1641 170 fidei
1655 137 1805 169 constantis
1820 137 1931 169 fervore
1945 137 2046 176 Regiis
2065 140 2245 179 beneplacitis
2265 143 2388 176 adhaese-
2397 144 2473 175 Ann.
2490 143 2530 175 D.

50 150 126 182 ΑΜ.
141 149 182 181 D.
240 149 332 189 Item,
348 145 578 187 Transcribantur
590 157 622 175 ea
638 156 698 188 quae
707 143 793 183 fasta
824 142 914 184 postea
929 146 960 173 in
982 139 1165 181 Thesauraria
1186 151 1276 170 recon-

75 189 159 229 1316.
205 189 268 218 dita
279 187 409 226 fuerant,
426 189 611 224 recognitiones
617 183 776 224 feodorum,
795 166 938 221 bomagia,
958 179 996 216 όν
1012 181 1089 218 alia,
1108 181 1221 211 deveria
1237 178 1276 213 &-

51 229 120 258 Edv.
139 237 166 255 2.
199 227 324 268 supprisa
343 229 374 256 in
394 223 520 264 Vasconid
540 224 683 260 tangentia
697 242 707 258 ,
725 228 809 259 prout
826 229 876 261 per
898 223 1047 251 Dominum
1068 218 1276 261 Thesaurarium

207 275 290 306 nuper
301 268 399 296 extitit
415 262 587 293 Ordinatum.

242 345 317 378 Item
326 368 336 383 ,
353 347 437 373 Fiant
449 341 511 373 aliae
526 344 646 372 Littcrae
661 342 690 371 in
704 340 874 372 cancellaria
889 340 1020 372 liberatae.

242 421 333 458 Item,
352 422 405 449 Pro
421 418 496 448 Villis
511 417 602 455 Agen.
618 417 769 458 condomii,
784 418 981 457 Marmandae,
1005 419 1111 448 Montis
1125 414 1219 454 Clari,
1236 411 1275 450 &¹

206 460 323 491 omnibus
339 458 401 489 aliis
417 457 490 487 Villis
506 460 615 494 Agenn.
631 459 661 486 in
697 456 774 487 uibus
795 461 854 488 Rex
875 455 1037 496 recognofiat
1060 457 1132 496 quod
1145 467 1177 485 ea
1187 477 1196 493 ,
1214 464 1274 494 quae

206 498 284 528 dichae
296 496 374 526 Villae
381 495 435 536 fibi
449 494 579 525 dederunt
589 468 762 536 prosuzfidio
775 507 879 533 guerrae
885 494 944 534 Jizae
959 498 1070 533 Scotiae,
1080 494 1149 537 fimf
1167 495 1277 531 gratui-

206 544 238 566 ta
277 534 316 569 όν
331 535 402 575 quod
417 534 496 562 distis
510 532 588 563 Villis
594 533 780 573 servitutem,
796 535 846 565 vel
865 535 959 576 aliqua
979 533 1039 573 alia⁴
1047 533 1204 571 praefyudicia
1224 541 1276 560 non

205 586 225 613 cg
247 581 326 603 erant
342 577 371 603 in
380 571 529 612 futurum,
548 569 586 607 &¹
601 571 676 613 fiant
696 582 722 613 3.
737 572 786 604 vel
798 583 826 613 4.
842 576 962 604 Litterae
976 572 1090 612 ejusdem
1103 573 1211 600 tenoris.

237 698 297 732 Ad
317 698 466 732 Kairolum
492 700 638 731 Comitem
661 698 696 732 de
720 699 843 748 Valoys‚
871 698 907 731 de
930 700 1065 746 Negotiis
1088 699 1119 729 in
1144 698 1239 728 Curia

557 749 687 781 Francia
704 747 920 794 prosequendis.

47 829 126 862 'Ann-
142 828 181 860 D·
205 833 338 904 REX
358 833 467 865 Nobili
480 834 571 872 Viro,
589 833 726 875 Domino
740 832 865 872 Karolo,
883 831 994 863 Comiti
1006 831 1041 862 de
1055 830 1176 872 ValoyS,
1192 828 1274 860 Con-

70 869 154 906 1316.
288 874 442 910 sanguineo
457 873 505 903 suo
523 872 684 910 karissimo,
703 873 826 902 lalutem.
1235 907 1239 912 .

49 912 101 937 ΑΗ·
116 918 142 942 9·
241 910 322 942 Dum
337 912 528 949 diligentiam,
547 921 630 949 quam
652 913 728 940 circa
750 910 864 947 negotia
879 908 973 939 nostra
988 910 1016 939 in
1032 907 1121 939 Curia
1137 904 1276 944 Magnifi-

48 950 79 973 Ε·
101 956 126 973 2·
204 950 232 981 ci
246 949 403 988 Principis,
421 949 548 980 Domini
562 949 722 986 Lodovici,
742 948 827 988 Regis
840 948 980 984 Franci-ae,
998 948 1032 978 ἃ
1056 947 1193 977 Navarrae
1208 944 1274 975 Illu-

48 987 178 1028 FX-Trw·
201 988 277 1027 stris,
296 989 393 1021 Fratris
417 988 504 1019 nostri
524 987 675 1025 karissimi,
696 986 882 1025 prosperanda
894 986 1027 1016 haGtenus
1043 983 1221 1026 apposuistis,
1237 981 1273 1013 ad

42 1025 121 1068 s<⁷1pt
126 1044 132 1050 ·
151 1033 177 1050 ”²
202 1036 328 1058 mentem
344 1027 520 1064 reducimus,
538 1035 591 1064 pro
613 1025 682 1065 hiis,
701 1036 764 1065 quae
783 1036 835 1056 nos
851 1026 1039 1062 contingunt,
1056 1024 1090 1055 ad
1112 1033 1163 1054 vos
1185 1022 1275 1052 nden-

46 1065 120 1089 Iurr.
200 1067 253 1097 tius
268 1065 396 1097 duximus
409 1064 620 1096 recurrendum.

239 1105 389 1143 Quocirca
401 1104 557 1134 amicitiam
571 1102 689 1134 vestram
705 1101 857 1133 affectuose
878 1102 1045 1140 requirimus
1067 1101 1101 1132 &
1120 1109 1273 1138 rogamuS,

201 1145 329 1181 quatinus
343 1142 580 1181 benivolentiam,
598 1142 635 1172 sic
653 1150 839 1179 conceptam,
856 1141 945 1171 velitis
960 1141 1044 1177 gratis
1056 1140 1187 1177 operibus
1201 1148 1273 1169 con-

201 1183 324 1221 tinuare,
340 1182 373 1213 ὃ(
388 1181 481 1212 nostra
495 1181 628 1218 negotia,
647 1190 679 1210 ac
695 1180 804 1210 Gentes
820 1179 944 1217 nostras,
960 1179 994 1208 ad
1008 1178 1125 1209 Curiam
1140 1177 1272 1215 praedieti

201 1219 300 1250 Fratris
314 1219 403 1250 nostri
416 1230 468 1258 pro
480 1220 601 1256 negotiis
614 1218 713 1248 nostris
726 1217 1021 1255 declinantes,habere
1033 1215 1184 1254 specialiter
1190 1225 1271 1247 com-

202 1258 350 1298 mendata,
368 1267 415 1296 ut,
432 1257 525 1288 vestro
536 1256 665 1287 Consilio
679 1256 834 1294 mediante,
853 1256 945 1286 nostra
958 1258 1075 1292 negotia
1089 1256 1199 1286 uberius
1207 1264 1274 1294 pro-

198 1297 361 1366 ksperentur,
378 1305 490 1335 propter
505 1306 569 1335 quae
592 1296 673 1326 vobis
688 1294 722 1326 ad
738 1303 826 1333 grates
848 1294 978 1332 speciales
996 1294 1084 1325 teneri
1102 1295 1207 1326 merito
1224 1293 1274 1324 de-

219 1345 323 1366 eamus.

233 1381 301 1412 Dat.
318 1383 390 1421 apud
406 1380 709 1420 westmonasterium,
729 1390 773 1421 15.
791 1382 836 1412 die
853 1379 946 1420 Maii,
967 1380 1072 1419 Anno,
1089 1381 1151 1413 &C.
1166 1390 1253 1411 nono.

198 1504 257 1540 Ad
275 1502 336 1554 ‘Epi
350 1516 451 1553 capum
476 1506 681 1556 Agennenst’m
696 1505 788 1551 fitper
810 1506 944 1552 Negotiis
966 1508 997 1538 in
1021 1507 1147 1539 Ducatu
1169 1507 1272 1552 Aqui-

679 1558 776 1588 taniae.

40 1641 118 1673 Ann.
134 1641 175 1674 D.
197 1641 330 1714 REX
349 1642 507 1676 Venerabili
529 1645 558 1676 in
573 1643 690 1676 Christo
705 1642 801 1683 Patri,
819 1644 856 1676 A.
878 1643 979 1675 eadem
1002 1642 1107 1683 gratia,
1125 1640 1269 1681 Episcopo

61 1682 144 1721 1316.
283 1683 308 1713 A
312 1685 454 1720 genniciae
463 1707 473 1722 ,
486 1683 609 1715 salutem.

38 1725 82 1749 An
106 1730 134 1756 9.
234 1720 279 1752 Ex
293 1722 426 1753 relatione
440 1722 583 1760 fidedigna
598 1721 633 1753 ad
654 1720 781 1751 nostrum
803 1721 928 1753 auditum
946 1721 1007 1759 jam
1025 1722 1170 1759 pervenit,
1189 1719 1267 1758 quod

38 1764 70 1787 Ξ.
85 1769 110 1787 2.
196 1769 265 1797 erga
280 1770 349 1799 nos,
367 1762 399 1792 &
415 1761 521 1792 nostros
536 1758 699 1798 Officiales,
716 1760 749 1791 ὅ(
765 1759 930 1798 Ministros,
948 1761 978 1790 in
994 1760 1108 1790 Ducatu
1122 1759 1271 1797 praedidio,

40 1802 80 1825 1-:x
90 1801 170 1826 Tran-
193 1797 267 1828 bene
279 1799 312 1830 δε
327 1808 468 1836 gratanter
480 1809 532 1830 vos
547 1797 679 1837 gessistis,
696 1799 728 1829 δε
744 1799 775 1828 in
791 1798 848 1829 dies
862 1809 958 1835 gerere
973 1808 1033 1829 non
1041 1797 1143 1828 desistis
1158 1799 1187 1828 in
1204 1797 1266 1836 hiis,

34 1837 122 1873 script.
144 1837 170 1864 in
192 1847 257 1875 quae
272 1847 323 1868 nos
337 1839 525 1876 contingunt,
543 1845 620 1877 grata
634 1836 750 1868 consilia
763 1836 973 1876 impendendo,
993 1836 1066 1868 unde
1082 1837 1163 1868 vobis
1178 1844 1268 1874 grates

39 1879 115 1903 Turr.
190 1875 334 1907 referimus
349 1877 490 1914 speciales:

229 1913 358 1944 Vestram
374 1914 571 1946 Paternitatem
594 1925 660 1946 curn
681 1913 810 1945 instantia
825 1914 1005 1952 deprecantes
1015 1938 1025 1952 ,
1041 1916 1170 1953 quatinus
1185 1914 1267 1944 beni-

55 1982 71 2000 *
190 1952 346 1983 volentiam
363 1954 482 1984 vestram
497 1954 531 1984 &
546 1953 681 1984 fidelitatis
695 1952 881 1983 constantiam
897 1953 986 1983 velitis
1000 1963 1067 1990 erga
1082 1963 1152 1990 nos,
1171 1953 1266 1983 &no-

88 1983 141 2011 ῙῙῘ·
189 1990 259 2021 stros
274 1992 455 2029 continuare,
472 1992 505 2022 &
528 1991 633 2021 nostras
647 1991 756 2021 Gentes
771 1992 847 2021 circa
869 1993 1003 2028 negotia,
1022 2001 1073 2021 nos
1094 1992 1123 2020 in
1147 1992 1166 2010 *³
1184 1991 1265 2021 dieto

54 2022 121 2058 5⁶0·
190 2028 304 2060 Ducam
321 2031 482 2068 tangentia,
500 2029 604 2060 habere
618 2028 769 2066 specialiter
792 2029 1012 2067 commendata,
1027 2030 1064 2059 ita
1085 2028 1161 2067 quod
1183 2029 1267 2059 vobis

189 2068 291 2098 exinde
307 2070 391 2098 teneri
407 2070 511 2099 merito
525 2068 686 2099 debeamus,

226 2115 298 2147 Dat.
312 2115 385 2153 apud
400 2114 681 2153 Wernonasterium,
704 2123 735 2153 15
753 2113 800 2145 die
817 2113 910 2154 Maii,
930 2114 1033 2154 Anno,
1051 2115 1112 2146 &c.
1131 2126 1219 2148 nono.

545 2238 603 2272 Ad
624 2241 733 2285 Regem
759 2240 901 2272 Franciae.

38 2341 105 2373 Am
128 2340 160 2371 D
191 2325 466 2385 EXcellentiffimo
481 2325 579 2357 Princi
602 2326 629 2363 i,
646 2324 780 2355 Domino
797 2325 832 2356 L.
846 2325 903 2356 Dei
913 2325 1021 2364 gratia,
1038 2325 1118 2363 Regi
1135 2326 1262 2357 Franciae

58 2366 134 2410 1,ss
162 2365 169 2372 ⁰
254 2366 288 2397 &
304 2366 443 2396 Navarrae
458 2364 573 2402 Illustii,
623 2365 725 2393 omino
739 2365 772 2394 &
792 2364 878 2394 Fratri
898 2364 946 2394 suo
968 2364 1127 2402 carlffim0‚
1145 2364 1262 2395 Edwar-

37 2402 92 2447 ΛΠ),
137 2403 144 2411 ’
191 2404 242 2436 dus
276 2405 337 2436 &c.
355 2403 468 2434 salutem
502 2404 553 2441 &,
572 2402 606 2433 ad
621 2410 703 2440 vota,
721 2401 857 2432 successus
872 2403 1015 2440 prosperos
1030 2413 1063 2433 ac
1078 2403 1180 2434 felices.

106 2429 132 2454 9·
232 2427 351 2482 (Qanto
373 2441 408 2472 de
431 2426 520 2471 vestra
535 2441 722 2471 benivolentia
737 2439 847 2478 Regia,
866 2442 899 2471 &
922 2441 1093 2472 fraternitatis
1115 2441 1266 2473 sinceritate

36 2461 150 2529 {imi-&⁸
193 2482 336 2520 specialius
357 2479 541 2518 confidimus,
560 2488 637 2509 tanto
661 2489 712 2516 pro
734 2479 814 2508 nobis
837 2480 869 2510 &
890 2478 991 2510 nostris
1012 2479 1262 2518 Magnificentiam

36 2539 69 2563 fr
97 2543 114 2568 9
194 2520 330 2558 vestram,
349 2529 419 2550 cum
434 2519 534 2548 rna'ori
549 2517 648 2548 fiducia
658 2539 667 2555 ,
684 2516 782 2554 saepius
796 2519 957 2548 excitamus,

36 2576 59 2600 Ε
72 2556 101 2600 '2
116 2556 124 2563 '
131 2582 159 2603 m
230 2558 359 2589 Vestram
374 2558 458 2595 igitur
471 2558 653 2587 berenitatem
667 2554 822 2586 affectuosis
835 2557 964 2594 precibus
977 2556 1176 2597 deprecamur,
1197 2569 1264 2598 qua-

35 2595 69 2647 9]
107 2595 114 2601 '
162 2594 170 2603 '
191 2599 266 2629 tinus
281 2596 500 2627 benivolentiam
510 2618 519 2634 ,
538 2596 575 2625 sic
590 2602 778 2631 conceptam,
796 2595 885 2625 velitis
898 2596 1018 2632 gratiose
1032 2597 1212 2636 continuare,
1229 2598 1263 2628 &

191 2646 263 2674 nos,
282 2645 315 2666 ac
331 2635 446 2671 negotia
468 2634 561 2664 nostra
577 2633 650 2671 apud
669 2643 734 2671 vos,
751 2633 784 2663 &
808 2634 835 2662 in
852 2633 946 2663 Curiis
960 2633 1057 2664 vestris
1071 2635 1262 2674 expedienda,

192 2685 225 2706 ac
241 2674 350 2704 Gentes
362 2672 484 2711 nostras,
502 2671 574 2710 apud
597 2681 649 2701 vos
669 2673 810 2701 venientes
830 2672 863 2702 &
885 2671 1071 2710 declinantes,
1088 2673 1189 2704 habere
1204 2674 1263 2712 spe-

192 2713 298 2744 cialiter
319 2710 546 2748 commendatas,
572 2711 605 2742 &
628 2709 694 2746 ipsas
715 2709 823 2740 Gentes
846 2710 965 2749 nostras,
981 2721 1014 2741 ac
1035 2719 1134 2749 terras,
1152 2713 1185 2741 &
1201 2714 1265 2751 jura

193 2751 304 2787 nostra,
323 2750 393 2779 infra
408 2748 573 2787 potestatem
595 2748 717 2779 vestram
740 2757 905 2788 protegere,
922 2749 972 2788 &,
990 2749 1058 2780 sicut
1079 2749 1265 2791 confidimus,

190 2788 345 2820 defendere
359 2796 490 2825 tanquam
505 2786 602 2817 vestra.

185 2832 200 2837 ⁷*
229 2837 296 2868 Dat.
310 2836 383 2874 apud
398 2835 699 2875 NVestmomsterium,
721 2845 765 2874 17.
779 2835 825 2867 die
839 2835 922 2867 Maii.

606 2964 665 2999 Ad
689 2969 745 3013 ch
750 2969 841 3000 inam.

37 3066 113 3096 Αηη,
128 3063 167 3095 Ι),
191 3057 483 3119 EXcellentislimse
506 3055 647 3087 Dominae
661 3079 671 3094 ,
697 3055 836 3086 Domina:
856 3054 1027 3086 Elizabethae
1042 3077 1052 3092 ,
1077 3054 1134 3085 Dei
1154 3056 1260 3095 gratia,

59 3114 89 3134 ν
100 3105 142 3133 16.
267 3098 388 3128 Franci-ae
410 3098 442 3127 &
466 3096 603 3127 Navarrae
619 3095 758 3133 Reginae,
779 3093 948 3132 Edwardus,
966 3094 1026 3124 &e
1042 3093 1172 3133 salutem,
1189 3104 1260 3125 curn

37 3127 91 3171 Aa?
105 3154 130 3178 9,
189 3135 304 3165 honoris
320 3137 352 3166 &
369 3135 471 3173 gloria:
486 3133 595 3165 affiduis
610 3134 795 3164 incrementis.

39 3186 67 3207 E.
81 3191 104 3208 2,
229 3173 278 3203 De
301 3174 399 3204 vestrae
422 3172 635 3203 mansuetudinis
657 3171 689 3202 &
713 3169 913 3201 benivolentiae
934 3169 1128 3212 magnitudine
1149 3171 1259 3208 plenam

36 3223 106 3248 Rom.
134 3218 167 3252 &a
190 3211 325 3242 fiduciam
345 3219 528 3249 reportantes,
547 3212 577 3240 in
602 3211 670 3247 hiis,
685 3219 747 3247 quae
768 3208 910 3247 specialius
932 3208 1050 3238 insident
1065 3209 1146 3239 nobis
1159 3209 1259 3248 cordi,

38 3262 80 3284 Fr.
101 3267 127 3291 9,
191 3261 227 3281 eo
248 3250 433 3281 confidentius
455 3249 574 3279 vestram
588 3248 790 3279 Excellentiam
805 3248 974 3284 excitamus,
992 3256 1049 3284 quo
1064 3247 1201 3284 speramus
1215 3247 1261 3279 fir-

39 3299 104 3324 ΕΛ..
114 3306 150 3323 m.
193 3289 267 3320 mitis
281 3288 351 3319 velle
367 3297 486 3318 annuere
500 3288 570 3317 votis
585 3286 693 3317 nostris.

39 3336 67 3360 6.
229 3328 434 3366 Quamobrem
448 3325 627 3356 Sei-enitatem
641 3324 760 3355 vestram
773 3321 929 3354 affectuosis
951 3323 1079 3360 precibus
1098 3325 1262 3362 requirimus

193 3367 226 3396 &
242 3376 394 3404 rogamus,
410 3365 535 3403 quatinus
549 3373 616 3402 nos,
635 3373 667 3393 ac
683 3363 796 3400 negotia
811 3360 921 3399 nostra,
937 3371 1019 3398 penes
1035 3361 1195 3393 Dominum
1211 3373 1261 3394 ve-

194 3403 280 3434 strum
303 3404 435 3441 Regem,
458 3403 491 3433 &
513 3402 628 3432 fratrem
651 3402 779 3431 nostrum
798 3399 989 3437 cariffimum,
1013 3400 1200 3439 expedienda,
1226 3411 1259 3431 ac

194 3441 303 3471 Gentes
318 3442 438 3479 nostras,
455 3441 489 3471 ad
504 3440 593 3478 ipsum
608 3439 772 3470 Dominum
794 3438 912 3475 Regem
932 3438 966 3468 &
981 3448 1048 3476 vos,
1068 3449 1119 3476 pro
1132 3439 1259 3478 ipsorum

188 3480 369 3517 expeditione
384 3481 585 3517 negotiorum,
602 3478 786 3515 declinantes,
803 3476 905 3506 habere
919 3475 1008 3506 velitis
1019 3476 1260 3514 specialitercom-

195 3518 356 3555 mend-atos,
373 3519 404 3548 ἃ
420 3518 524 3548 eisdem
542 3518 671 3554 gentibus
685 3515 801 3554 nostris,
820 3516 849 3545 in
865 3514 1058 3552 prosecutione
1073 3516 1107 3546 &
1122 3515 1260 3545 defensio-

195 3566 232 3586 ne
243 3556 345 3599 jurium
361 3556 521 3587 nostrorum
531 3579 541 3595 ,
561 3555 699 3586 favoribus
713 3554 849 3591 assistere,
865 3553 884 3583 si
893 3552 1041 3593 placet,&
1055 3553 1160 3584 auxiliis
1172 3564 1260 3592 opor-

189 3601 274 3624 runis.

233 3631 301 3662 Dat.
315 3632 384 3669 apud
401 3633 706 3673 westmonasterium,
728 3641 773 3671 17.
787 3631 835 3663 die
849 3629 935 3661 Maii.

44 3778 118 3810 Ann.
134 3773 179 3805 D:
223 3758 271 3790 De
297 3758 427 3788 Civirare
447 3756 647 3807 Burdqgaliae,
672 3760 785 3791 Corona
806 3756 922 3803 Angliae
943 3758 980 3794 θ’
1004 3757 1131 3789 Camerae
1153 3758 1241 3802 Regis

65 3826 77 3845 1
86 3826 98 3856 3
107 3814 140 3845 16
145 3837 154 3846 .
630 3805 821 3839 annexanda.

40 3859 137 3942 25¹?-
201 3887 327 3957 REsX
339 3888 503 3957 HniErfis,
522 3890 663 3928 praesentes
680 3891 794 3922 Litteras
808 3891 984 3931 inspeeturis,
1001 3891 1130 3930 salutem,
1146 3889 1260 3928 &prae-

40 3933 111 3997 {js}
125 3941 167 4000 ξπ
229 3937 475 4007 Regezilgmucslecerte
482 3928 729 4004 §liaeglliificentiam
743 3967 835 3998 fideles
850 3968 883 3999 ὃς
898 3968 972 3999 bene
986 3969 1117 4006 meritos,
1135 3966 1169 3998 ὃ(
1183 3976 1257 4005 prae-

40 4016 65 4042 7.

1316 186 1396 215 runt,
1415 178 1448 208 &
1463 176 1608 207 laudabilia
1620 177 1751 215 obsequia
1764 176 1977 217 impenderunt,
1995 179 2092 209 favore
2113 182 2195 224 regio
2217 185 2386 214 communi-

2422 185 2507 223 1316.

1316 225 1362 245 re:
1381 216 1414 246 &
1429 224 1534 254 quanto
1548 214 1640 246 fideles
1659 215 1818 253 hujusmodi
1838 215 1872 246 ad
1888 223 1946 246 tam
1967 217 2043 248 utilia
2058 217 2188 262 obsequia
2206 220 2387 253 inveniuntur
2400 224 2467 252 Edv.
2487 232 2515 250 2.

1314 255 1479 293 proniores,
1496 263 1572 285 tanto
1587 264 1635 284 eos
1650 253 1733 284 debet
1752 254 1845 292 Regia
1867 255 2056 286 benivolentia
2077 257 2220 295 gratiosius
2234 260 2387 300 ampleffl,

1316 294 1350 323 ὃς
1364 294 1435 323 inter
1449 293 1499 323 fibi
1558 293 1681 323 curiares
1694 294 1798 323 merito
1815 303 1980 333 numerare,
1998 304 2028 325 ut
2043 295 2080 326 sic
2101 296 2136 326 ad
2158 304 2235 332 grata
2252 297 2386 337 obsequia

1314 331 1418 362 subditi
1438 331 1470 362 se
1485 341 1514 362 re
1534 331 1599 362 dant
1620 329 1805 369 imposterum
1825 333 2029 371 promptiores,
2044 333 2080 364 ὃς
2104 332 2286 366 Praefidentoe
2304 337 2384 368 obse-

1315 369 1465 408 quentibus
1480 371 1620 409 majorem
1634 371 1752 407 gratiam
1766 369 1912 400 exhibeant
1926 371 1959 401 &
1973 370 2107 403 favorem.

1353 407 1436 438 Ciirn
1450 410 1559 446 itaque,
1576 408 1671 438 dilecti
1684 409 1717 439 &
1730 407 1822 438 fideles
1837 407 1924 438 nostri
1933 432 1942 446 ,
1956 409 2043 447 jurati
2059 411 2091 441 &
2111 410 2316 444 Communitas
2330 413 2384 445 Ci-

1314 447 1406 477 vitatis
1419 447 1523 478 nostrae
1537 446 1726 484 Burdegaliae,
1745 446 1978 483 Progenitoribus
1998 448 2115 487 nostris,
2134 450 2277 488 quondam
2292 451 2384 493 Regi-

1315 484 1365 515 bus
1379 484 1511 523 Angliae,
1530 486 1563 516 &
1586 485 1718 516 Ducibus
1739 485 1918 523 Aquitaniae,
1935 496 1968 516 ac
1984 488 2082 526 nobis,
2101 490 2277 526 temporibus
2297 491 2383 522 trans-

1314 523 1398 561 aeris,
1417 523 1585 554 laudabiliter
1598 524 1794 562 deservierint,
1810 525 1839 553 in
1852 524 1989 562 obsequiis
2003 524 2146 557 dierorum
2161 527 2383 565 progenitorum

1314 561 1474 592 nostrorum
1490 563 1523 592 &
1537 562 1639 592 nostris
1649 562 1755 593 labores
1765 561 1914 593 indefessos
1928 562 2098 594 sustinendo:
2118 566 2152 596 &
2161 568 2220 605 jam
2230 567 2313 597 nobis
2319 567 2383 607 sup-

1313 600 1478 637 plicaverint
1492 609 1522 631 ut
1536 600 1624 638 ipsos,
1641 600 1706 631 licet
1718 602 1749 632 in
1762 600 1856 631 nostra
1871 601 2062 633 benivolentia
2075 603 2108 634 &
2124 605 2229 645 gratia,
2246 606 2316 637 ficut
2323 617 2383 638 cae-

1313 639 1364 669 teri
1383 638 1474 668 fideles
1492 639 1597 676 nostri,
1614 640 1799 678 recumbant,
1822 639 1943 671 velimus
1958 640 2062 672 nostrae
2083 641 2215 674 Camerae
2233 645 2383 678 annetPcere

1314 676 1502 714 praerogativa
1517 677 1677 707 dileetionis
1689 677 1830 716 specialis,

1351 715 1435 753 Nos,
1452 715 1485 746 ad
1501 724 1578 752 grata
1591 716 1625 746 &
1640 715 1787 746 laudabilia
1802 716 1928 755 servitia,
1947 728 1996 755 per
2011 718 2100 758 ipsos,
2118 720 2151 751 &
2175 730 2277 752 eorum
2293 722 2382 754 Ante-

1313 753 1447 792 cessores,
1473 753 1707 791 Progenitoribus
1726 754 1826 785 nostris
1840 755 1998 795 praedietis,
2017 759 2050 788 &
2063 759 2148 789 nobis
2169 760 2312 800 impensa,
2329 772 2384 792 no-

1312 791 1375 822 strae
1387 792 1613 822 considerationis
1626 793 1757 823 intuitum
1771 793 1940 833 dirigentes,
1957 795 2096 833 speramus
2103 798 2187 828 etiam
2203 799 2301 836 quod,
2316 810 2385 838 qua-

1312 838 1391 861 tenus
1405 831 1478 868 ipsos
1513 831 1546 862 δε
1568 830 1722 861 Civitatem
1743 831 1869 862 nostram
1892 834 2074 874 praediCtam,
2093 836 2210 874 nostris,
2227 837 2260 867 &
2282 837 2384 869 Haere-

1312 868 1403 912 dum,
1423 879 1456 900 ac
1495 868 1673 900 uccefforum
1694 869 1854 900 nostrorum
1872 870 2017 903 affectibus
2030 873 2174 912 specialius
2191 876 2209 895 ³*
2228 877 2383 914 conjunxe-

1312 917 1418 946 rimus,
1435 917 1544 938 eatenus
1566 918 1633 945 nOS,
1650 908 1790 947 haeredes,
1809 908 1843 939 &
1863 908 2040 942 Succeffores
2061 913 2167 952 nostri,
2185 914 2261 953 illos,
2277 915 2310 946 ὃ(
2332 925 2382 946 eo-

1311 955 1373 976 rum
1389 945 1543 985 Haeredes,
1560 956 1594 976 ac
1608 946 1784 977 Succeffores
1795 948 1968 979 inveniemus
1983 951 2012 979 in
2028 950 2153 983 futurum
2169 953 2204 983 ad
2218 953 2331 992 nostra,
2348 955 2382 986 δί

1311 984 1487 1022 Haeredum,
1506 995 1538 1015 ac
1556 983 1757 1016 Successorum
1773 984 1935 1016 nostrorum
1952 987 2024 1017 bene
2044 989 2124 1021 lacita
2137 993 2332 1029 promptiores.

1349 1023 1493 1062 Majorem
1507 1046 1517 1062 ,
1537 1023 1645 1062 juratos
1660 1046 1670 1061 ,
1688 1033 1721 1054 ac
1741 1022 1986 1054 Communitatem
2033 1027 2140 1058 'ivitatis
2161 1029 2265 1060 nostrae
2280 1031 2382 1068 praedi-

1311 1061 1366 1092 &ae
1375 1085 1384 1100 ,
1402 1061 1504 1093 nostrae
1519 1062 1553 1093 &
1567 1062 1732 1099 Heredum,
1750 1072 1783 1092 ac
1798 1061 1997 1093 Successorum
2010 1064 2173 1096 nostrorum
2181 1067 2312 1099 Camerae
2320 1080 2383 1108 per-

1310 1103 1397 1168 ῗ-ῗωὸ
1421 1101 1551 1131 duximus
1573 1101 1782 1139 annedtendos3
1799 1100 1925 1137 volentes
1945 1102 1978 1132 &
2001 1103 2189 1135 concedentes
2209 1116 2261 1143 pro
2281 1109 2364 1138 nobis

1345 1139 1495 1178 aeredibus,
1515 1140 1547 1170 &
1567 1139 1780 1170 Success'oribus
1794 1139 1912 1177 nostriS,
1931 1141 2010 1178 quod
2027 1141 2134 1173 Civitas
2154 1144 2246 1175 nostra
2259 1132 2383 1184 supradi³

1311 1178 1356 1208 &a
1372 1177 1500 1209 Coronae
1516 1178 1630 1215 Angli-ae
1647 1179 1680 1209 ὅ(
1696 1178 1827 1208 Camerae
1848 1178 1968 1216 nostrae,
1985 1179 2161 1220 Haeredum,
2179 1192 2212 1213 ac
2232 1183 2381 1215 Successo-

1309 1226 1371 1246 rum
1384 1216 1560 1254 nostrorum,
1574 1217 1783 1258 imperpetuum
1797 1225 1936 1248 remaneat
1950 1218 1988 1248 lic
2003 1229 2123 1250 annexa:
2143 1221 2176 1251 &
2189 1222 2270 1260 quod
2286 1234 2302 1254 a
2317 1222 2380 1254 Co-

1310 1255 1379 1298 rona
1394 1255 1493 1293 Regni
1515 1255 1603 1285 nostri
1619 1256 1729 1295 Angliae
1744 1264 1789 1286 aut
1809 1253 1934 1286 Camers
1948 1256 2292 1298 nostra,I-Iaeredum‚vel
2307 1261 2381 1292 Suc-

1309 1294 1451 1324 ceslorum
1472 1294 1648 1333 nostrorum,
1673 1294 1708 1325 ad
1729 1304 1842 1333 manuS,
1861 1294 1958 1333 usum,
1985 1296 2030 1327 vel
2050 1298 2251 1336 proprietatem
2274 1299 2382 1332 alterius

1310 1332 1460 1363 nullatenus
1473 1334 1653 1363 transferatur.

1347 1370 1415 1402 Hoc
1432 1371 1632 1402 tantummodo
1645 1379 1782 1410 excepto,
1799 1371 1878 1412 quod
1887 1371 1994 1404 Civitas
2007 1374 2139 1411 praedicta
2155 1386 2203 1413 per
2218 1387 2287 1416 nos,
2304 1376 2380 1408 Hae-

1309 1409 1402 1449 redes,
1426 1411 1460 1441 &
1483 1410 1660 1441 Succeffores
1677 1410 1804 1447 nostros,
1829 1410 1941 1450 nostro,
1961 1412 2133 1450 &ipsorum
2153 1415 2326 1455 Haeredum,
2343 1417 2377 1448 &

1308 1448 1509 1480 Successorum
1525 1448 1688 1480 nostrorum
1703 1448 1921 1488 primogenitis,
1939 1458 1968 1480 ut
1983 1450 2080 1482 futuris
2094 1452 2261 1485 Haeredibus
2281 1454 2380 1493 Regni

1308 1487 1426 1524 Angliae
1441 1488 1474 1518 &
1490 1486 1620 1519 Ducatfis
1635 1487 1782 1525 praedieti,
1798 1487 1873 1525 dari,
1890 1488 2026 1519 transferri
2041 1490 2127 1521 valeat
2138 1492 2171 1522 &
2186 1493 2325 1524 concedi:
2342 1495 2378 1524 &

1309 1526 1390 1564 quod
1406 1537 1437 1557 ea
1458 1526 1659 1557 nichilominus
1681 1526 1809 1557 Coronae
1838 1525 1931 1565 Regni
1954 1527 2070 1564 Angliae
2091 1539 2197 1562 annexa
2219 1541 2360 1563 remaneat

1309 1566 1342 1596 &
1356 1564 1516 1605 Privilegiis
1530 1564 1660 1595 Camerae
1675 1564 1795 1603 nostrae,
1812 1563 1987 1604 Haeredum,
2001 1566 2035 1598 &
2050 1565 2253 1602 Succefforum
2267 1556 2380 1602 nostro:

1308 1614 1389 1643 rum,
1407 1604 1475 1634 ficut
1489 1605 1579 1643 prius,
1598 1603 1758 1642 gaudeat&
1774 1612 1874 1635 utatur.

1344 1653 1378 1686 In
1396 1655 1492 1693 cujus,
1509 1653 1570 1684 &c.

1346 1731 1414 1764 Dat.
1434 1732 1505 1772 apud
1521 1730 1822 1770 Westmonasterium,
1837 1730 1953 1763 decimo
1968 1731 2076 1765 oetavo
2087 1733 2132 1765 die
2148 1733 2231 1766 Maii.

1755 1811 1809 1840 Per
1823 1808 1905 1849 ipfiaem
1923 1813 2020 1849 Regem
2037 1810 2076 1847 ώ-
2093 1811 2246 1842 Concilium.

1498 1950 1547 1983 De
1572 1946 1717 1982 Navibus
1740 1950 1828 1995 Regis
1853 1946 1977 1992 Castellae
1998 1947 2173 1993 arqslandis.

2413 885 2430 898 ¹⁸
2449 886 2505 918 111,

2414 925 2481 962 561.

1302 2032 1425 2091 REX
1442 2033 1599 2065 Senescallo
1613 2033 1662 2066 suo
1676 2033 1841 2072 Vasconiae,
1859 2035 1907 2078 qui
1921 2043 1999 2066 nunc
2012 2034 2072 2074 est,
2088 2035 2122 2066 &
2136 2035 2183 2073 qui
2195 2044 2246 2073 pro
2260 2043 2374 2074 ternpo-
2390 2041 2467 2073 Αῃῃ,
2482 2041 2522 2074 D¹

1374 2083 1405 2103 re
1418 2073 1517 2110 fuerit,
1535 2073 1580 2103 vel
1595 2074 1652 2110 ejus
1669 2072 1784 2103 Locum
1799 2082 1923 2112 tenenti,
1940 2073 2063 2104 salutem.

2414 2083 2498 2122 1316.

1339 2109 1419 2142 Cum
1430 2111 1558 2150 dudum,
1576 2119 1703 2152 tempore
1718 2110 1842 2141 Domini
1856 2110 2007 2149 Edwardi,
2024 2121 2112 2150 nuper
2133 2111 2227 2151 Reges
2240 2111 2372 2152 Angliae,
2389 2123 2441 2149 An.
2459 2131 2489 2157 9,

1301 2147 1387 2179 Patris
1409 2149 1512 2188 nostri,
1539 2160 1635 2187 graves
1655 2149 1851 2180 controversia:
1872 2150 1905 2181 &
1925 2149 2089 2189 discordiae,

1337 2189 1427 2227 Inter,
1455 2188 1540 2219 bonae
1556 2190 1700 2233 memoriae
1714 2211 1722 2225 ,
1741 2188 1903 2226 SanCtium,
1922 2189 2065 2228 quondam
2085 2188 2204 2232 Regem
2227 2163 2459 2236 Castellaefffsssss
2478 2198 2509 2226 6,

1301 2227 1334 2257 &
1358 2226 1483 2265 Gentes,
1507 2228 1539 2258 &
1557 2227 1680 2257 subditos
1699 2226 1760 2256 suos
1775 2235 1808 2255 ex
1824 2226 1882 2256 una
1898 2236 1986 2264 parte,
2005 2227 2039 2256 &
2053 2225 2139 2256 Cives
2160 2227 2269 2257 nostros
2284 2228 2372 2258 Baion
2385 2241 2415 2264 E.
2441 2246 2468 2266 2·
2482 2246 2519 2266 m,

1298 2266 1444 2304 exalter-21,
1461 2266 1611 2296 occasione
1625 2264 1792 2295 divers-arum
1805 2263 2062 2302 depraedationum,
2079 2265 2112 2294 &
2133 2266 2297 2302 captionum
2317 2267 2373 2296 bo-
2393 2284 2437 2303 10,

1300 2314 1423 2342 norum,
1441 2304 1524 2343 usque
1540 2303 1574 2334 ad
1594 2312 1726 2340 magnam
1742 2304 1870 2339 peciuiiae
1884 2304 2080 2340 quantitatem,
2105 2312 2154 2340 per
2177 2303 2286 2335 Gentes
2303 2305 2375 2336 dieti

1300 2342 1392 2379 Regis
1414 2341 1561 2381 Castellae,
1579 2341 1657 2379 super
1683 2341 1820 2379 quosdam
1852 2339 1939 2371 Cives
1960 2340 2090 2372 Civitatis
2110 2341 2213 2372 nostrae
2238 2343 2374 2380 predffiae

1300 2381 1454 2419 fa&arum,
1474 2382 1546 2411 inter
1581 2390 1631 2411 uos
1655 2379 1789 2410 Arnaldus
1806 2378 1842 2409 de
1864 2379 1971 2410 Sancto
1993 2378 2122 2410 Martino
2143 2381 2225 2410 bonis
2238 2381 2272 2412 &
2289 2381 2372 2412 Mer-

1302 2420 1435 2451 cimoniis
1454 2420 1520 2457 suis,
1543 2431 1558 2450 a
1599 2418 1745 2448 valentiam
1768 2418 1949 2448 ducentarum
1971 2418 2004 2448 &
2027 2417 2158 2457 Triginta
2179 2418 2346 2450 Marcarum
2361 2443 2373 2459 ‚

1303 2468 1351 2496 per
1366 2458 1453 2488 diCtas
1469 2457 1577 2489 Gentes
1590 2457 1660 2487 dieti
1680 2456 1770 2493 Regis
1793 2455 1921 2486 Castellae
1935 2457 2024 2487 exritit
2037 2456 2224 2496 depraedatus,
2242 2457 2311 2489 ficut
2324 2469 2374 2497 per

1300 2497 1485 2528 sufficientem
1500 2497 1699 2534 probationem
1712 2496 1744 2526 ὅ(
1757 2495 1894 2532 legimam
1908 2495 1966 2525 satis
1980 2494 2084 2533 liquet,

1336 2535 1453 2567 Exortae
1467 2534 1593 2566 fuiffent:

1338 2573 1375 2604 Et
1394 2573 1579 2613 postmodum
1601 2572 1692 2603 die’tus
1714 2572 1780 2603 Rex
1794 2571 1923 2602 Castellae
1939 2571 2112 2609 Magistrum
2125 2572 2305 2613 Johannem,
2318 2573 2373 2612 Ju-

1299 2613 1395 2643 dicem
1417 2612 1513 2643 Curiae
1537 2612 1592 2642 suae
1606 2634 1616 2650 ,
1636 2612 1669 2642 ὃς
1691 2610 1890 2641 Gondisalium
1913 2609 2049 2649 Martini,
2066 2621 2134 2641 cum
2155 2611 2267 2643 Litteris
2290 2614 2372 2651 ipsius

1300 2651 1390 2687 Regis
1410 2652 1522 2689 apertis:
1542 2650 1639 2688 Major
1659 2659 1692 2680 ue
1715 2650 1748 2680 &
1765 2648 1967 2679 Communitas
1986 2648 2116 2680 Civitatis
2131 2651 2294 2690 praedistae,
2315 2652 2372 2683 Ar-

1297 2689 1411 2720 naldum
1426 2690 1461 2720 de
1476 2689 1581 2728 Villar,
1596 2689 1629 2719 &
1656 2688 1797 2719 ohannem
1817 2687 1926 2725 Bardir,
1945 2686 2192 2728 Concives,suos,
2211 2699 2281 2720 cum
2293 2689 2371 2721 suffi-

1300 2729 1438 2759 cientibus
1455 2728 1550 2758 litteris
1571 2728 1603 2759 &
1623 2726 1774 2765 mandatis,
1792 2736 1844 2764 pro
1865 2725 2013 2757 discordiis
2033 2727 2067 2758 &
2088 2728 2284 2759 controverfiis
2298 2738 2372 2767 prae-

1300 2767 1384 2798 diffls
1401 2767 1469 2797 hinc
1490 2766 1557 2797 inde
1579 2765 1755 2804 pacificandis
1776 2765 1856 2808 (Deq
1872 2765 2004 2803 propitio)
2027 2765 2062 2796 ὃ(
2084 2765 2222 2806 sedandis,
2239 2766 2274 2798 ad
2297 2767 2370 2799 dieti·

1300 2805 1388 2837 Patris
1401 2805 1489 2836 nostri
1504 2805 1678 2843 praesentiam
1691 2803 1910 2835 transmiiiflent:

1336 2844 1474 2882 Idemque
1490 2843 1570 2874 Pater
1583 2843 1691 2881 noster,
1707 2843 1743 2873 de
1767 2843 1895 2872 unanimi
1909 2841 2013 2874 affensu
2029 2843 2064 2874 &
2085 2843 2240 2875 concordia
2260 2843 2369 2876 Procu-

1297 2892 1420 2914 ratorum
1435 2882 1639 2921 praediciorum
1648 2905 1658 2921 ,
1675 2883 1708 2913 &
1724 2883 1753 2912 in
1766 2881 1888 2919 ipsorum
1902 2882 2060 2920 praesentia,
2077 2882 2149 2913 inter
2162 2883 2231 2922 alia,
2245 2883 2369 2913 ordinis·

1294 2922 1331 2953 set
1340 2922 1416 2961 quod
1432 2932 1531 2952 omnes
1546 2921 1661 2960 Naves,
1680 2921 1712 2952 &
1727 2920 1780 2951 alia
1793 2921 1870 2950 bona
1883 2929 2069 2958 quaecumque
2095 2920 2239 2952 dictorum
2247 2920 2369 2951 Civium

1295 2960 1383 2992 Baion
1391 2984 1401 3000 ,
1419 2971 1484 3000 quae
1500 2970 1547 2999 per
1560 2959 1668 2991 Gentes
1682 2959 1716 2990 &
1730 2959 1862 2990 Subditos
1875 2958 1947 2989 dieti
1956 2958 2045 2996 Regis
2056 2943 2210 3001 Gastellae,
2219 2957 2290 2988 infra
2306 2957 2367 2990 Re-

1297 3009 1355 3037 gna
1367 3000 1429 3037 sua,
1447 2999 1492 3030 vel
1506 3007 1596 3038 extra,
1614 3005 1695 3037 capta
1708 2997 1835 3036 fuerunt,
1854 3005 1883 3027 ut
1898 2998 2093 3035 praemittitur,
2110 2996 2155 3026 seu
2173 3004 2259 3026 etiarn
2272 3006 2364 3028 occu·-

1294 3048 1374 3077 pata,
1392 3038 1462 3068 infra
1476 3046 1583 3068 certum
1597 3037 1754 3068 terminum
1764 3060 1774 3075 ,
1789 3037 1847 3074 jam
1860 3036 1908 3067 diu
1923 3034 1964 3065 est
1979 3033 2125 3072 Elapsum,
2143 3033 2361 3075 restituerentur,

1294 3087 1342 3116 per
1355 3076 1537 3115 saepedietam
1552 3076 1666 3114 Regem
1682 3074 1831 3112 Castellae,
1848 3073 1901 3104 illis
1921 3072 2039 3116 Civibus
2051 3071 2087 3102 de
2100 3071 2187 3102 Baion
2197 3095 2207 3111 ,
2224 3083 2239 3103 a
2261 3074 2363 3113 quibus

1295 3126 1375 3154 capta
1397 3116 1523 3153 fuerunt,
1547 3114 1592 3145 seu
1613 3124 1713 3145 eorum
1732 3112 1915 3149 Haeredibus,
1933 3118 1978 3141 aut
2000 3118 2085 3153 etiam
2108 3111 2278 3150 Attornatis,
2293 3112 2365 3143 ficut

1294 3165 1343 3193 per
1359 3154 1562 3185 insiec'tionem
1577 3153 1747 3183 Rotulorum
1762 3151 1798 3181 de
1821 3149 1994 3179 Cancellaria
2007 3148 2079 3192 dieti
2094 3147 2182 3180 Patris
2201 3149 2307 3190 nostri,
2325 3151 2362 3183 de

1295 3194 1383 3224 Anno
1432 3192 1498 3229 egni
1513 3191 1550 3221 sui
1565 3191 1700 3220 vicefimo
1713 3191 1822 3227 primo,
1837 3187 1929 3217 sumus
1941 3186 2048 3224 plenius
2060 3187 2220 3219 informati:

1331 3231 1367 3262 Et
1381 3231 1571 3268 subsequenter
1580 3252 1589 3267 ,
1602 3239 1654 3266 pro
1668 3239 1704 3258 eo
1722 3227 1801 3266 quod
1816 3226 1906 3256 dietus
1921 3224 1983 3255 Rex
1992 3224 2120 3256 Castellae
2139 3225 2362 3258 ordinationem

1294 3270 1479 3309 praedictam,
1499 3276 1581 3305 prout
1598 3265 1803 3297 concordatum
1819 3265 1924 3302 extitit,
1942 3264 2094 3294 nullatenus
2108 3265 2281 3303 observavit,
2299 3266 2363 3297 Ste-

1294 3309 1401 3346 phanus
1420 3308 1456 3338 de
1477 3305 1641 3343 Pencestre,
1662 3303 1806 3343 quondam
1828 3302 2054 3333 Constabularius
2075 3301 2168 3334 Castri
2188 3303 2364 3344 Dovorriae,

1294 3348 1328 3379 &
1344 3346 1448 3377 Custos
1463 3347 1585 3384 quinque
1599 3343 1738 3374 Portuum
1750 3341 1911 3373 nostrorum
1920 3364 1929 3379 ,
1945 3341 2051 3371 diversa
2064 3342 2143 3373 bona
2153 3342 2186 3372 &
2201 3341 2362 3373 Mercimo-

1293 3387 1338 3416 nia
1351 3385 1501 3415 hominum
1517 3383 1549 3413 &
1562 3382 1758 3413 Mercatorum
1777 3380 1813 3411 de
1827 3379 1935 3417 Regno
1950 3378 2094 3419 Castellae,
2112 3381 2142 3410 in
2157 3379 2245 3410 Portu
2265 3379 2363 3411 nostro

1293 3424 1329 3454 de
1344 3423 1495 3454 Sandwico
1509 3423 1638 3466 inventa,
1655 3420 1689 3465 ad
1703 3419 1866 3450 mandatum
1881 3418 1960 3461 dieti·
1974 3417 2061 3449 Patris
2081 3417 2167 3448 nostri
2189 3416 2360 3449 arrestaffet:

1294 3459 1871 3536 fertaffssfflpffissfffflqffffl‘a
1885 3458 2013 3534 Ξὶῗὲἒῖἒ
2023 3455 2362 3535 ςέῗιῖἓέἒὲῗειῗῑῖὲἶῖῧῗιῗ

1292 3542 1322 3571 in
1338 3547 1414 3577 parte
1430 3537 1618 3569 satisfacstionis
1626 3509 1827 3567 ‹bucentarum
1839 3536 1872 3567 &
1885 3535 2018 3573 Triginta
2029 3533 2196 3564 Marcarum
2210 3533 2361 3571 praedicta—

1293 3588 1469 3654 runGiimque
1487 3624 1591 3654 nuper,
1608 3613 1759 3652 postquam
1783 3612 1877 3652 Regni
1899 3609 2151 3654 nostri-Regimen
2168 3609 2361 3653 suscepimus,

1294 3654 1440 3687 Dominus
1452 3653 1625 3691 Femandus,
1643 3661 1720 3682 nunc
1735 3651 1864 3682 Castellae
1878 3651 1911 3682 δε
1927 3650 2061 3686 Legionxs
2082 3646 2145 3678 Rex
2165 3647 2291 3687 illustris,
2308 3658 2361 3680 oc-

1259 3714 1261 3717 .
1295 3693 1404 3724 cafione
1418 3692 1588 3731 quarundam
1603 3691 1716 3721 aliarum
1730 3689 1978 3721 controversiarum
1998 3686 2031 3716 &
2051 3684 2268 3724 discordiarum,
2286 3689 2360 3718 inter

1293 3731 1416 3762 subditos
1427 3731 1487 3761 suos
1504 3739 1537 3760 ex
1551 3728 1607 3760 una
1622 3738 1714 3768 parte,
1732 3730 1764 3760 &
1781 3728 1867 3759 Cives
1887 3725 1996 3757 nostros
2009 3723 2112 3762 Baion,
2129 3734 2163 3754 ac
2178 3724 2312 3762 quosdam
2327 3736 2359 3756 a-

1295 3771 1347 3802 lios
1368 3769 1491 3800 subditos
1512 3767 1621 3799 nostros
1643 3777 1677 3798 ex
1697 3767 1797 3806 altera,
1815 3767 1851 3798 de
1869 3765 1962 3796 Novo
1982 3769 2155 3799 exortarum,
2173 3763 2206 3793 &
2230 3763 2358 3794 similiter

1296 3808 1499 3840 Communitas
1511 3807 1531 3827 *
1545 3806 1676 3837 Civitatis
1686 3806 1789 3837 nostrae
1796 3804 1937 3844 praediecae
1945 3799 2140 3830 Procuratores
2151 3800 2213 3844 suos
2226 3800 2355 3845 Solemp-

1295 3858 1343 3879 nes
1363 3847 1430 3878 hinc
1452 3846 1518 3878 inde
1537 3845 1702 3876 sufficienter
1722 3845 1904 3878 constitutos,
1921 3849 1974 3878 pro
1989 3838 2182 3883 controversus
2204 3839 2238 3870 &
2251 3839 2359 3870 dlscor-

1292 3887 1347 3956 suis
1363 3884 1415 3916 illis
1436 3885 1503 3917 hinc
1525 3884 1591 3915 inde
1611 3883 1803 3924 pacificandis,
1822 3880 1858 3912 ad
1878 3878 2001 3910 nostram
2014 3876 2189 3916 praesentiam
2201 3877 2359 3910 transmisis-

1303 3932 1364 3956 ent·

1331 3947 1416 4002 rios,
1433 3962 1534 3995 habitis
1546 3971 1616 3995 cum
1628 3960 1680 3996 illis
1693 3960 1731 3993 de
1745 3956 1872 3991 Consilio
1884 3953 1999 3992 nostro,
2279 3993 2361 4025 Tm

2389 3804 2410 3824 '¹‘
2425 3805 2480 3834 111.

2405 3844 2473 3879 562.
