2562 4279
101 734 137 754 m.
155 735 184 760 9.

93 1427 169 1459 Ann.
179 1428 221 1460 D.

110 1476 195 1507 1337-

92 1510 144 1535 An.
166 1517 207 1534 11.

90 1550 121 1572 E.
146 1555 170 1581 3.

89 1583 210 1611 Aleman.

95 1631 136 1649 ii.
154 1626 180 1649 E.
196 1631 220 1658 3.

88 1666 114 1696 p.
133 1669 157 1696 3.
176 1670 210 1689 m.

87 2156 103 2171 ⁸
126 2157 176 2183 iv.

86 2202 149 2229 754·

257 167 334 206 168

111 247 188 280 Ann.
197 247 237 279 D.
288 250 354 279 Dat.
368 247 438 285 apud
453 248 624 279 Valentianas
639 249 665 277 in
683 247 817 278 Hanonifi
852 247 1039 279 Duodecimo
1052 247 1098 278 die
1113 246 1206 285 Maii,
1222 246 1311 278 Anno

132 294 214 329 1337.
254 288 376 318 Domini
393 285 562 324 Millelimo,
580 286 811 324 Trecentesimo,
823 271 992 318 'Tricesimo
1011 286 1150 324 Septimo.

109 329 176 352 [clv.
197 335 220 362 3.

492 411 540 442 De
559 412 727 444 Retentionc
746 413 868 444 Comitis
891 411 1064 454 Monmfis.

105 497 182 528 Ann.
196 496 236 527 D.
254 493 391 552 REX,
409 491 560 532 Adolph0‚
576 494 728 533 Spectabiti
747 495 860 527 Comiti
880 495 917 526 de
940 495 1062 540 Monte,
1082 495 1170 526 Fideli
1184 495 1233 526 suo
1251 494 1307 524 Di-

103 544 217 602 spx

102 617 219 714 §.legg-an.
250 647 292 716 pris
314 647 463 715 ltiidelitatis
481 648 515 679 δε
537 647 675 688 Homagii
695 648 856 680 exhibuistis
869 650 902 681 ὅτ,
917 648 1021 680 fecistis
1036 649 1215 687 solempniter
1225 648 1307 687 Jura-

107 697 147 715 ιι.
183 709 188 715 .
209 696 233 724 3.
283 695 317 715 en
331 696 398 724 um,

331 532 407 563 leeto
416 555 425 571 ‚
444 532 585 571 Salutem,
604 543 672 564 cum
685 534 858 572 plenitudine
869 534 963 565 omnis
977 535 1055 565 boni.

286 569 335 601 De
350 570 434 608 Fide,
452 570 625 609 strenuitate,
646 573 680 602 &
692 572 843 610 legalitate,
860 571 957 603 vestris
973 573 1087 611 (quibus
1109 572 1191 603 nobis
1211 570 1308 602 Com-

251 608 610 653 mendaminilplurimum
634 609 836 649 confidentes,
855 612 889 642 δε
910 611 994 641 etiam
1016 620 1050 641 ex
1067 610 1161 641 Causii'
1175 611 1237 648 quia
1253 619 1308 639 no-

286 723 347 754 Vos
360 723 396 754 de
411 724 536 755 vestibus
549 724 638 755 nostri
651 725 806 764 Corporis,
824 726 936 764 singulis
955 725 1115 763 Terminis,
1134 726 1236 763 quibus
1254 724 1305 754 de-

248 772 315 792 cens
328 763 395 800 erit,
412 772 446 793 ex
462 772 539 801 parte
552 763 656 802 nostri,
675 765 757 795 vobis
772 764 882 803 dandis,
901 764 1030 795 nostrum
1051 765 1205 794 retinemus
1226 763 1307 793 Mili-

247 809 324 839 tem,
344 801 378 831 ὃ(
390 801 507 832 Socium
521 802 640 833 facimus
653 803 815 840 specialem:

282 836 336 876 Et,
357 850 423 870 cum
444 840 519 879 hoc,
538 842 656 871 nomine
675 841 780 879 Feodi,
795 842 828 872 ὅ(
852 851 905 878 pro
926 840 1044 878 Feodo,
1062 840 1144 871 vobis
1157 839 1306 878 dedimus,

245 879 279 909 &
294 877 392 908 damus
406 878 544 909 Redditus
559 878 643 909 Mille
657 880 690 910 &
704 879 903 910 Ducentorum
918 879 1104 909 Florenorum
1121 879 1193 917 auri,
1212 878 1306 908 bono-

244 926 312 946 rum
328 915 364 946 de
379 916 537 955 Florentia,
555 918 662 956 singulis
675 919 754 947 annis
768 917 961 955 percipiendos
975 927 990 946 a
1013 917 1112 954 nobis,
1131 926 1177 946 aut
1201 915 1305 946 nostris

245 953 433 994 Haeredibus,
451 955 585 993 quamdiu
599 957 738 993 vixeritis,
754 956 788 985 ad
811 955 973 986 Scakarium
996 953 1142 993 nostrum,
1160 955 1304 985 Termino

245 992 378 1031 Paschae,
394 1004 444 1032 per
457 1004 525 1031 vos,
540 1003 586 1024 aut
600 993 707 1024 vestros
720 995 750 1024 in
765 994 817 1025 hac
834 1003 910 1032 parte
933 993 1166 1031 Commiffarios,
1185 994 1305 1032 integra-

244 1030 308 1062 liter
322 1033 356 1062 &
476 1032 634 1062 habendos:

242 1069 467 1147 apggrffirmquo,
485 1072 512 1100 in
535 1069 767 1109 Testimonium,
786 1069 904 1110 sigillum
922 1069 1053 1101 nostrum
1066 1071 1251 1109 praesentibus
1260 1069 1301 1100 est

282 1145 349 1176 Dat.
362 1156 376 1176 a
398 1145 434 1176 ud
449 1146 652 1185 Eborum,die
667 1146 775 1184 Quinta
785 1147 899 1178 decimi
914 1147 1023 1178 Mensis
1036 1147 1124 1185 Maii,
1140 1147 1228 1177 Anno
1237 1146 1303 1177 Do-

243 1194 321 1253 {1133}
323 1184 382 1254 1lNUIi
382 1184 496 1254 1ξὲΞῶ
495 1210 518 1254 ’o
520 1186 754 1253 'Trescentefimo
767 1210 776 1224 ,
803 1185 964 1216 Tricefimo
983 1185 1112 1224 Septimo
1127 1208 1137 1224 ‚
1152 1186 1186 1217 ὃ(
1206 1185 1302 1225 Regni

484 1352 691 1384 Conventiones
706 1362 775 1383 cum
787 1349 923 1397 praediHo
942 1352 1064 1383 Comite.

242 1432 359 1490 REX
378 1434 531 1474 Adolpho,
549 1435 700 1473 speetabili
718 1435 830 1467 Comiti
852 1435 888 1466 de
913 1435 1037 1473 Monte,
1056 1434 1145 1466 Fideli
1165 1435 1216 1466 suo
1231 1435 1300 1467 dile-

318 1474 385 1510 c‘to,
405 1473 544 1511 Salutem,
562 1484 630 1505 cum
646 1474 821 1511 plenitudine
835 1475 931 1504 omnis
944 1475 1022 1504 boni.

278 1511 353 1550 Qiia
368 1512 464 1549 nobis,
484 1521 582 1543 contra
597 1512 708 1543 nostros
723 1513 855 1544 inimicos
870 1513 904 1543 ὃ(
921 1511 1057 1543 AErnulos
1083 1522 1151 1543 cum
1171 1513 1301 1545 Centum

237 1550 301 1580 viris
316 1550 437 1580 Armatis
452 1549 590 1589 Galeatis,

273 1587 426 1627 Dominis,
446 1589 649 1620 Romanorum
665 1589 856 1628 Imperatore,
874 1590 908 1621 &
923 1589 1060 1628 Adolpho
1073 1589 1218 1628 Episcopo
1243 1590 1301 1621 Le·-

235 1625 339 1656 odiensi
349 1650 358 1664 ,
376 1629 500 1665 exceptis
516 1627 671 1665 (videlicet)
691 1630 718 1658 in
733 1629 810 1658 hunc
827 1628 967 1666 modum,
986 1628 1066 1665 quod
1081 1628 1184 1658 Terras
1197 1638 1300 1659 eorum

234 1675 294 1695 non
308 1666 444 1696 intrabitis
456 1665 612 1704 hostiliter,
630 1676 683 1696 nec
700 1675 797 1697 contra
811 1676 859 1696 eos
874 1667 902 1696 in
916 1667 970 1697 suis
993 1666 1092 1697 Terris
1106 1668 1239 1705 venietis,

271 1703 331 1735 Pro
345 1706 557 1741 recuperatione
574 1704 685 1742 Jurium
707 1704 888 1743 nostrorum,
904 1704 1120 1743 nostrarumque
1141 1704 1302 1736 Haeredita-

235 1749 297 1772 tum
307 1767 316 1780 ,
333 1742 367 1773 &
384 1752 436 1779 pro
449 1743 660 1773 conservatione
675 1743 856 1780 earumdem,
870 1742 1033 1780 promisistis
1046 1743 1184 1781 assistere,
1202 1744 1299 1774 &ser-

236 1782 316 1819 vire,
333 1780 486 1812 secundum
500 1781 671 1819 vestrarum,
690 1791 756 1820 quas
778 1782 932 1819 habemus,
951 1780 1168 1813 Continentiam
1191 1781 1299 1813 Litera-

239 1829 304 1849 rum

271 1841 354 1895 Nt’ss,
372 1858 400 1887 in
410 1857 719 1895 Recompensationem
734 1857 938 1888 Amicitiarum'
946 1857 1108 1896 hujusmodi
1120 1882 1129 1896 ‚
1150 1857 1297 1889 Dilectio-

230 1896 260 1925 ni
276 1895 377 1925 vestrae
394 1896 469 1927 bona
483 1896 538 1926 fide
552 1897 748 1934 promitimus,
769 1897 802 1927 &
819 1897 1009 1933 promittimus
1025 1898 1089 1926 vice
1103 1897 1198 1935 versi,
1215 1897 1297 1935 quod

235 1933 304 1964 Nos
321 1933 485 1964 Duodecim
501 1934 582 1964 Milia
604 1935 789 1965 Florenorutn
812 1935 898 1973 Auri>
916 1935 1061 1965 bonorum
1077 1934 1114 1965 de
1137 1935 1296 1973 Florentia,

232 1972 331 2039 golbis,
349 1981 396 2003 aut
410 1972 505 2004 vestris
519 1974 601 2004 certis
618 1973 760 2011 Nunciis,
778 1972 902 2004 Duobus
914 1973 1069 2011 subscriptis
1082 1973 1296 2011 Tertninis,vi-

253 2019 268 2040 e
280 2019 333 2040 icet

270 2048 325 2078 Sex
340 2033 439 2088 ’Milia‚
460 2052 488 2080 in
504 2052 636 2088 proximo
652 2051 747 2082 futuro
760 2050 832 2081 festo
846 2050 920 2081 beati
935 2049 1112 2089 Remigii,in
1128 2050 1295 2090 Dordraco,

234 2088 290 2117 unii
311 2098 377 2118 cum
400 2088 524 2119 Duobus
548 2089 668 2120 Milibus
683 2090 870 2120 Florenorum
884 2091 917 2121 δε
933 2089 1134 2128 Qadrigentis
1151 2089 1296 2128 Florenis,

233 2126 269 2156 de
282 2126 378 2157 vestro
392 2127 489 2158 Feodo
504 2128 630 2158 duorum
647 2128 801 2158 Annorum
810 2153 819 2167 ,

269 2165 287 2183 *³
309 2165 410 2196 Etalia
427 2166 482 2196 Sex
497 2166 634 2204 Milia,in
649 2167 824 2205 subsequenti
839 2166 923 2197 Festo
937 2165 1103 2197 Nativitatis
1118 2165 1297 2206 Domini,in

232 2203 299 2234 loco
316 2203 419 2234 eodem
429 2228 438 2242 ,
458 2204 503 2234 vel
520 2205 568 2235 ubi
581 2214 650 2236 tunc
665 2205 849 2236 commodius
864 2206 1065 2244 inveniemini,

271 2241 339 2273 Dari
353 2243 386 2274 &
400 2242 536 2281 persolvi,
554 2242 644 2274 nostri
657 2253 691 2274 ex
707 2244 905 2284 parte,quiete
917 2254 949 2275 ac
965 2243 1194 2275 certitudinaliter
1209 2244 1295 2276 facie-

237 2289 314 2310 mus:

267 2318 306 2350 Et
320 2329 387 2350 cum
401 2319 475 2358 hoc,
493 2320 603 2360 singulis
622 2320 786 2359 Mentibus,
802 2322 901 2359 vobis,
920 2331 972 2359 pro
986 2321 1069 2351 dietis
1083 2321 1211 2352 Centum
1232 2322 1295 2352 Ga-

231 2357 323 2395 leatiS,
343 2358 427 2388 Mille
440 2360 473 2389 &
489 2359 671 2399 Qingentos
687 2359 840 2398 Florenos,
859 2360 1003 2397 praedietae
1019 2358 1167 2398 Monetae,
1183 2362 1291 2391 ratione

232 2396 267 2426 ὃ(
279 2397 397 2426 nomine
411 2397 565 2435 Stipendii,
584 2398 758 2435 ubicumque
773 2398 908 2429 locorum
923 2400 952 2428 in
968 2398 1071 2429 auxilio
1091 2398 1190 2429 nostro
1206 2399 1291 2430 fueri-

232 2434 266 2464 tis
279 2456 289 2471 ,
303 2435 400 2471 utique
411 2434 539 2465 dabimus
553 2436 586 2466 &
601 2435 758 2466 solvemus:
808 2460 823 2468 a

269 2472 331 2510 Qii
355 2471 484 2510 MenseS,
502 2474 537 2504 &
562 2483 626 2511 quae
646 2473 786 2510 Stipendia
821 2484 837 2503 a
850 2473 895 2504 die
909 2474 964 2512 qui
977 2484 1045 2505 curn
1060 2474 1142 2505 dietis
1158 2475 1287 2507 Centum

229 2508 367 2549 Galeatis,
384 2510 417 2540 ad
432 2512 621 2541 monitionem
636 2511 778 2550 nostram,
795 2496 916 2542 ²Terram
932 2513 1051 2543 vestram
1066 2514 1222 2553 exiveritis‚
1242 2516 1289 2545 in-

227 2549 354 2615 tsentione
374 2549 466 2580 versus
487 2559 540 2580 nos
562 2550 694 2581 veniendi
709 2573 719 2589 ,
747 2550 921 2582 inchoabunt
942 2553 975 2583 &
1004 2552 1140 2591 incipient
1162 2552 1286 2584 Cursum

245 2596 324 2616 uum.

264 2624 429 2664 Caeterum,
447 2625 467 2656 fi
483 2627 512 2657 in
526 2627 628 2657 auxilio
645 2626 762 2665 nostre,
777 2635 823 2658 aut
835 2628 917 2658 nobis
932 2627 1143 2659 Adhaerentium
1153 2628 1287 2667 ,fortaffis

228 2673 298 2702 vos,
316 2673 361 2695 aut
372 2664 457 2702 aliqui
472 2665 618 2696 vobiscum
631 2664 737 2695 ibidem
757 2665 955 2703 existentium,
970 2668 1156 2704 caperemini,
1174 2667 1288 2697 indem-

229 2712 298 2740 pnes
313 2712 383 2741 vos,
400 2703 433 2733 &
454 2703 647 2742 quoscumque
664 2703 785 2741 vestros,
807 2704 844 2734 sic
858 2704 1025 2742 capiendos,
1043 2705 1088 2734 vel
1098 2711 1219 2742 (captos,
1236 2705 1288 2735 de-

228 2742 327 2771 bemus
347 2743 379 2772 &
403 2743 593 2778 promittimus
615 2742 737 2772 relevare
754 2744 878 2773 omnino
900 2742 1020 2773 Liberos
1042 2743 1076 2773 &
1096 2742 1284 2782 Indempne53

230 2779 312 2809 nobis
321 2801 330 2817 ,
347 2779 391 2809 seu
405 2779 505 2810 nostris
519 2780 688 2811 Haeredibus
697 2804 706 2818 ,
723 2780 867 2811 Omnibus
880 2781 913 2811 ὃς
927 2781 1051 2820 singuliS,
1069 2791 1118 2819 per
1132 2791 1185 2812 vos
1208 2780 1287 2820 Cap-

229 2817 363 2854 tivandiS,
381 2818 426 2848 vel
440 2817 610 2858 Captivatis,
630 2819 763 2850 mandato
776 2819 876 2849 nostro
892 2819 999 2857 semper
1013 2819 1099 2850 salvis.

265 2855 315 2885 De
336 2855 490 2892 perditione
511 2858 594 2887 etiam
615 2857 774 2888 vestrorum
796 2859 828 2888 &
848 2857 933 2888 dietae
956 2857 1115 2889 Comitivae
1128 2858 1227 2889 vestrae
1244 2858 1284 2889 E-

230 2903 354 2936 quorum
370 2893 473 2932 (Equis
486 2903 580 2925 tamen
593 2894 755 2934 Curruum,
772 2895 960 2927 Carrucarum
970 2897 1019 2935 ,ὃς
1034 2897 1226 2927 consimilibus
1235 2907 1283 2927 ex-

226 2932 326 2969 cluiis)
347 2932 447 2970 vobis,
465 2933 618 2963 secundum
641 2935 785 2964 arbitrium
806 2934 941 2965 Duorum
962 2934 1121 2966 vestrorum
1138 2958 1148 2973 ,
1164 2936 1197 2966 δε
1217 2937 1284 2966 toti-

226 2969 295 3000 dem
311 2969 472 3001 nostrorum
488 2971 711 3010 Militum,quos
724 2974 833 3010 utrique
846 2972 880 3003 ad
893 2974 950 3004 hoc
964 2973 1207 3011 deputaverimus(
1211 2984 1283 3012 quos

227 3010 327 3046 etiam,
344 3009 378 3038 ad
392 3009 513 3040 vestram
529 3010 757 3048 requisitionem,
775 3010 809 3040 ad
822 3012 958 3049 praemissa
983 3012 1115 3050 deputare
1135 3012 1277 3050 tenemur)

225 3048 418 3085 promittimus
433 3049 465 3079 &
480 3048 616 3078 debemus
632 3048 784 3079 satisfacere
797 3058 999 3087 competenter.

264 3085 299 3116 Et
315 3086 353 3123 si,
371 3086 422 3116 hiis
435 3087 582 3124 primitivis
598 3086 715 3117 Guerris
728 3087 828 3118 nostris
850 3089 1000 3127 expeditis,
1020 3099 1070 3119 vos
1090 3088 1126 3119 de
1146 3098 1226 3120 novo
1247 3089 1282 3120 ad

225 3123 355 3154 nostrum
369 3134 534 3155 vocaremus
551 3125 712 3164 Auxilium,
731 3134 766 3156 ex
781 3134 849 3156 tunc
866 3126 915 3156 sub
930 3127 1032 3157 nostris
1048 3127 1198 3164 Stipendiis
1220 3127 1284 3159 tali—

226 3163 278 3191 bus
290 3186 299 3199 ,
320 3162 408 3199 qualia
430 3171 498 3193 tunc
522 3165 658 3202 temporis
677 3164 721 3193 alii
743 3163 863 3193 Domini
879 3187 889 3202 ,
907 3165 1008 3195 vestrae
1034 3165 1206 3195 conditionis
1220 3189 1230 3204 ,
1248 3167 1282 3197 &

224 3199 310 3245 vestri
324 3200 410 3231 status
425 3201 598 3241 consimiles,
615 3212 630 3232 a
643 3202 727 3232 nobis
742 3203 898 3240 percipient
913 3205 946 3235 ὃς
960 3204 1121 3241 habebunt,
1140 3205 1223 3234 nobis
1230 3203 1285 3234 ser-

221 3248 319 3277 vietis,

262 3276 435 3316 Praesertim,
454 3278 472 3308 si
486 3278 631 3309 antediffls
648 3278 795 3316 Stipendiis
809 3279 889 3309 bono
903 3278 993 3309 modo
1005 3279 1119 3310 transire
1136 3290 1195 3310 non
1217 3291 1283 3317 pos-

226 3315 303 3354 sem,
323 3315 451 3354 Damus,
471 3316 558 3346 Fratri
582 3316 683 3346 nostro
705 3316 874 3355 Karissimo,
894 3316 1057 3357 Reynaldo,
1076 3316 1187 3348 Comiti
1211 3318 1282 3348 Gel-

223 3354 295 3384 renii
310 3355 343 3384 δε
356 3354 512 3392 Zutphensi
520 3354 693 3386 Potestatem
709 3356 761 3394 ipsa
771 3355 914 3393 Stipendia
930 3356 1130 3386 rationabiliter
1145 3366 1281 3395 augmen-

224 3392 324 3430 tandi3
362 3394 559 3430 promittentes
580 3393 798 3424 Ordinationetn
822 3394 897 3423 suam
917 3394 1024 3431 (quam
1045 3395 1120 3425 circa
1140 3394 1281 3432 Stipendia

224 3430 357 3469 praedicsta
372 3431 544 3462 constituere
558 3431 727 3468 decreverit)
745 3432 862 3462 firmiter
873 3432 1028 3462 observare.

223 3468 441 3537 boEt,figepulsfi
463 3470 576 3508 fraude,
594 3470 771 3510 intelligenda
793 3470 854 3500 sunt
877 3470 910 3501 &
932 3479 1014 3501 erunt
1029 3469 1169 3508 praemissa
1181 3472 1280 3501 omnia

265 3517 299 3536 na
351 3518 375 3538 e.

261 3545 350 3588 Super
363 3556 439 3584 quo,
457 3547 485 3575 in
498 3545 732 3585 Testimonium,
750 3546 878 3584 Sigillum
897 3546 1025 3577 nostrum
1047 3546 1223 3584 praesentibus
1238 3547 1279 3577 est

221 3593 237 3613 a
278 3587 382 3613 enium.

239 3592 328 3651 HD&
342 3621 414 3658 apud
434 3621 580 3660 Eborum,
598 3622 644 3652 die
675 3623 786 3661 Qintfi.
806 3622 917 3653 decim-3
939 3621 1046 3652 Mensis
1066 3622 1136 3652 Maii
1152 3645 1161 3659 ,
1188 3622 1276 3653 Anno

222 3656 345 3725 Deam-ini
360 3659 521 3727 lgflilesimo,
539 3661 784 3700 Trescenrestmo,
802 3662 963 3692 Tricei'imo
978 3661 1124 3699 Septimo,
1142 3662 1175 3691 &
1196 3663 1276 3700 regni

221 3704 261 3724 no
287 3707 309 3726 ri
322 3707 359 3727 un
380 3707 484 3729 ecimo.

684 157 1480 207 CONVENTIONES,

1548 158 1952 211 LITERAE,

1349 244 1495 275 Dominus
1511 244 1654 275 Arnoldus
1669 244 1706 275 de
1717 243 1871 283 Bagheim‚
1888 243 1922 274 ad
1936 253 2008 281 opus
2026 244 2060 275 δὲ
2078 244 2158 283 usus,
2177 244 2405 279 Excellentiffimi
2424 243 2499 276 Ann.
2512 246 2556 278 Dr

1348 294 1382 313 ac
1399 282 1538 314 Cariffimi
1551 282 1673 313 Domini
1687 281 1794 320 nostri,
1814 282 1938 312 Domini
1951 282 2037 321 Regis
2054 282 2181 322 Angliae,
2199 284 2234 315 ad
2249 295 2407 317 manusno-
2444 294 2529 324 1337.

1348 320 1431 360 stras,
1446 322 1609 360 juramenta
1631 323 1747 360 integrae
1768 321 1791 351 F
1793 321 1917 351 idelitatis
1925 321 2102 359 juraverunt,
2121 331 2154 351 ac
2170 322 2349 362 Homagiurn
2363 326 2405 355 fe·
2422 329 2489 353 Eaev.
2510 334 2535 361 ς.
2551 343 2556 346 -

1346 368 1446 390 cerunt
1453 361 1632 398 solempniter
1645 370 1695 398 per
1709 360 1805 389 omnia
1819 382 1829 397 ,
1853 359 1923 390 sicut
1935 360 1964 388 in
1977 359 2076 389 talibus
2092 359 2151 390 fieri
2165 360 2214 393 esti
2222 362 2402 395 consuetum:
2448 386 2450 388 .

1384 398 1451 429 Nos
1464 399 1565 429 eisdem
1580 399 1737 436 Militibus,
1754 398 1800 429 vel
1815 407 1915 427 eorum
1929 396 2100 427 Haeredibus
2111 399 2209 438 certis,
2229 401 2403 440 nomine,&

1347 445 1381 466 ex
1402 445 1478 474 parte
1498 437 1565 468 (116ὶί
1584 437 1709 468 Domini
1723 435 1819 466 ‘nostri
1841 435 1928 474 Regis
1942 458 1952 473 ,
1969 435 2125 474 persolvere
2148 437 2326 474 promisimus
2339 463 2349 477 ,
2368 440 2402 471 ὃς

1346 476 1535 511 promittimus
1546 476 1626 506 bona
1641 475 1715 513 fide,
1735 474 1791 504 fine
1805 473 1860 504 una
1872 474 1985 511 fraude,
2001 475 2031 504 in
2044 473 2206 512 Antwerpisz
2216 500 2225 514 ,
2243 475 2289 506 seu
2310 478 2339 506 in
2358 477 2402 508 lo-

1345 522 1399 551 co,
1418 513 1590 552 Antwerpiae
1605 512 1822 553 quodammodo
1835 513 1950 550 vicino,
1969 513 2163 550 Oetingentos
2180 513 2314 544 Florenos
2329 517 2402 555 auri,

1345 550 1381 581 de
1405 550 1546 583 Florentia
1567 553 1676 590 bonos,
1693 553 1724 582 in
1744 552 1817 581 exitu
1832 552 1953 588 proximi
1966 550 2089 589 Mensis,
2109 553 2157 590 qui
2170 551 2288 583 Festum
2301 552 2404 585 Pente-

1347 588 1439 619 eost&
1452 591 1591 629 primum,
1610 600 1687 621 nunc
1698 589 1817 627 instans,
1835 589 1955 619 vicinius
1966 589 2163 630 subsequetur,
2179 591 2329 630 videlicet,
2343 594 2404 623 cui—

1346 628 1415 658 libet
1428 626 1572 658 dictorum
1586 625 1714 658 Militum
1730 628 1968 667 Qadringentos.

1383 665 1417 710 Iri
1439 667 1516 705 cujus
1536 668 1574 734 reg
1593 665 1810 697 Testimonium
1825 666 1910 706 figilla
1922 666 2017 697 nostra
2030 665 2161 698 duximus
2175 668 2356 707 praesentibus
2367 669 2402 700 li-

1347 712 1411 734 teris
1424 714 1437 733 a
1480 714 1555 735 onen
1575 714 1598 734 a.

1382 713 1662 780 Dafpvalencenis,
1681 742 1727 774 die
1749 743 1858 782 Qinta
1877 743 1988 775 decima
2008 743 2108 775 mensis
2126 744 2216 785 Maii,
2231 745 2320 777 Anno
2333 745 2402 777 Doe

1346 781 1416 810 mini
1430 780 1594 819 Milesimo,
1611 780 1855 820 TrescentesimO,
1871 781 2033 814 Tricesimo
2046 783 2186 822 Septimo.

1345 904 1371 930 ²¹?
1397 906 1445 937 De
1463 902 1708 938 Conventionibus
1724 917 1793 938 cum
1810 901 1953 938 Hananiae
1969 911 2005 946 ὠ*
2026 909 2129 942 Gelriae
2153 906 2318 943 Comitilms
2328 936 2339 952 ‚
2363 912 2399 949 ῤ’
2418 913 2434 931 ⁸*
2451 915 2506 943 IV.

1683 952 1868 988 Marchione
1886 952 2065 999 Juliacetfi.
2419 962 2474 989 755
2479 974 2485 980 ·

1427 1037 1505 1077 Qus,
2419 1028 2495 1058 Ann.
2504 1027 2544 1059 D.

1354 1116 1359 1120 Ι
1453 1076 1546 1107 Henri
1561 1100 1571 1116 ,
1595 1086 1644 1116 par
1663 1077 1689 1108 la
1711 1085 1794 1117 grace
1813 1077 1850 1109 de
1870 1077 1966 1117 Dieu,
1984 1078 2114 1118 Evesque
2126 1081 2162 1112 de
2175 1081 2303 1120 Nicole,
2320 1080 2400 1112 Wil-
2439 1075 2524 1107 1337·

1341 1115 1406 1145 liam
1427 1115 1464 1146 de
1486 1115 1648 1156 Montagu,
1666 1115 1784 1148 Counte
1802 1116 1838 1148 de
1854 1116 1992 1156 SalebirS,
2007 1118 2041 1150 δί
2057 1119 2187 1151 William
2201 1120 2237 1152 de
2253 1119 2400 1159 Clynton,
2416 1110 2470 1134 An.
2489 1116 2530 1134 ¹¹·

1342 1152 1459 1185 Counte
1472 1154 1509 1185 de
1520 1154 1631 1186 Huntin
1651 1154 1726 1194 don,
2413 1150 2444 1173 E.
2464 1154 2490 1182 3·

1377 1192 1549 1225 Procureurs
1561 1194 1613 1234 de,
1665 1194 1842 1225 resexcellent
1853 1194 1975 1234 Prince,
1990 1194 2017 1225 le
2032 1194 2095 1225 Roi
2107 1194 2298 1236 d’Engleterre
2414 1184 2532 1212 Aleman.

1383 1231 1486 1262 Fasons
1508 1234 1596 1263 fiivoir
1618 1243 1634 1262 a
1657 1241 1728 1264 touz
1768 1243 1824 1272 que
1846 1244 1920 1264 nous
1937 1243 2038 1265 avoms
2052 1233 2152 1265 Traite
2164 1235 2198 1266 δε
2213 1221 2346 1275 Acmde,
2362 1236 2398 1267 de
2420 1227 2502 1250 ¹¹·E·
2521 1231 2548 1258 3⁴

1340 1279 1389 1308 par
1412 1280 1451 1301 no
1473 1271 1514 1302 dit
1538 1271 1655 1310 Seignur
1678 1272 1704 1302 le
1726 1256 1787 1303 stoi
1800 1296 1810 1311 ,
1831 1281 1847 1302 a
1896 1271 1977 1303 Haus
1999 1272 2146 1316 Hommes
2161 1274 2194 1304 &
2210 1273 2342 1313 Nobles,
2359 1275 2398 1306 les
2416 1271 2451 1290 m·
2469 1270 2510 1288 ¹¹·

1339 1308 1470 1339 Countes
1491 1309 1527 1340 de
1550 1310 1674 1354 l-laynun
1693 1310 1727 1341 &
1746 1310 1782 1341 de
1800 1296 1919 1350 Gerlre,
1943 1311 1978 1354 {Sc
1994 1310 2124 1341 Marchis
2140 1310 2177 1342 de
2185 1311 2301 1357 Juliers,
2320 1324 2396 1353 que,

1340 1356 1527 1430 ἓέἓὲἓῖξὲῗὲ
1532 1348 1577 1431 ὲὲἒῗ
1585 1348 2101 1427 {3233rffssassffaiiffi‘d‘ss‘effffiei
2114 1350 2400 1428 ἓῗῑᾞῧῖζὲἰὲξὲἕὲῑ

1340 1423 1407 1463 dre,
1424 1425 1443 1455 11
1456 1425 1516 1456 ditz
1530 1425 1681 1464 Seignurs,
1700 1435 1752 1463 pur
1765 1435 1818 1457 eux
1832 1426 1967 1457 defendre
1984 1428 2017 1458 ὅ(
2035 1427 2139 1465 tenser,
2158 1437 2198 1458 ou
2212 1428 2269 1458 l'un
2285 1427 2322 1460 de
2336 1438 2402 1467 eurr,

1340 1473 1379 1494 ou
1395 1473 1446 1502 pur
1459 1463 1594 1495 defendre
1607 1465 1641 1495 &
1655 1464 1777 1495 Warder
1791 1465 1830 1495 les
1838 1465 1973 1496 Marches
1986 1466 2020 1497 &
2036 1465 2188 1497 Fronteres
2204 1466 2241 1496 de
2253 1465 2400 1506 l'Empire,

1341 1504 1486 1540 purroient
1499 1525 1509 1541 ‚
1533 1513 1586 1541 pur
1605 1503 1632 1533 le
1649 1502 1689 1533 dit
1710 1503 1778 1541 paril
1796 1503 1911 1534 eschure
1925 1527 1936 1541 ,
1954 1514 1994 1534 ou
2007 1513 2060 1534 eux
2073 1505 2228 1535 avanchant
2240 1514 2361 1536 countre
2374 1506 2401 1537 le

1342 1541 1384 1571 dit
1404 1541 1483 1580 Roi,
1501 1541 1700 1573 dementenant
1718 1552 1755 1572 en
1777 1551 1860 1573 avant
1872 1564 1882 1580 ,
1907 1542 2027 1580 prendre
2039 1565 2050 1581 ,
2075 1551 2160 1581 quant
2176 1544 2193 1574 il
2208 1543 2270 1574 lour
2286 1544 2401 1582 plaroit,

1342 1578 1438 1610 Milles
1462 1581 1596 1611 Armures
1619 1580 1655 1611 de
1677 1580 1746 1611 Feer
1761 1605 1770 1618 ‚
1796 1591 1824 1611 as
1846 1580 1941 1620 Gages
1956 1580 1983 1611 le
1997 1580 2038 1612 dit
2052 1580 2112 1611 Roi
2127 1581 2198 1612 d'En
2229 1591 2332 1620 eterre,
2350 1592 2403 1620 pur

1341 1617 1462 1648 chascun
1482 1618 1616 1649 Homrne
1638 1618 1769 1649 d’Armes
1795 1628 1838 1658 15.
1859 1619 1968 1659 Furyns
1986 1619 2023 1650 de
2044 1619 2183 1651 Florence
2214 1630 2230 1650 e
2242 1619 2323 1651 Mois
2338 1643 2348 1659 ‚
2364 1621 2397 1651 &r

1342 1658 1413 1687 tenir
1426 1667 1474 1694 par
1487 1657 1600 1696 l’espace
1613 1657 1697 1688 d'Un
1713 1657 1770 1688 An.

1377 1694 1433 1733 Et,
1451 1694 1478 1725 se
1496 1695 1533 1726 de
1554 1696 1614 1734 plus
1635 1706 1670 1726 en
1691 1697 1804 1726 avoient
1822 1695 1942 1736 bosoign
1956 1706 2008 1734 pur
2021 1696 2046 1727 la
2060 1696 2169 1727 Grante
2181 1696 2275 1728 Force
2286 1697 2321 1728 de
2338 1696 2399 1728 Roi

1339 1732 1376 1763 de
1393 1733 1416 1763 F
1417 1743 1500 1765 rance
1514 1757 1523 1772 ,
1548 1735 1626 1765 donc
1641 1744 1677 1764 en
1708 1742 1807 1765 orront
1821 1735 1839 1764 il
1853 1744 1958 1765 encore
1969 1734 2088 1773 prendre
2101 1744 2178 1767 autre
2192 1734 2305 1775 Milies,
2323 1745 2337 1765 a
2351 1736 2402 1767 de-

1338 1771 1408 1802 viser
1429 1772 1462 1802 &
1483 1772 1602 1810 departir
1623 1772 1661 1802 les
1703 1773 1770 1803 icTtes
1790 1772 1923 1803 Armurec
1943 1772 1979 1803 de
2000 1773 2070 1804 Feer
2085 1796 2095 1812 ,
2115 1784 2153 1805 en
2168 1784 2207 1804 un
2220 1774 2293 1813 lieu,
2311 1785 2349 1805 ou
2364 1784 2400 1805 en

1338 1810 1479 1848 plusours,
1497 1811 1523 1841 la
1535 1821 1574 1842 ou
1589 1811 1608 1841 il
1622 1811 1756 1841 semblera
1770 1820 1798 1841 as
1812 1810 1872 1841 ditz
1886 1811 2033 1851 Seigneurs
2047 1812 2109 1850 plus
2124 1812 2271 1850 profitable

1375 1848 1420 1878 Le
1434 1848 1498 1886 quel
1512 1849 1614 1880 secund
1629 1849 1714 1879 Mille
1724 1849 1939 1887 demurrerom,
1957 1850 1985 1880 se
1999 1850 2122 1887 bosoign
2138 1850 2197 1889 est,
2213 1860 2242 1881 as
2255 1836 2350 1890 dages
2362 1850 2399 1882 de

1339 1886 1380 1917 dit
1397 1887 1456 1917 Roi
1470 1887 1664 1925 d'Engleterre
1679 1887 1771 1918 deffus
1785 1887 1844 1918 ditz
1857 1911 1867 1926 ,
1882 1889 1973 1926 jusqes
1988 1898 2004 1918 a
2015 1888 2041 1919 sa
2053 1888 2172 1927 venue,
2190 1888 2249 1920 cest
2263 1890 2399 1928 affavoir,

1337 1925 1428 1963 jusqes
1452 1936 1485 1956 au
1496 1927 1562 1964 jour
1573 1925 1609 1956 de
1627 1926 1694 1956 seint
1711 1925 1845 1957 Lambert
1864 1928 2096 1963 procheinement
2111 1936 2216 1958 venant
2257 1938 2296 1958 ou
2306 1928 2398 1966 jusqes

1336 1974 1352 1993 a
1372 1964 1422 1994 son
1445 1963 1552 1995 Revon
1565 1988 1576 2002 ,
1599 1964 1699 1995 solone
1723 1965 1747 1994 la
1769 1965 1884 1994 fourme
1903 1965 1952 1995 des
1967 1963 2156 1996 Covenances
2171 1966 2204 1997 &
2217 1950 2394 2004 ffromeffes,

1334 2002 1410 2032 faites
1424 2012 1504 2033 entre
1514 2013 1553 2034 no
1567 2003 1608 2033 dit
1621 2003 1755 2042 Seigneur
1770 2002 1795 2032 le
1809 2002 1868 2032 Roi
1877 2025 1887 2039 ,
1902 2004 1935 2034 &
1949 2002 1987 2032 les
2000 2002 2060 2033 ditz
2075 2002 2192 2034 Counte
2209 2004 2242 2032 δε
2259 2004 2394 2035 Marchis.

1375 2040 1429 2078 Et,
1447 2041 1491 2072 sur
1503 2051 1574 2081 ceo,
1592 2040 1714 2072 devoms
1727 2041 1794 2072 faire
1807 2050 1847 2071 no
1862 2040 1903 2072 dit
1918 2041 2039 2077 Seignur
2054 2041 2079 2070 le
2095 2039 2156 2071 Roi
2177 2042 2267 2071 doner
2288 2041 2398 2073 Lettres

1338 2078 1460 2110 Overtes
1472 2091 1499 2110 as
1514 2079 1649 2118 Seignurs
1661 2080 1753 2110 dessus
1766 2079 1842 2118 ditz,
1861 2079 1904 2109 sur
1922 2079 1998 2110 ceste
2012 2080 2135 2117 presente
2151 2079 2222 2110 date.

1375 2117 1458 2148 Don.
1477 2120 1503 2150 le
1525 2128 1564 2158 24
1578 2120 1645 2158 jour
1665 2118 1701 2149 de
1724 2117 1821 2158 Maii,
1845 2117 1912 2149 l'An
1927 2118 1964 2149 de
1977 2127 2060 2159 grace
2074 2117 2174 2157 Mille,
2195 2127 2270 2159 300,
2288 2118 2398 2150 Trente

1337 2157 1371 2189 &
1387 2157 1465 2195 Sept.

1489 2283 1538 2315 De
1554 2285 1742 2316 conventione
1751 2282 1842 2326 fasta
1858 2292 1928 2314 cum
1949 2281 2061 2313 Comire
2083 2278 2248 2313 Zelandiae.

1419 2367 1538 2437 Oluisgmi
1553 2431 1562 2444 ,
1589 2416 1636 2445 par
1655 2406 1680 2436 la
1700 2415 1784 2443 grace
1803 2405 1838 2436 de
1859 2405 1955 2444 Dieu,
1976 2405 2106 2444 Evesque
2118 2404 2156 2435 de
2171 2403 2298 2441 Nicole‚
2316 2402 2360 2432 W
2362 2401 2395 2432 il-
2411 2403 2485 2434 Ann.
2496 2404 2535 2435 D.

1332 2446 1399 2477 liarn
1421 2445 1457 2476 de
1474 2445 1619 2483 Montagu
1633 2470 1641 2484 ,
1669 2444 1768 2476 Conte
1789 2445 1826 2475 de
1847 2444 1981 2483 Salebirs,
1999 2445 2033 2476 ὃς
2048 2444 2177 2474 William
2190 2441 2226 2472 de
2240 2440 2368 2479 Clynton
2384 2464 2394 2478 ,
2429 2451 2513 2483 1337.

1333 2483 1432 2516 Conte
1445 2485 1481 2515 de
1494 2484 1706 2523 Huntingdon,
2285 2518 2290 2524 ι
2407 2486 2458 2510 An.
2481 2492 2521 2509 ir.

1369 2524 1541 2554 Procureurs
1556 2523 1589 2554 &
1605 2522 1748 2562 Meffagoe
1761 2521 1812 2561 de,
1829 2520 2038 2552 Tresexcellent
2052 2529 2092 2550 no
2099 2517 2239 2549 Trescher
2246 2517 2391 2556 Seigneur,
2410 2525 2436 2548 Ε.
2461 2530 2486 2557 3.

1332 2561 1359 2592 le
1373 2563 1434 2593 Roi
1443 2561 1650 2601 d’Engleterre,
2404 2559 2523 2586 Alcman.

1366 2600 1550 2633 Promettons
1571 2601 1604 2632 &
1619 2608 1707 2631 avons
1731 2608 1766 2627 en
1779 2596 1916 2627 Convent
1929 2605 1962 2634 a,
1981 2595 2059 2626 Haut
2074 2594 2208 2624 Homine
2221 2594 2254 2625 &
2267 2593 2386 2633 Noble,
2411 2607 2451 2624 ri.
2467 2601 2496 2624 Ε.
2512 2606 2537 2633 3.

1330 2637 1480 2669 Monsieur
1499 2637 1629 2668 William
1650 2638 1686 2667 de
1707 2635 1831 2674 Haynun
1846 2658 1856 2671 ,
1874 2633 1992 2664 Counte
2010 2633 2046 2663 de
2067 2632 2177 2663 Zeland
2191 2656 2201 2671 ,
2221 2642 2277 2676 que
2292 2643 2328 2662 en
2343 2643 2387 2676 cas
2405 2645 2440 2663 m.
2459 2644 2485 2668 9.

1329 2677 1398 2714 qu'il
1420 2676 1573 2707 defaurroit
1595 2675 1633 2705 de
1654 2673 1802 2705 Moniieur
1823 2672 1859 2702 de
1879 2672 2003 2711 Haynun
2024 2673 2074 2701 son
2095 2671 2199 2714 Pierel,
2218 2671 2264 2709 q'il
2279 2680 2387 2708 purroit

1328 2714 1447 2752 prendre
1467 2715 1501 2746 &
1514 2723 1598 2752 aver,
1614 2712 1653 2743 s'il
1670 2712 1779 2748 voloit,
1797 2711 1834 2741 les
1849 2710 1960 2749 Mffles,
1978 2721 2017 2741 ou
2034 2709 2119 2740 Deux
2134 2708 2230 2739 Miues
2245 2709 2382 2740 Armures

1328 2752 1364 2783 de
1384 2753 1445 2783 feer
1492 2762 1528 2782 en
1550 2752 1574 2782 la
1594 2752 1689 2782 forme
1705 2775 1714 2789 ,
1734 2750 1780 2788 q’il
1792 2749 1834 2779 est
1850 2748 2004 2786 Contenu,
2022 2758 2075 2786 pur
2087 2748 2113 2778 le
2127 2747 2167 2777 dit
2182 2747 2331 2777 Monsieur
2345 2748 2383 2777 de

1327 2777 1527 2828 Haynun'son
1547 2790 1628 2820 Piere
1642 2813 1651 2828 ‚
1672 2799 1700 2820 es
1723 2788 1833 2818 Lertres
1853 2787 1896 2831 sur
1918 2797 1952 2818 ce
1972 2788 2068 2825 faites,
2083 2786 2164 2817 seales
2177 2785 2212 2816 de
2225 2795 2284 2816 noz
2296 2786 2386 2824 Seals,

1328 2839 1381 2867 pur
1397 2839 1498 2861 mettre
1512 2838 1539 2859 es
1555 2829 1703 2859 Fronteres
1718 2827 1753 2856 de
1767 2826 1917 2862 l’Empn·e:
2356 2864 2360 2868 ³

1364 2868 1443 2899 C'est
1458 2868 1564 2899 affaver
1579 2867 1617 2898 les
1625 2867 1722 2897 Milles
1737 2874 1784 2903 par
1799 2864 1924 2902 l'Espace
1936 2863 2021 2894 d’Un
2035 2862 2082 2893 An
2091 2885 2101 2901 ,
2118 2864 2152 2895 ὃς
2167 2863 2205 2893 les
2217 2870 2306 2905 autres
2315 2862 2385 2892 Μι1-

1326 2906 1363 2937 les
1385 2907 1473 2945 jusqes
1492 2917 1507 2937 a
1527 2907 1553 2936 sa
1575 2916 1666 2937 venue
1686 2904 1816 2944 pardetza
1838 2914 1854 2933 a
1872 2903 1897 2932 la
1916 2912 1994 2933 meet
2009 2926 2018 2941 ,
2043 2912 2083 2933 ou
2095 2901 2207 2940 jusques
2226 2910 2242 2931 a
2259 2904 2308 2931 ion
2325 2901 2386 2932 Re-

1329 2955 1407 2984 von,
1426 2956 1477 2983 pur
1492 2944 1592 2989 garder
1607 2944 1757 2982 l'Empire,
2135 2979 2137 2982 Α

1362 2983 1418 3014 Par
1434 2984 1458 3014 la
1473 2984 1704 3023 Tesmoignance
1717 2981 1754 3012 de
1769 2979 1859 3012 cestoe
1871 2979 2009 3018 presentes
2022 2979 2150 3015 Lettres,
2167 2977 2264 3008 sealees
2277 2976 2314 3008 de
2330 2985 2388 3008 noz

1323 3022 1407 3053 Seals.
2120 3055 2135 3060 ..

1363 3061 1443 3091 Don.
1462 3071 1477 3092 a
1492 3060 1711 3097 Valenciennes,
1728 3067 1767 3098 24
1784 3058 1848 3097 jour
1862 3056 1902 3088 du
1916 3055 1996 3087 Mois
2012 3054 2048 3085 de
2063 3053 2153 3093 Mau,
2171 3053 2238 3084 l'An
2253 3053 2289 3085 de
2302 3063 2384 3094 grace

1325 3107 1355 3130 ut
1369 3099 1456 3138 supra.

1568 3244 1646 3277 Alia
1664 3243 1820 3275 Conventio
1841 3251 1909 3272 cum
1927 3236 2004 3272 ditio
2021 3239 2142 3272 Comite.

1324 3327 1399 3387 N
1408 3327 1531 3397 Offissnri
1545 3389 1554 3405 ,
1581 3376 1629 3404 par
1649 3366 1674 3395 la
1695 3374 1777 3404 grace
1797 3364 1833 3394 de
1853 3363 1947 3401 Dieu,
1966 3361 2093 3400 Evesque
2108 3361 2144 3392 de
2156 3361 2282 3400 Nicole,
2299 3359 2378 3391 Wil-
2397 3330 2530 3411 Αῐῃόῐὲξ.

1322 3405 1388 3435 liam
1400 3405 1436 3435 de
1453 3404 1614 3445 Montagu,
1632 3404 1748 3436 Counte
1764 3404 1799 3434 de
1813 3402 1967 3441 Salesbyrs,
1984 3402 2018 3432 &
2033 3400 2162 3431 Winiam
2183 3401 2220 3431 de
2232 3399 2377 3440 Clynton,
2392 3412 2443 3437 An.
2464 3420 2507 3438 1,-

1324 3442 1442 3474 Counte
1454 3443 1490 3474 de
1502 3443 1586 3474 Hunt
1605 3443 1722 3481 ngd0n‚
2353 3474 2358 3480 ,
2392 3451 2421 3473 Ε.
2446 3458 2470 3484 3.

1358 3481 1514 3513 Procururs
1531 3484 1563 3526 {Sc
1584 3522 1590 3530 ,
1626 3482 1729 3519 effages
1749 3480 1784 3512 de
1799 3504 1808 3519 ,
1827 3476 2037 3510 Tresexcellent
2057 3476 2154 3508 nostre
2173 3475 2292 3508 trescher
2314 3474 2374 3505 Sei·
2390 3485 2508 3513 Aleman.

1321 3521 1552 3590 gnglighleettlggis
1563 3521 1916 3591 ἓεΕένῗῗῑῐπῗὲῗῑἘοηνεηῑ
1928 3566 1944 3585 a
1952 3553 2018 3594 ,Ha
2030 3562 2061 3584 ut
2076 3553 2207 3583 Homme
2220 3552 2252 3582 &
2264 3550 2376 3589 Noble,
2393 3533 2438 3590 ἔπι]
2447 3528 2522 3590 ξιξ-ζ’

1320 3596 1469 3628 Monfieur
1484 3598 1601 3628 Gilliam
1614 3597 1650 3627 de
1664 3597 1712 3627 Ha
1731 3606 1805 3633 nun,
1823 3593 1940 3625 Counte
1953 3594 1990 3624 de
2003 3590 2144 3627 Zealand‚
2162 3600 2237 3634 que,
2355 3629 2360 3633 η

1357 3635 1402 3665 En
1421 3646 1464 3667 eas
1482 3644 1521 3666 ou
1544 3636 1684 3666 defauroit
1724 3645 1739 3665 e
1764 3633 1912 3664 Monsicur
1932 3632 1968 3662 de
1988 3631 2112 3668 Haynun
2125 3628 2175 3658 son
2192 3628 2287 3665 Piere,
2306 3627 2338 3657 &
2352 3627 2373 3657 il

1318 3674 1423 3704 voufist
1434 3674 1599 3712 emprendre
1633 3684 1667 3704 en
1684 3673 1740 3703 Liu
1754 3672 1790 3702 de
1805 3672 1854 3702 son
1870 3671 1910 3701 dit
1923 3669 2018 3712 Piere,
2037 3667 2072 3697 de
2084 3676 2102 3704 y
2119 3665 2193 3696 estre
2207 3675 2242 3695 en
2257 3666 2374 3709 totesles

1319 3711 1508 3743 Covenances
1527 3714 1560 3744 &
1583 3698 1779 3743 C'ondiciouns
1791 3711 1829 3740 du
1841 3710 1961 3746 Traitit,
1979 3716 2009 3751 qi
2021 3704 2062 3734 est
2077 3705 2210 3735 Acordez
2223 3705 2256 3734 &
2271 3704 2375 3743 Signez

1316 3750 1423 3780 d’entre
1436 3751 1532 3781 nostre
1543 3751 1586 3781 dit
1599 3751 1732 3790 Seigneur
1746 3750 1771 3779 le
1787 3749 1864 3786 Roi,
1882 3749 1916 3779 &
1930 3746 1956 3776 le
1969 3744 2009 3774 dit
2023 3742 2139 3773 Counte
2150 3741 2185 3786 de
2199 3741 2335 3782 Haynun,

1356 3789 1373 3807 ²*
1394 3788 1506 3819 Nostre
1521 3789 1562 3819 dit
1576 3789 1710 3828 Seigneur
1725 3788 1751 3817 le
1765 3787 1825 3817 Roi
1840 3786 1934 3816 setroit
1947 3790 2034 3814 tenuz
2049 3781 2084 3811 de
2096 3790 2191 3823 avoir,
2211 3780 2243 3810 &
2260 3780 2295 3811 de
2310 3781 2370 3811 Re·
2390 3788 2406 3804 ⁴¹
2427 3789 2480 3815 ιν,

1316 3828 1403 3857 teiner
1426 3827 1452 3857 le
1469 3828 1509 3857 dit
1530 3826 1647 3858 Counte
1667 3827 1702 3857 de
1723 3824 1869 3862 Zeeiand,
1887 3833 1922 3853 en
1943 3821 1998 3852 Liu
2019 3818 2055 3848 de
2068 3818 2117 3850 son
2131 3817 2230 3856 Piere,
2248 3829 2284 3849 en
2297 3828 2368 3850 totes
2387 3828 2453 3861 756.

73 3825 152 3857 'Ann.
162 3824 202 3855 D.
317 3821 365 3850 De
380 3822 546 3854 Retinentia
562 3823 711 3855 Additum
731 3826 762 3854 in
777 3821 916 3869 partibus
931 3822 1167 3867 Transmarinis.
1842 3863 1847 3868 ι
1935 3860 1940 3865 ,
1973 3860 1978 3864 ⁴

96 3871 181 3903 1337-
1317 3874 1461 3903 maneres,
1480 3865 1575 3896 selonc
1591 3866 1616 3896 le
1631 3866 1753 3895 Tenour
1768 3863 1806 3906 du
1820 3862 1860 3892 dit
1873 3861 2009 3903 Trarrexr,
2169 3896 2174 3901 y

72 3906 125 3930 An.
147 3912 188 3929 ¹¹·
298 3899 348 3930 OS
357 3923 367 3938 ³
1354 3903 1390 3933 Et
1406 3904 1444 3934 lui
1456 3904 1553 3934 serroit
1568 3903 1663 3933 nostre
1677 3904 1718 3934 dit
1733 3902 1850 3940 Seignur
1864 3899 1890 3929 le
1905 3898 1962 3928 Ror
1973 3903 2073 3932 tenuz,
2090 3893 2126 3924 de
2139 3894 2206 3925 faire
2216 3918 2224 3933 ,
2243 3905 2278 3925 en
2298 3903 2370 3926 totes

75 3945 97 3967 E
123 3950 135 3976 3
335 3939 489 3979 Henricus,
507 3943 563 3974 Dei
580 3946 680 3983 gratia,
699 3944 901 3975 Lincolniensis
916 3943 1272 3989 Episcopus2Willielmus
1314 3942 1429 3978 choses,
1449 3952 1535 3973 come
1557 3942 1575 3972 il
1598 3942 1681 3972 estoit
1702 3951 1736 3971 au
1749 3940 1790 3969 dit
1804 3937 1920 3968 Counte
1933 3934 1968 3964 de
1981 3932 2125 3971 Haynun,
2144 3943 2178 3963 en
2193 3931 2242 3964 son
2255 3935 2369 3971 vivant,

72 3962 190 4006 Alem'an.
219 3977 253 4007 &
268 3976 453 4015 willielmus,
471 3980 569 4011 Sarum
583 3984 616 4013 &
631 3982 868 4021 Huntyngdoniae
883 3983 1029 4022 Comites,
1311 3989 1360 4018 par
1377 3981 1430 4010 ens
1453 4003 1463 4018 ,
1485 3981 1504 4010 si
1526 3980 1621 4010 nostre
1640 3979 1681 4009 dit
1702 3978 1836 4016 Seigneur
1856 3975 1881 4018 le
1901 3972 1961 4002 Roi
1981 3972 2058 4000 avoit
2079 3973 2139 4008 paie
2160 3975 2263 4016 ascune
2283 3971 2368 4002 chose

77 4024 89 4044 1
99 4026 120 4043 ι.
135 4021 164 4045 Ε.
176 4025 201 4054 3.
222 4034 224 4038 ψ
256 4014 375 4045 Notum
388 4015 443 4045 effe
458 4018 587 4048 volumus
600 4021 839 4063 universis-qued,
1311 4028 1345 4048 au
1359 4019 1398 4048 dit
1463 4027 1530 4050 unte
1545 4018 1582 4050 de
1597 4017 1741 4056 Haynun,
1760 4023 1814 4045 ceo
1827 4012 1890 4043 d01t
1903 4009 1976 4042 estre
1987 4010 2103 4041 rebatuz
2117 4020 2152 4042 au
2164 4009 2327 4043 ditCounte
2333 4009 2369 4040 de

74 4063 110 4081 m.
124 4057 148 4082 6.
249 4053 328 4113 Qia
341 4076 351 4092 ,
370 4052 472 4085 strenui
494 4054 600 4087 Milites
614 4081 624 4094 ,
649 4057 795 4088 Dominus
817 4058 960 4090 Henricus
982 4059 1019 4090 de
1041 4058 1210 4097 Graischaf,
1233 4060 1267 4091 ἃ
1310 4056 1451 4094 Zeeland,
2312 4084 2366 4123 Et,
