2562 4279
173 138 255 167 200

9 205 88 242 Ann.
104 204 144 240 D.
165 219 208 241 tus
227 210 324 241 Petrus
349 209 367 228 *
384 207 537 248 Apostolus
552 216 611 236 non
625 206 687 245 plus
701 206 881 237 Auctoritatis
894 207 1005 246 habuit,
1024 209 1109 248 quam
1121 206 1171 239 alii
1185 206 1226 239 A-

30 255 116 288 1327.

8 289 79 315 Edv.
100 296 124 323 3.

9 325 26 341 ⁶
51 326 104 353 [V.

9 370 72 397 ²¹7·

15 3267 35 3285 ²*
54 3270 106 3296 IV.

18 3306 82 3344 318.

163 249 269 289 postoli
281 248 457 284 habuerunt,
474 255 528 276 nec
544 245 664 276 aliorum
679 244 889 283 Apostolorum
904 246 958 278 fuit
974 246 1076 286 Caput.

202 331 246 362 Ῑτ
256 341 274 363 Ε
285 338 311 360 M
320 354 328 369 ‚
347 329 427 367 quod
451 328 580 359 Christus
595 326 704 359 nullum
716 328 812 368 Caput
826 330 929 362 dimisit
942 330 1091 370 Ecclefiae‚
1108 342 1163 364 nec
1176 333 1226 363 ali-

163 380 252 438 quer?c
266 369 415 436 Xicasrkiulm
428 368 512 411 suurn⁴
522 368 606 436 fetcit3
623 367 699 407 quod
713 367 754 398 est
769 377 864 399 toturn
882 371 1057 401 contrarium
1073 371 1225 410 Evangeli-

160 419 206 440 ωε
314 416 332 436 o
359 416 378 435 0
389 416 441 436 icae
454 415 539 436 verita
554 416 570 435 i.

200 417 382 484 Qiodpenim
399 443 527 475 Christus
542 444 689 475 Vicarium
704 444 783 475 stium
791 445 906 476 beatum
914 445 1225 487 Petrum'constituerit,

161 492 261 523 patet,
292 482 415 513 Constat
435 484 512 513 enim
533 482 610 523 quod
632 482 762 513 Christus
784 483 930 517 Officium
949 485 1070 517 Pastoris
1091 487 1173 525 gessit
1194 486 1224 517 in

159 523 272 559 Terris,
289 522 358 551 hinc
378 520 420 551 est
440 521 537 561 quod,
555 523 584 551 in
596 521 645 560 Jo.
659 521 686 552 se
699 531 785 553 vocat
798 522 960 563 Pastorem,
978 524 1076 556 dicens
1091 536 1150 564 ego
1162 525 1224 556 sum

158 561 257 592 Pastor
271 560 379 598 bonus,
403 559 464 590 &c.

198 600 303 637 Liquet
318 599 403 628 etiam
418 598 497 636 quod
512 597 623 642 Curam
636 598 737 639 Gregis
751 598 808 638 sui,
827 599 904 631 Ante
920 599 1138 643 Ascensionem,
1156 603 1224 634 bea—

157 646 191 668 to
214 637 300 668 Petro
320 638 479 674 generalem
502 638 669 676 commisit,
688 638 803 676 quando
826 639 874 669 fibi
894 639 961 670 illud
978 641 1116 679 Johannis
1138 642 1223 681 dixit,

158 676 270 714 Symon
280 675 417 714 Johannis
429 676 508 715 pasce
525 675 605 707 Oves
620 685 713 715 meas,
748 676 806 707 asce
821 677 920 717 Agnos
933 688 1030 716 meos,
1047 680 1139 716 unde,
1151 680 1222 710 cum

157 713 263 744 Postor
285 713 388 753 Gregis
401 714 571 753 Dominici,
589 714 691 745 scilicet
737 714 853 754 hristus,
871 724 967 747 curam
981 717 1222 758 ejusdemiGregis

157 754 242 783 beato
268 751 356 783 Petro
377 753 542 792 commisit,
566 754 632 791 quin
655 762 739 792 eum,
763 755 857 792 quoad
879 765 976 786 curam
997 756 1118 796 Gregis,
1141 756 1222 789 suurn

157 791 304 822 Vicarium
318 792 432 830 fecerit,
450 791 541 822 nullus
554 791 637 822 debet
650 792 680 822 in
696 792 814 822 dubium
829 802 967 823 revocare.

194 828 266 860 Hoc
291 829 336 860 ille
358 829 512 868 Imperator
534 829 800 869 Christianiffimus,
820 831 921 861 scilicet
942 831 1163 872 Constantinus,
1180 842 1221 864 te-

157 867 242 899 status
262 867 319 907 est,
337 868 450 907 dicens,
465 869 560 900 beatus
580 869 677 899 Petrus
699 869 809 899 videtur
822 871 851 899 in
867 870 962 900 Terris
975 871 1102 901 Vicarius
1113 871 1172 901 Dei
1186 872 1221 902 fi-

157 907 187 937 lii
206 906 390 945 constitutus,
430 907 475 944 Ex·
490 908 548 938 hoc
567 909 672 938 etenim
691 907 814 951 sequitur
834 908 993 947 evidenter,
1018 910 1098 948 quod
1120 909 1220 942 Petrus

157 945 255 983 Caput
275 945 449 977 Universalis
469 946 604 976 Ecclesiae
625 945 717 984 potest
736 946 808 984 dici,
830 946 901 977 'uxta
915 957 1026 978 morem
1039 948 1119 978 illum
1134 950 1219 980 sacrae

152 983 326 1030 Scripturae,
345 987 404 1022 quo
430 984 540 1015 Reitor
561 984 673 1022 alicujus
694 983 812 1015 Multitu
836 987 885 1015 inis
906 985 1007 1017 dicitur
1031 987 1087 1017 esse
1106 986 1219 1026 Caput,

156 1022 233 1052 unde
253 1022 355 1060 legitur
375 1024 403 1053 in
419 1023 517 1061 joele,
535 1022 793 1063 Congregabuntur
809 1023 872 1053 Filii
885 1022 979 1062 Judaei
992 1027 1025 1057 ὃς
1041 1026 1105 1056 Filii
1117 1025 1194 1057 Israel
1208 1050 1218 1066 ,

154 1062 191 1093 ’ὃς
229 1071 316 1092 orient
330 1062 378 1091 sibi
395 1061 490 1100 Caput
504 1061 628 1100 Unum,
647 1063 675 1092 id
690 1061 731 1091 est
746 1062 912 1093 Rectorem.

217 1100 317 1130 ‘onstat
338 1109 432 1131 autem
453 1100 533 1139 quod
556 1100 672 1131 beatum
693 1095 829 1139 Petrum,
848 1112 884 1131 eo
897 1101 974 1140 ipso,
992 1103 1072 1140 quod
1089 1102 1219 1136 Christus

158 1138 210 1169 fibi
227 1139 373 1168 commisit
395 1149 490 1169 curam
510 1138 616 1176 Gregis
630 1138 800 1177 Dominici,
819 1140 907 1208 ispsum
920 1141 1044 1179 ejusdem
1059 1141 1161 1182 Gregis
1177 1144 1219 1174 vi-

155 1178 236 1208 detur
249 1176 423 1208 constituisse
437 1177 594 1208 Rectorem
605 1200 614 1216 ,
630 1179 663 1208 ὅτ.
674 1200 682 1215 ,
700 1187 749 1218 per
764 1188 818 1208 con
831 1188 952 1216 equens,
970 1178 1075 1217 Caput.

196 1215 327 1246 Fatemur
350 1224 444 1247 tamen
486 1226 554 1246 cum
576 1215 735 1254 Apostolo,
759 1217 840 1254 quod
866 1217 995 1247 Christus
1022 1218 1158 1250 Ecclesiae
1178 1219 1218 1250 est

159 1263 260 1284 verum
282 1253 378 1294 Caput
397 1256 430 1286 ὃς
446 1238 615 1295 Principale,
633 1254 682 1285 sub
698 1264 756 1294 quo
772 1263 866 1285 tamen
881 1255 979 1286 Petrus
993 1255 1087 1295 Caput
1101 1257 1219 1296 dicitur,

161 1292 318 1323 secundum
343 1293 464 1325 modum
491 1293 663 1332 praedictum
682 1304 691 1328 ς
717 1293 868 1323 secundum
893 1304 979 1332 quem
998 1296 1120 1326 modum
1136 1319 1146 1334 ,
1169 1297 1219 1327 sub

150 1329 279 1361 'Christo
295 1328 395 1371 Capite
409 1333 441 1363 ὃς
457 1330 544 1362 Petro
557 1332 644 1362 multa
657 1330 759 1369 Capita
775 1333 946 1369 particularia
961 1333 1074 1372 possunt
1089 1335 1219 1373 dici,sic-

159 1377 191 1399 ut
213 1369 371 1400 Patriarclia
399 1369 523 1400 fidelium
550 1368 750 1400 Patriarchatfis
777 1370 833 1408 sui,
853 1371 886 1401 δε
907 1370 1141 1411 Archiepiscopus
1163 1374 1219 1404 Ar-

164 1407 404 1448 chiepiscopatsis,
420 1409 452 1439 ὃς
472 1408 625 1446 Episcopus
650 1408 833 1446 Episcopatus
852 1409 907 1447 sui,
926 1410 964 1441 sic
981 1411 1110 1442 videmus
1123 1412 1202 1450 quod
1209 1435 1219 1451 ,

157 1446 227 1478 licet
250 1447 378 1477 Christus
401 1447 432 1477 fit
453 1447 587 1477 Ecclesice
607 1444 759 1487 principale
780 1448 813 1478 &
836 1449 960 1486 primum
976 1449 1219 1489 Fundamentum,

158 1486 232 1523 juxta
254 1485 322 1515 illud
342 1485 493 1523 Apostoli,
527 1485 759 1516 Fundamentum
780 1494 875 1516 autem
899 1497 986 1517 nemo
1002 1489 1094 1527 potest
1114 1499 1219 1527 ponere

181 1533 259 1554 raeter
273 1523 356 1561 illud,
376 1524 453 1562 quod
470 1524 592 1562 positum
608 1523 664 1563 est,
679 1524 756 1564 quod
771 1523 812 1554 est
826 1524 955 1555 Christus
964 1526 1073 1565 Jhesus:
1093 1528 1126 1558 ὃ(
1140 1528 1219 1566 alibi,

161 1561 462 1631 &fflkssffssissss
483 1562 1219 1639 {sniisssiassz‘itsipzffffliiassgffirfiaffss‘ssiss’

162 1648 225 1669 rum
247 1639 280 1670 &
297 1637 501 1677 Prophetarum
510 1611 532 1677 ,p
535 1640 595 1680 ipso
609 1639 732 1670 Summo
748 1640 856 1679 Lapide
870 1640 1003 1681 Angulari
1019 1615 1138 1674 Chi-isto
1149 1643 1220 1682 Jlie-

160 1677 206 1715 su,
225 1677 254 1707 id
275 1677 333 1715 est,
350 1678 431 1717 quod
455 1678 683 1709 Fundamentum
698 1678 740 1709 est
754 1678 1007 1719 Christuthesus,
1025 1690 1119 1712 tamen
1136 1684 1220 1712 etiam

160 1715 294 1755 Apostoli
315 1717 450 1747 dicuntur
470 1717 715 1755 Fundamentum,
731 1718 808 1755 juxta
829 1718 895 1747 illud
920 1719 1089 1759 Psalmistae,
1108 1720 1220 1752 Funda-

160 1764 256 1785 menta
270 1755 344 1794 ejus,
363 1756 382 1785 i.
397 1766 421 1785 e.
436 1754 585 1793 Ecclesiae,
604 1756 632 1785 iri
648 1755 801 1786 Montibus
813 1756 917 1787 sanctis.

146 1797 150 1800 “
195 1792 250 1832 Et,
267 1793 423 1824 secundum
437 1794 512 1824 hunc
529 1794 666 1832 modum,
683 1792 812 1824 Christus
827 1794 935 1825 videtur
948 1795 1066 1827 Petrum
1081 1798 1222 1836 praedixis—

159 1831 186 1863 ie
205 1832 331 1862 futurum
351 1831 485 1862 Ecclefiae
506 1832 752 1870 Fundamentum,
769 1832 840 1863 crim
862 1833 949 1872 dixit,
968 1843 998 1866 tu
1017 1845 1046 1866 es
1060 1835 1173 1877 Petrus,
1189 1838 1222 1870 &

158 1870 240 1908 super
253 1870 325 1901 hanc
339 1869 451 1901 Petram
466 1870 613 1901 aedificabo
628 1869 782 1901 Ecclesiam
797 1881 901 1902 meam.

199 1908 308 1947 Unde,
326 1908 395 1939 sicut
407 1908 538 1940 Christus
553 1909 655 1940 dicitur
670 1909 790 1940 Sanetus
805 1909 995 1949 San&orum,
1009 1911 1075 1944 Rex
1090 1913 1223 1954 Regum,

160 1946 306 1977 Dominus
330 1946 551 1978 Dominantium
568 1971 577 1986 ,
596 1947 633 1978 sic
647 1970 657 1986 ,
675 1947 913 1988 similitudinarie,
932 1949 1030 1981 Pastor
1052 1951 1224 1993 Pastorum,

159 1987 194 2017 &
215 1984 311 2026 Caput
332 1984 481 2025 Capitum,
504 1987 537 2018 ὅ(
560 1986 789 2018 Fundamentum
810 1986 1076 2021 Fundamentorum
1091 1990 1224 2023 Eccleiiae

147 2023 251 2063 'potest
263 2024 329 2055 dici.

198 2062 246 2093 Sic
268 2063 368 2102 igitur,
388 2074 421 2094 ex
444 2064 601 2104 praediffls,
618 2074 692 2103 patet
712 2064 793 2104 quod
811 2064 927 2105 Petrus,
944 2066 1100 2099 secundum
1122 2069 1225 2108 praedi-

159 2100 240 2132 &um
257 2102 376 2133 modum
386 2126 395 2142 ,
415 2102 509 2144 Caput
522 2105 562 2135 est
577 2104 714 2135 Ecclesiae
725 2105 758 2136 ὃ(
771 2113 899 2136 vocatur.

195 2139 232 2171 Et
252 2140 309 2171 hoc
332 2141 440 2172 videtur
463 2142 609 2181 Christus,
633 2144 662 2174 in
685 2143 865 2184 impositione
886 2145 1029 2184 nominis,
1053 2145 1109 2177 defi
1131 2147 1224 2187 nasse,

159 2178 231 2209 dixit
251 2180 328 2210 enim
348 2180 414 2219 sibi,
430 2181 498 2212 ficut
519 2181 618 2221 legitur
633 2183 662 2213 in
675 2181 723 2221 Jo.
740 2191 769 2212 tu
784 2183 929 2213 vocaberis
943 2183 1054 2221 Cephas
1069 2194 1075 2214 2
1110 2155 1225 2226 {Zephas

159 2226 253 2248 autem
270 2218 377 2250 Graece
393 2221 588 2260 interpretatur
609 2220 703 2259 Caput
720 2221 839 2259 Latine,
856 2221 932 2252 unde
946 2221 1151 2255 Constantinus
1163 2225 1225 2255 lm-

162 2266 273 2294 perator
288 2280 298 2296 ,
321 2257 356 2288 de
378 2257 513 2289 Romana
534 2259 659 2290 Ecclesia
678 2259 812 2298 loquens,
837 2260 922 2299 dicit,
947 2261 1026 2300 quod
1050 2261 1226 2302 Principatus

162 2295 364 2335 Sacerdotum,
383 2297 416 2327 &
438 2296 608 2329 Christianae
625 2297 784 2336 Religionis
798 2297 908 2338 Caput,
926 2299 962 2330 ab
977 2299 1148 2340 Imperatore
1164 2312 1226 2334 coe-

162 2333 223 2363 lesti
239 2334 405 2365 constitutus
418 2335 459 2365 est
475 2336 591 2367 Romae.

193 2371 363 2438 Austinianus
385 2383 516 2413 quoque,
533 2376 562 2405 in
582 2374 702 2415 quadam
722 2374 865 2415 Epistola,
880 2375 1005 2414 Johanni
1027 2376 1113 2417 Papae
1129 2379 1226 2418 missii,

162 2416 191 2439 te
217 2419 276 2440 atur
290 2411 369 2448 haec,
384 2413 497 2450 dicens,
516 2412 591 2443 Non
608 2415 730 2450 patimur
743 2415 894 2452 quicquam
904 2437 913 2452 ,
932 2415 1009 2452 quod
1023 2415 1056 2446 ad
1072 2416 1226 2448 Ecclesiam

164 2449 312 2487 pertineat,
330 2451 457 2488 quamvis
479 2450 660 2481 manifestum
680 2452 713 2482 ὃ(
735 2451 921 2482 indubitatum
943 2453 992 2491 sit,
1009 2454 1088 2493 quod
1109 2456 1227 2486 innove-

164 2494 227 2524 tur,
245 2495 275 2517 ut
298 2497 356 2517 non
377 2488 433 2518 hoc
455 2488 483 2518 S.
505 2488 541 2518 V.
568 2499 631 2527 quae
647 2488 740 2526 Caput
755 2489 795 2520 est
811 2490 998 2521 Ecclesiarum
1012 2494 1163 2533 omnium,
1182 2496 1225 2525 in-

164 2525 306 2564 notescat,
327 2527 412 2556 etiam
435 2527 502 2557 alibi
524 2527 559 2557 sic
582 2527 665 2566 dicit,
681 2527 792 2557 Summi
814 2527 998 2559 pontificatus
1020 2531 1129 2567 apicem
1150 2534 1225 2571 apud

163 2562 329 2593 Romanam
355 2564 508 2595 Ecclesiam
524 2565 596 2604 esse,
615 2567 754 2606 ipsamque
769 2567 830 2596 fore
845 2567 999 2599 Sacerdotii
1014 2569 1157 2612 Fontem,
1175 2582 1226 2603 ne-

165 2610 218 2631 mo
231 2602 271 2632 est
287 2603 334 2641 qui
348 2603 473 2641 dubitet,
494 2604 522 2634 id
535 2603 592 2642 est,
610 2606 657 2643 qui
671 2604 754 2634 debet
768 2605 901 2637 dubitare.

185 2678 191 2683 ·
204 2640 371 2672 Ludovicus
384 2650 479 2672 autem
495 2642 648 2683 Imperator
661 2643 774 2674 beatum
787 2643 902 2675 Petrum
919 2644 1126 2685 Apostolorum
1141 2648 1225 2679 Prin-

165 2688 261 2716 cipem
277 2685 371 2710 vocat.

203 2716 298 2756 Qiod
319 2726 412 2749 autem
433 2718 532 2749 Beatus
556 2719 652 2750 Petrus
673 2720 752 2759 plus,
776 2730 862 2759 quam
882 2721 925 2751 alii
949 2722 1098 2762 Apostoli,
1127 2724 1223 2756 habuit

164 2754 367 2795 Auctoritatis,
384 2767 417 2787 cx
431 2758 572 2795 praediffls
588 2760 671 2788 etiam
685 2758 864 2790 concluditur
878 2760 1027 2792 evidenter.

190 2793 322 2837 ,Certum
336 2796 377 2826 est
391 2798 469 2826 enim
480 2797 561 2835 quod
580 2798 671 2835 major
682 2797 724 2827 est
737 2798 881 2828 auctoritas
896 2798 1032 2838 Pastoris,
1046 2802 1131 2838 quam
1147 2800 1223 2831 Gre-

165 2841 209 2868 gis
225 2842 232 2861 ε
257 2832 354 2863 Petrus
371 2843 466 2864 autem
489 2837 572 2865 totius
586 2834 687 2874 Gregis
700 2836 839 2867 dominici
856 2838 989 2873 generalis
1003 2838 1169 2869 constitutus
1183 2840 1224 2869 est

164 2869 338 2939 Pastfi‘3·‘³t
362 2874 512 2910 probatum
535 2873 576 2904 est
599 2874 734 2914 superius,
754 2875 832 2913 quod
851 2876 887 2906 de
908 2877 986 2908 nullo
1007 2879 1061 2908 alio
1081 2877 1224 2917 Apostolo

161 2917 230 2949 pote
291 2920 334 2940 ici.

202 2947 359 2993 Praeterea,
377 2948 487 2979 constat
507 2949 586 2989 quod
610 2949 706 2989 Major
721 2951 761 2982 est
777 2962 835 2982 non
850 2952 982 2985 Limitata
998 2954 1156 2985 Auc‘toritas
1174 2955 1223 2985 Li-

167 2994 267 3016 mitata
283 2997 288 3016 :
310 2997 412 3018 omnes
430 2997 523 3018 autem
542 2988 586 3018 alii
607 2989 738 3028 Apostoli
761 3000 923 3031 receperunt
936 2993 1081 3023 limitatam
1096 2993 1222 3024 Potesta-

167 3031 244 3061 tem,
262 3025 319 3055 five
337 3025 414 3094 supra
432 3036 534 3057 verum
551 3036 654 3064 corpus
667 3027 774 3058 Christi
789 3029 1018 3068 conficiendum,
1035 3032 1202 3062 sumendum
1213 3056 1222 3071 ,

165 3063 200 3105 53<
217 3063 273 3093 aliis
286 3065 368 3094 minii
383 3065 520 3102 randum,
539 3075 601 3102 quae
617 3066 730 3103 quidem
748 3067 921 3107 Auctoritas,
939 3069 982 3099 seu
996 3070 1135 3108 Potestas,
1153 3071 1221 3109 fuit,

168 3111 196 3130 in
219 3102 307 3133 coensi
330 3102 471 3141 Domini,
501 3104 635 3134 omnibus
658 3104 800 3142 Apostolis
823 3108 975 3146 attributa,
1001 3109 1034 3139 ὃς
1057 3110 1140 3138 etiam
1160 3110 1221 3148 illa,

165 3148 265 3207 fluam,
283 3140 347 3178 post
361 3141 623 3179 Resurreffionem,
642 3142 787 3173 Dominus
801 3144 878 3181 supra
893 3155 992 3184 corpus
1005 3146 1157 3177 Misticum
1170 3148 1221 3178 de-

189 3179 210 3208 it
232 3179 296 3217 illis,
314 3180 430 3218 dicens,
454 3180 590 3219 Qorum
607 3181 760 3212 remiseritis
782 3192 912 3221 peccata,
938 3185 1066 3215 Remissa
1086 3186 1165 3223 sunt,
1187 3188 1220 3216 δε

165 3226 291 3259 quorum
314 3220 479 3249 retinueritis
493 3242 502 3257 ,
527 3218 649 3249 Retenta
666 3220 751 3258 sunt,
775 3221 829 3249 live
850 3221 878 3250 in
898 3222 1082 3260 Ascensione,
1107 3225 1220 3261 quando

165 3255 234 3285 dixit
255 3257 311 3294 eis,
327 3256 432 3287 Euntes
452 3266 519 3297 ergo
537 3258 640 3288 docete
653 3267 752 3288 omnes
766 3260 781 3275 ³*
797 3258 923 3297 Gentes,
941 3261 1110 3297 baptizantes
1125 3263 1152 3291 iu
1165 3272 1220 3291 no-

164 3294 242 3324 mine
256 3293 359 3331 Patris,
375 3296 434 3326 &o
449 3296 478 3325 iri
496 3296 582 3325 Petro
594 3305 706 3335 autem,
726 3297 780 3326 line
795 3297 962 3328 limitatione
975 3299 1080 3337 aliqua,
1095 3302 1218 3330 commi-

164 3333 196 3363 sit
210 3342 308 3363 curam
322 3333 475 3364 Dnminici
488 3333 609 3374 Gregis,
628 3335 698 3365 cum
713 3335 761 3364 sibi
775 3335 859 3373 dixit,
878 3335 961 3366 Pasce
973 3336 1051 3366 Oves
1065 3347 1153 3375 meas,
1172 3348 1218 3382 pa-

166 3371 211 3401 sce
232 3371 332 3411 Agnos
353 3382 432 3402 meos
449 3384 454 3389 ·
496 3371 586 3411 Item,
606 3373 654 3403 sibi
675 3373 740 3411 soli,
758 3374 794 3403 ita
817 3374 896 3413 quod
913 3375 980 3404 nulli
993 3375 1034 3404 alii
1051 3375 1220 3412 singulariter

168 3409 252 3448 dixit,
271 3411 340 3440 Tibi
352 3411 426 3441 dabo
439 3396 540 3441 Claves
554 3411 648 3450 Regni
660 3412 817 3450 coelorum,
833 3412 866 3442 &
879 3413 1083 3452 quodcumque
1096 3414 1221 3451 ligaveris

168 3447 249 3484 super
268 3449 406 3488 Terram,
425 3450 475 3479 crit
494 3450 608 3487 ligatum
627 3450 661 3480 &
677 3451 706 3479 in
723 3449 832 3489 Coelis,
851 3451 882 3481 ὃς
895 3452 1098 3490 quodcumque
1111 3453 1221 3483 solveris

168 3485 248 3522 super
267 3487 405 3525 Terram,
424 3489 475 3518 erit
485 3488 606 3518 solutum
619 3488 652 3518 δε
669 3489 698 3517 in
712 3487 812 3518 Coelis.

205 3523 280 3555 Haec
299 3535 410 3564 autem,
428 3528 457 3556 in
477 3526 585 3556 Sandio
607 3526 697 3557 Lucae
719 3526 896 3566 Evangelio,
915 3526 1011 3565 Jhesus
1032 3528 1141 3559 videtur
1161 3529 1221 3560 satis

167 3571 294 3602 congrue
313 3564 483 3602 designalle,
499 3566 559 3603 ubi,
575 3565 691 3603 loquens
713 3564 798 3595 Petro
811 3566 844 3596 δε
859 3566 932 3602 aliis,
950 3566 1034 3603 dixit,
1054 3566 1122 3597 Duc
1138 3569 1165 3598 in
1184 3569 1222 3598 al-

169 3607 232 3642 tum
242 3624 251 3638 ,
266 3602 299 3631 ὃ(
312 3603 428 3632 relaxate
442 3602 525 3633 Retia
540 3605 569 3633 iri
584 3612 743 3641 capturam,
756 3604 805 3634 soli
818 3604 893 3634 enim
905 3603 992 3634 Petro
1006 3605 1092 3643 dixit,
1106 3606 1138 3635 &
1155 3607 1222 3636 nulli

171 3638 235 3675 alii,
253 3639 308 3669 duc
330 3641 360 3669 in
383 3640 500 3678 Altum,
519 3641 670 3681 significans
686 3642 765 3680 quod
778 3642 831 3672 adi
854 3643 912 3672 sum
926 3642 1014 3672 solum
1030 3644 1178 3679 pertineret
1192 3646 1222 3674 in

173 3675 270 3717 Altum
287 3679 305 3707 i.
323 3688 347 3707 e.
361 3680 390 3708 in
405 3678 582 3709 Profundum
595 3680 810 3719 disputationum
829 3652 852 3710 l}
855 3681 907 3710 idei
919 3680 1003 3710 dubia
1018 3680 1139 3711 diffinire
1154 3693 1159 3712 ;
1179 3683 1223 3712 81-

174 3713 205 3740 bi
215 3723 307 3754 autem
322 3717 354 3746 &
366 3718 440 3755 aliis,
460 3718 536 3755 quod
549 3718 684 3757 sequitur,
703 3719 789 3757 dixit,
806 3719 910 3749 Laxate
928 3719 1007 3749 Retia
1023 3721 1052 3748 iri
1069 3730 1222 3759 capturam,

173 3759 236 3787 quia
249 3762 348 3794 omnes
370 3755 521 3792 Apostolos
536 3756 679 3786 constituit
693 3757 851 3795 hujusmodi
864 3757 1031 3795 Piscatores,
1046 3758 1124 3795 Juxta
1138 3760 1222 3798 illud,

174 3789 253 3824 quod
274 3800 302 3818 in
323 3791 428 3834 Sancto
450 3794 582 3833 Evangeli
602 3795 716 3826 Mai-chi
737 3795 833 3825 dixisse
848 3797 945 3835 legitur
959 3795 1104 3836 Christus,
1122 3797 1223 3828 Venite

175 3824 239 3863 post
256 3836 317 3864 me,
335 3830 366 3858 &
382 3832 480 3860 faciam
492 3842 543 3861 vos
556 3833 721 3863 Hominum
734 3834 893 3865 Piscatores-

214 3863 283 3906 lfloc
305 3874 432 3910 quoque,
449 3870 568 3909 scilicet,
586 3872 664 3909 quod
685 3872 782 3902 Petrus
795 3873 854 3912 plus
868 3875 977 3903 caeteris
993 3872 1133 3913 Apostolis
1147 3884 1224 3904 rece-

175 3910 247 3944 perit
269 3903 451 3945 auetoritatiS,
469 3917 578 3944 apparet
599 3919 632 3938 ex
653 3911 761 3940 multis.
779 3921 841 3949 quse
856 3911 1030 3951 Jhesusiibi,
1049 3913 1082 3942 &
1097 3912 1132 3942 de
1147 3913 1224 3951 ipso,

174 3940 231 3969 aliis
249 3939 339 3982 dixit,
353 3951 468 3984 ‚necnon
489 3946 520 3974 ὅ(
544 3956 576 3975 ex
598 3948 690 3977 multis
704 3972 714 3986 ,
735 3959 798 3986 quae
820 3949 923 3987 ipsum,
939 3950 1002 3989 post
1026 3951 1223 3982 Ascensionem

171 3977 313 4017 Domini,
331 3979 444 4018 dixille,
460 3982 492 4013 ὃς
509 3982 619 4023 feciss'e,
638 3986 769 4026 scriptura
781 3986 853 4018 sacra
866 3987 986 4019 testatur.

653 116 1466 175 CONVENTIONES,
1521 118 1921 174 LITERAE,

1308 207 1352 239 Ex
1375 208 1516 249 praediffls
1533 210 1628 247 itaque
1651 217 1742 254 patet,
1760 208 1840 249 quod
1861 207 1962 239 Petrus
1976 218 1992 239 a
2005 207 2124 240 Christo
2135 209 2189 242 fuit
2203 209 2332 244 Vicarius

2054 322 2083 353 C

1355 327 1476 363 otiatus,
1500 335 1534 356 ex
1553 324 1652 363 quibus
1671 324 1792 364 sequitur
1807 347 1818 363 ,
1842 323 1923 363 quod
1946 324 1996 355 fibi
2019 333 2035 354 a
2127 323 2172 354 sto
2193 327 2331 366 amplior,

1269 364 1356 401 quam
1371 363 1426 393 aliis
1438 363 1598 402 Apostolis,
1614 364 1743 393 attributa
1757 363 1808 393 fuit
1823 363 1984 394 Auctoritas
1997 362 2031 392 δί
2048 360 2192 400 Potestas,
2206 363 2275 396 hinc
2289 366 2331 396 est

1268 401 1348 440 quod
1362 401 1512 440 Clemens,
1531 402 1650 439 ejusdem
1663 401 1741 432 Petri
1756 401 1908 431 Successor
1922 401 1956 431 &
1969 399 2145 440 Discipulos,
2158 401 2246 440 dixit,
2260 402 2331 436 Nec

1268 439 1341 469 inter
1361 440 1432 478 ipsos
1446 440 1600 479 Apostolos
1614 450 1663 479 par
1678 440 1731 471 fuit
1744 439 1901 478 Institutio,
1915 439 1955 471 set
1966 439 2102 470 omnibus
2116 438 2229 480 praefuit
2243 451 2331 482 unus,

1268 477 1390 517 scilicet,
1407 477 1513 509 Petrus.

1304 561 1360 593 Τε
1371 572 1394 594 R
1404 571 1427 593 *r
1436 572 1447 593 1
1457 573 1495 602 o,
1514 564 1557 594 isti
1572 564 1634 595 Filii
1649 563 1749 603 Belial,
1763 563 1878 595 asserere
1890 574 1950 595 non
1964 565 2112 603 verentur,
2127 565 2208 604 quod
2220 565 2255 597 ad
2268 565 2328 597 Im-

1268 609 1424 640 peratorem
1439 601 1541 640 spectat
1558 602 1664 640 Papam
1677 603 1836 642 instituere,
1851 605 1884 634 &
1900 602 2067 642 destituere,
2083 613 2117 634 ac
2131 605 2247 644 punire,
2263 615 2328 645 quae

1268 641 1307 671 uti
1328 649 1364 669 ue
1377 641 1458 670 omni
1468 639 1530 679 juri
1543 641 1663 672 obviant
1677 642 1711 673 δε
1726 650 1888 680 repugnant.

1340 687 1356 708 e
1373 679 1469 716 primo
1482 679 1615 717 quidem,
1632 679 1697 718 post
1711 678 1876 719 Christum,
1893 680 1978 712 Novi
1994 679 2188 720 Testamenti,
2206 682 2338 714 Summcr

1268 716 1428 753 Pontifice,
1444 717 1565 755 scilicet,
1584 716 1672 748 Petro
1685 726 1775 758 patet,
1792 720 1870 757 quod
1884 729 1945 750 non
1957 719 1994 751 ab
2008 718 2181 758 Imperatore
2195 720 2328 759 Tempo-

1267 755 1336 793 rali,
1353 756 1398 786 seu
1411 754 1561 794 Terreno,
1579 755 1745 786 constitutus
1762 756 1837 796 Papa
1851 757 1954 798 fuerit,
1971 758 2016 789 sed
2031 768 2047 788 a
2060 757 2196 797 Christo,
2212 759 2327 790 dicente

1266 794 1317 824 fibi
1331 795 1381 826 soli
1393 793 1460 824 illud
1469 793 1625 832 Johannis,
1641 793 1725 825 Pasce
1737 794 1816 826 Oves
1830 806 1923 835 meaS,
1942 797 2021 838 pasce
2034 796 2137 834 Agnos
2154 807 2234 828 meos
2247 808 2253 828 z
2276 808 2326 836 per

1266 832 1437 902 quaedigrba
1451 832 1540 871 ipsum
1553 832 1634 863 suum
1648 831 1796 864 VIcarium
1809 836 1965 874 generalem
1979 835 2142 874 constituit,
2157 844 2188 867 ut
2202 845 2277 876 patet
2293 844 2327 867 ex

1286 880 1324 901 rae
1387 881 1416 901 is.

1266 882 1285 909 p
1301 909 1406 940 Adhuc
1423 908 1458 939 de
1479 908 1530 939 illis
1545 908 1669 940 Summis
1682 909 1886 949 Pontificibus,
1900 912 1948 949 qui
1962 912 2074 944 fuerunt
2087 922 2150 944 ante
2162 913 2327 944 Constanti-

1265 957 1335 978 num
1361 956 1498 986 magnum
1519 947 1743 986 Imperatorem,
1761 950 1842 987 quod
1861 949 1984 987 ipsorum
2001 951 2142 983 Institutio
2154 953 2189 983 ad
2203 952 2328 992 Impera-

1264 994 1338 1017 tores
1355 997 1415 1018 non
1434 986 1612 1025 pertinuerit,
1630 987 1689 1017 fiatis
1706 987 1791 1026 liquet
1806 988 1913 1018 volenti
1925 990 2100 1026 acquiescere
2113 992 2238 1029 veritatis,
2257 991 2327 1022 cum

1264 1026 1343 1055 enim
1365 1025 1423 1056 fere
1443 1034 1545 1054 omnes
1568 1023 1752 1063 Imperatores
1770 1025 1840 1056 illius
1861 1028 1995 1066 temporis
2016 1029 2120 1060 fuerint
2134 1029 2329 1067 Ydololatrae,

1265 1073 1298 1094 ac
1321 1064 1399 1094 Fidei
1420 1060 1595 1101 Catholicae,
1615 1064 1647 1093 &
1668 1062 1908 1093 Orthodoxorum
1929 1064 2118 1106 Pontificum,
2136 1068 2329 1099 Persecutores

1264 1102 1443 1140 atrocissimi,
1461 1102 1533 1132 adeo
1549 1101 1630 1140 quod
1644 1111 1743 1132 omnes
1757 1102 1834 1139 fere,
1847 1112 1862 1132 a
1877 1102 1962 1133 beato
1977 1102 2079 1143 Petro,
2093 1106 2228 1137 inclusive
2243 1107 2278 1137 us
2294 1117 2329 1136 ue

1265 1140 1298 1170 ad
1312 1141 1424 1171 bonum
1441 1140 1625 1179 Silvestrum,
1643 1140 1798 1171 effecerunt
1812 1139 1958 1179 lxslarrires,
1975 1142 2054 1180 quod
2068 1143 2102 1173 ad
2117 1154 2164 1174 eos
2184 1116 2327 1182 Papae‘ln·

1266 1179 1372 1210 stitutio
1392 1180 1514 1218 potuerit
1535 1180 1672 1217 pertinere
1689 1178 1768 1210 nullo
1790 1179 1881 1209 modo
1903 1180 1999 1218 utique
2012 1181 2090 1211 credi
2101 1182 2202 1220 debet,
2223 1193 2278 1214 nec
2292 1184 2329 1214 de

1265 1217 1324 1255 ipso
1347 1217 1556 1256 Constantino,
1574 1217 1657 1257 usque
1676 1217 1711 1248 ad
1724 1218 1799 1248 suam
1812 1217 2040 1248 Conversionem
2054 1219 2088 1250 ad
2103 1219 2204 1251 Fidem
2217 1219 2328 1253 Catho-

1264 1257 1366 1293 licam,
1384 1257 1464 1296 quod
1486 1256 1520 1287 ad
1537 1266 1603 1287 eum
1622 1255 1708 1294 Papae
1722 1255 1864 1286 Institutio
1879 1257 2058 1296 pertinuerit,
2075 1257 2133 1288 dici
2146 1259 2255 1299 potest,
2270 1271 2326 1292 nec

1264 1305 1312 1335 per
1333 1294 1560 1326 conversionem
1582 1294 1616 1324 ad
1631 1295 1718 1326 fidem
1732 1295 1788 1325 hoc
1804 1294 1908 1333 affequi
1921 1297 2029 1335 potuit,
2048 1297 2119 1326 cum
2133 1307 2182 1334 per
2195 1308 2259 1328 eam
2272 1297 2327 1330 Pa-

1265 1344 1309 1371 pae
1326 1333 1409 1364 Filius
1424 1335 1456 1365 ὃς
1470 1332 1629 1371 Discipulus
1641 1333 1759 1364 effed‘tus
1773 1334 1854 1364 fuerit
1866 1334 1899 1364 &
1914 1334 2061 1372 subjectus.

1303 1371 1457 1412 Praeterea,
1475 1372 1544 1402 ciirn
1565 1371 1718 1409 Imperator
1732 1371 1804 1410 ipse,
1823 1371 1887 1409 post
1900 1372 2058 1411 susceptum
2072 1372 2264 1413 Baptismum,
2283 1375 2329 1405 iri-

1265 1413 1438 1441 conveniens
1460 1411 1626 1448 reputaverit
1648 1412 1681 1442 &
1695 1410 1845 1449 injustum,
1864 1410 1961 1450 quod,
1976 1412 2025 1442 ubi
2040 1411 2217 1450 Principatus
2227 1412 2326 1443 Sacer-

1264 1450 1382 1488 dotum,
1401 1451 1434 1480 &
1456 1448 1628 1479 Christianae
1650 1449 1807 1488 Religionis
1829 1447 1942 1488 Caput,
1960 1450 1996 1479 ab
2019 1449 2193 1488 Imperatore
2207 1450 2328 1482 Coelesti

1265 1488 1425 1518 institutum
1440 1487 1526 1519 fuerat
1536 1511 1546 1526 ‚
1563 1487 1708 1526 videlicet,
1729 1487 1856 1526 Romae,
1874 1487 1930 1518 illic
1945 1487 2099 1526 Imperator
2112 1489 2256 1520 Terrenus
2270 1489 2328 1520 Po-

1265 1526 1391 1557 testatem
1406 1527 1520 1557 haberet
1535 1537 1541 1556 :
1576 1526 1701 1566 Ideoque
1714 1525 1818 1556 Sedem
1832 1525 2008 1566 Imperialem
2023 1527 2156 1558 Silvestro
2171 1527 2209 1558 Pa
2230 1538 2255 1558 ae
2270 1538 2331 1559 ces-

1265 1565 1342 1604 serit,
1362 1566 1395 1596 &
1408 1566 1442 1595 ad
1457 1574 1544 1605 partes
1559 1564 1715 1595 Orientales
1730 1563 1847 1603 Imperii
1861 1566 1894 1596 &
1911 1564 2006 1605 Regni
2022 1566 2188 1597 transtulerit
2228 1566 2330 1598 oresta—

1266 1611 1344 1640 tem5
1367 1604 1460 1634 multo
1474 1604 1572 1634 fortius
1582 1602 1716 1640 injustum
1733 1604 1765 1634 ὃς
1779 1604 1982 1634 inconveniens
1995 1603 2036 1634 est
2051 1604 2239 1644 censendum,
2250 1605 2331 1643 quod

1266 1642 1300 1672 ad
1314 1644 1404 1682 ipsum
1420 1641 1623 1682 Imperatorem
1636 1641 1721 1679 Papae
1738 1643 1859 1681 potuerit
1874 1642 2016 1673 Institutio
2030 1644 2186 1682 pertinere,
2205 1644 2239 1674 &
2254 1644 2332 1674 idem

1265 1689 1338 1719 patet
1357 1680 1510 1712 dicendum
1531 1681 1588 1711 elle
1603 1680 1638 1711 de
1650 1679 1763 1711 Graecis
1777 1679 2012 1722 imperatoribus,
2032 1683 2080 1720 qui
2093 1681 2144 1713 sibi
2160 1683 2189 1712 in
2204 1681 2332 1723 Imperio

1266 1719 1460 1750 successerunt.

1304 1758 1398 1797 Quod
1418 1767 1529 1797 autem,
1547 1757 1582 1788 ad
1597 1756 1784 1796 Imperatores
1799 1757 1917 1790 Latinos
1932 1768 1992 1790 non
2005 1760 2184 1800 pertinuerit,
2202 1769 2257 1792 nec
2269 1769 2333 1800 per·

1268 1797 1370 1835 tIneat,
1388 1795 1531 1828 Institutio
1544 1797 1696 1835 supradicsta
1703 1821 1713 1835 ,
1732 1805 1820 1837 patet·

1305 1833 1462 1874 Imperium
1481 1836 1560 1866 enim
1582 1846 1630 1873 per
1647 1835 1753 1873 Papam
1769 1847 1784 1866 a
1795 1821 1907 1867 draecis
1921 1836 2081 1867 transsatum
2096 1836 2138 1867 est
2153 1838 2182 1867 in
2199 1836 2334 1876 Latinos;

1268 1883 1322 1905 nec
1341 1875 1401 1912 plus
1419 1875 1484 1911 juris
1506 1876 1535 1904 in
1549 1874 1636 1913 ipsos,
1654 1876 1740 1912 quam
1755 1875 1828 1912 apud
1843 1873 1966 1906 Graecos
1981 1875 2126 1913 existeret,
2143 1874 2184 1906 Pa
2205 1885 2269 1914 am,
2288 1877 2332 1914 ip—

1268 1913 1330 1943 sum
1344 1913 1573 1951 transferentem,
1592 1912 1710 1952 legimus
1725 1912 1911 1944 transtulisse:
1938 1912 2052 1945 Graecis
2065 1922 2161 1944 autem
2193 1922 2336 1952 mperato-

1270 1952 1361 1990 ribus,
1379 1960 1410 1983 ut
1430 1961 1465 1981 ex
1486 1951 1627 1989 praeditftis
1644 1960 1736 1990 patet,
1755 1951 1814 1982 talis
1834 1962 1894 1983 non
1909 1952 2063 1991 pertinebat
2076 1951 2236 1991 Institutio,
2253 1962 2338 1992 quate

1270 2000 1324 2021 nec
1337 1991 1476 2028 pertInere
1490 1991 1592 2027 poterit
1605 1989 1640 2020 ad
1657 1990 1781 2021 Latinos.

1307 2028 1364 2067 Et,
1381 2029 1401 2060 si
1422 2028 1529 2059 dicatur
1543 2028 1619 2068 quod
1634 2027 1673 2059 Pa
1734 2028 1878 2059 Institutio
1891 2028 1925 2059 ad
1939 2028 2056 2059 Latinos
2069 2027 2255 2068 Imperatores
2270 2033 2337 2069 ρει-4

1271 2068 1340 2098 tinet
1360 2077 1394 2098 ex
1415 2066 1611 2105 concessione,
1628 2077 1667 2108 po
1693 2069 1726 2099 ea
1744 2067 1804 2105 ipsis
1823 2066 1898 2098 faeta
1912 2077 1961 2105 per
1974 2067 2128 2098 Summum
2143 2066 2339 2107 Pontificem,

1272 2107 1318 2137 vel
1334 2105 1471 2137 Summos
1485 2104 1656 2144 Pontifices,
1669 2105 1711 2136 est
1725 2104 1880 2136 dicendum
1892 2105 1973 2146 quod
1986 2105 2061 2136 nulla
2074 2105 2250 2144 Conceffio,
2265 2105 2339 2137 fasta

1272 2155 1322 2183 per
1342 2144 1448 2182 Papam
1467 2144 1591 2183 aliquem
1612 2144 1656 2175 Im
1678 2145 1779 2175 eratori
1798 2143 1845 2175 seu
1866 2143 1911 2175 Im
1948 2144 2099 2183 ratoribus,
2118 2144 2205 2175 debet
2218 2144 2339 2188 intelligi

1272 2183 1352 2221 quod
1370 2183 1419 2222 ipsi
1442 2183 1628 2224 Imperatores
1672 2193 1755 2222 apam
1789 2182 1879 2214 offent
1923 2182 2040 2214 lectioni
2055 2183 2170 2214 Summi
2185 2181 2338 2214 Pontificis

1272 2223 1422 2254 interesse:
1446 2222 1480 2254 &
1498 2222 1578 2262 qu'od
1599 2222 1636 2253 fic
1653 2221 1758 2253 Conce
1782 2231 1861 2253 iones
1878 2222 1933 2252 illae
1946 2221 2062 2262 intelligi
2077 2222 2213 2261 debeant,
2231 2222 2290 2253 satis
2302 2230 2337 2252 ex

1273 2271 1324 2300 eo,
1343 2261 1422 2300 quod
1446 2262 1474 2292 in
1495 2260 1620 2301 quodam
1641 2259 1777 2301 Capitulo
1797 2260 1915 2300 legitur,
1932 2260 1982 2290 ubi
2004 2260 2041 2291 sic
2056 2260 2176 2298 dicitur,
2190 2268 2266 2299 patet
2278 2259 2340 2291 Ve-

1273 2310 1352 2339 rum,
1371 2301 1436 2338 quia
1450 2299 1635 2338 Imperatores
1648 2299 1836 2339 quandoque,
1853 2299 1975 2329 modum
1991 2298 2071 2329 suum
2085 2300 2262 2339 ignorantes,
2277 2307 2339 2330 non

1274 2340 1303 2369 in
1325 2348 1447 2370 numero
1460 2338 1692 2377 consequentium
1701 2361 1711 2377 ,
1726 2338 1765 2369 set
1778 2339 1870 2378 potius
1884 2337 2129 2377 distribuentium,
2145 2338 2238 2368 immo
2250 2345 2339 2369 exrer-

1274 2378 1443 2408 minantium
1458 2377 1513 2408 esse
1525 2377 1691 2414 voluerunt,
1709 2378 1770 2408 &c.

1309 2417 1327 2433 ⁸
1338 2414 1410 2446 Item
1420 2439 1430 2454 ,
1449 2416 1640 2455 Qerimonia
1655 2415 1844 2446 Nunciorum
1860 2415 2004 2447 Ludovici
2019 2414 2214 2455 Imperatoris,
2232 2413 2334 2457 quibus

1274 2455 1303 2484 in
1324 2455 1394 2484 urbe
1417 2455 1614 2493 praesentibus,
1629 2453 1742 2485 Eleffio
1756 2454 1792 2485 de
1808 2453 1884 2494 Papa
1901 2454 2028 2485 Adriano
2041 2453 2183 2490 secundo,
2202 2454 2263 2492 ipsis
2275 2463 2335 2483 non

1273 2494 1379 2524 vocatis
1392 2516 1401 2531 ,
1428 2494 1517 2524 eXtitit
1538 2494 1698 2531 celebrata,
1721 2493 1779 2523 hoc
1801 2493 1925 2523 similiter
1944 2492 2064 2532 probat:
2090 2492 2336 2530 conquerebantur

1274 2534 1369 2569 enim,
1388 2532 1527 2570 dicentes,
1542 2532 1637 2570 quod,
1656 2541 1725 2562 cum
1737 2530 1881 2570 praesentes
1895 2530 1982 2560 essent
1997 2569 2001 2573 .
2017 2539 2076 2573 non
2090 2530 2198 2560 fuerant
2212 2531 2337 2568 invitati,

1273 2579 1327 2601 nec
1345 2571 1449 2600 obtatae
1465 2579 1627 2600 meruerunt
1642 2569 1784 2600 Ele&ioni
1795 2569 1879 2598 futuri
1892 2568 1984 2598 Praesu
1996 2577 2016 2597 is
2030 2569 2165 2598 interesse.

1308 2609 1430 2647 Adhuc,
1446 2610 1510 2647 quia
1529 2607 1657 2638 nonnulli
1678 2607 1862 2647 Imperatores
1882 2606 1935 2636 illo
1954 2605 2107 2646 Privilegio
2119 2607 2194 2637 abusi
2207 2607 2339 2646 fuerunt,

1273 2646 1306 2676 &
1321 2647 1496 2685 frequenter,
1519 2646 1547 2676 in
1560 2645 1775 2677 HaeretIcorum
1792 2644 1908 2682 prolapsi
1923 2644 2066 2683 perfidiam
2076 2669 2085 2683 ‚
2097 2643 2256 2676 Catholicae
2268 2645 2336 2676 Ma-

1273 2685 1318 2714 tris
1337 2684 1471 2715 Ecclesiae
1494 2685 1631 2714 unitatem
1651 2684 1764 2714 fuerunt
1786 2685 1950 2723 impugnare
1964 2684 2076 2720 conati,
2094 2683 2200 2714 Statura
2213 2683 2336 2715 Sanc‘to-

1272 2733 1336 2753 rum
1353 2722 1468 2753 Patrum
1483 2730 1583 2753 contra
1599 2732 1664 2760 eOS,
1685 2722 1798 2752 Sandtae
1812 2730 1842 2752 ut
1855 2722 1880 2751 se
1893 2720 2036 2751 Eleffioni
2051 2721 2137 2762 Papae
2151 2732 2212 2752 non
2226 2723 2337 2762 ingere.

1272 2770 1350 2799 rent,
1370 2761 1550 2799 prodierunt:
1578 2771 1628 2798 ac,
1644 2768 1675 2791 ut
1698 2760 1894 2791 Anathematis
1914 2760 2079 2790 innodarent
2100 2760 2235 2799 vinculo,
2260 2761 2334 2800 quis-

1273 2801 1332 2838 quis
1346 2810 1445 2830 eorum
1457 2799 1596 2838 Suffiagio
1611 2799 1767 2830 Ecclesiam
1779 2799 1922 2829 obtineret
1937 2808 1944 2827 ι
1962 2798 2091 2828 nonnulli
2106 2808 2221 2837 quoque
2236 2798 2334 2838 Impe-

1272 2847 1389 2877 ratores,
1407 2838 1485 2869 ducti
1505 2838 1637 2877 religiosae
1661 2839 1761 2868 mentis
1778 2836 1900 2876 affeciu,
1918 2846 1952 2867 ex
1967 2837 2155 2876 habundanti,
2174 2838 2333 2875 supradidto

1272 2879 1506 2908 renunciaverunt
1519 2876 1688 2916 privilegio,
1703 2886 1733 2907 ut
1747 2884 1820 2914 patet
1834 2885 1868 2905 ex
1882 2884 1980 2906 tenore
1994 2874 2166 2914 Canonum,
2182 2876 2210 2906 su
2231 2886 2261 2907 er
2273 2876 2333 2907 hoc

1269 2915 1454 2985 {ogditorum
1468 2939 1477 2955 ,
1502 2925 1551 2956 per
1571 2925 1657 2956 quOS,
1681 2916 1715 2947 δε
1736 2925 1797 2945 non
1819 2914 1904 2954 alios,
1927 2914 2061 2953 probatur
2084 2914 2186 2946 Conce
2209 2923 2239 2944 io
2255 2922 2333 2945 ante-

1291 2964 1299 2984 1
1333 2965 1356 2984 a.

1308 2992 1461 3031 Praeterea,
1478 2992 1570 3032 legant
1585 2992 1727 3024 Homines
1739 2993 1783 3024 isti
1799 2992 1921 3033 pestiferi
1938 2991 2065 3022 Ystorias
2077 2990 2254 3034 approbatas,
2270 2992 2332 3030 quis

1269 3041 1394 3072 unquam
1416 3031 1490 3069 Papa
1505 3032 1671 3063 Catholicus
1685 3033 1720 3062 ab
1734 3031 1906 3072 Imperatore
1920 3029 2056 3060 institutus
2073 3028 2175 3072 fuerit?
2193 3029 2328 3067 profeCIo

1268 3071 1410 3101 credimus
1432 3070 1512 3109 quod
1533 3071 1641 3101 nullum
1664 3079 1795 3109 poterunt
1810 3069 1929 3108 reperire
1945 3077 1951 3097 ι
1972 3076 2027 3110 ηερ
2039 3066 2214 3111 dubium,.si
2229 3067 2264 3098 ad
2277 3078 2328 3099 eos

1268 3109 1326 3139 talis
1344 3109 1515 3146 pertinuisset
1534 3108 1694 3146 Institutio,
1710 3110 1777 3147 quin
1798 3105 1933 3146 potestate
1954 3105 2068 3148 suissent
2087 3106 2126 3136 usi
2141 3105 2325 3147 huiusmodi,

1268 3149 1301 3179 &
1314 3148 1381 3184 quin
1398 3149 1427 3177 in
1441 3146 1559 3177 Ystoriis
1572 3148 1608 3177 de
1623 3147 1802 3177 Institutione
1814 3145 1859 3175 tali
1875 3143 2153 3187 mentio-haberetur.

1304 3185 1410 3215 DIcere
1427 3194 1521 3215 autern
1544 3184 1629 3224 Papce
1652 3183 1790 3214 institutio
1804 3205 1813 3219 ,
1836 3182 1880 3212 seu
1901 3181 2016 3211 Punitio
2029 3205 2038 3221 ,
2062 3182 2096 3212 ad
2117 3182 2326 3221 Imperatorem

1267 3225 1421 3263 pertineat,
1439 3223 1479 3252 est
1496 3232 1644 3252 erroneum
1666 3222 1699 3252 δε
1720 3221 1846 3251 insanum
1864 3230 1870 3249 ε
1890 3220 2039 3259 quomodo
2057 3222 2135 3251 enim
2149 3222 2183 3252 ad
2202 3220 2326 3260 Impera-

1267 3271 1358 3292 torem
1374 3260 1529 3298 pertinebat
1541 3259 1626 3298 Papae
1641 3259 1816 3290 Destitutio?
1836 3260 1906 3289 cum
1919 3260 1974 3296 ejus
1987 3258 2130 3290 Institutio
2144 3260 2179 3290 ad
2188 3269 2255 3290 eum
2263 3270 2324 3291 non

1266 3301 1414 3337 pertineat,
1433 3307 1463 3328 ut
1484 3307 1518 3328 ex
1541 3298 1684 3336 praedictis
1702 3306 1792 3336 patet,
1810 3297 1876 3328 inde
1898 3299 1976 3327 enim
1996 3299 2078 3328 etiam
2091 3298 2244 3329 secundum
2254 3297 2324 3337 Jura

1266 3336 1440 3404 Ingperialia,
1460 3335 1586 3367 Privatio
1599 3336 1683 3367 debet
1696 3336 1868 3375 procedere,
1886 3337 1962 3366 unde
1973 3335 2062 3367 Datio
2075 3337 2199 3368 noscitur
2210 3345 2325 3376 proces-

1265 3377 1295 3406 sil
1309 3386 1332 3404 e.

1302 3414 1454 3452 Praeterea,
1475 3414 1624 3452 quomodo
1645 3413 1799 3452 Imperator
1813 3413 1980 3451 Principem
1994 3413 2175 3445 Clericorum
2190 3411 2324 3444 destitue-

1267 3461 1295 3481 re
1314 3454 1429 3489 poterit,
1447 3453 1491 3482 vel
1536 3453 1634 3483 unire?
1657 3454 1726 3484 curn
1745 3455 1847 3491 etiam,
1865 3452 2018 3483 secundum
2039 3452 2195 3493 Imperiales
2212 3450 2322 3490 Leges,

1267 3490 1295 3520 id
1312 3492 1339 3520 in
1353 3491 1470 3529 simplici
1482 3491 1510 3521 C
1522 3494 1598 3522 erico
1613 3500 1730 3530 nequeat
1744 3501 1878 3522 exercere.
2157 3527 2162 3533 .

1306 3529 1427 3560 Audiant
1443 3529 1486 3560 isti
1504 3530 1633 3560 homines
1654 3529 1752 3568 perfidi
1775 3530 1842 3569 quid
1864 3530 1939 3560 circa
1959 3529 2016 3560 hoc
2037 3527 2163 3560 nonnulli
2177 3526 2323 3571 Principes

1269 3566 1411 3598 Catholici
1427 3568 1569 3607 senserint,
1589 3569 1623 3599 &
1636 3569 1704 3606 quid
1719 3568 1846 3599 duxerint
1857 3568 2051 3604 sanciendum,
2070 3565 2247 3596 Theodosius
2260 3576 2322 3604 qui-

1267 3606 1334 3635 dem
1359 3607 1391 3637 &
1410 3606 1561 3645 Arcadius,
1579 3606 1763 3646 Imperatores
1776 3606 1935 3645 Catholici,
1952 3605 2073 3643 expresse
2085 3604 2230 3634 sanxerunt
2240 3602 2323 3642 quod

1267 3644 1357 3674 nullus
1375 3643 1478 3682 Episco
1497 3655 1579 3675 orum
1591 3668 1601 3684 ,
1624 3646 1679 3676 five
1700 3655 1814 3690 eorum,
1833 3645 1882 3683 qui
1901 3643 2034 3674 Ecclesiae
2051 3642 2256 3672 necessitatibus
2270 3642 2324 3673 ser-

2387 313 2416 331 v.
2435 313 2448 341 3

2353 2428 2368 2446 ‘
2393 2429 2446 2457 1v.

2354 2476 2421 2505 3¹9·

1268 3684 1360 3720 viunt,
1378 3684 1412 3713 ad
1424 3683 1468 3712 Or
1489 3684 1659 3721 inariorurn,
1678 3684 1733 3714 sive
1747 3682 2054 3718 extraordinariorum,
2072 3680 2206 3723 iudicium
2222 3690 2325 3718 pertra-
2363 3702 2366 3705 -

1268 3720 1383 3759 bantur,
1401 3722 1502 3752 habent
1514 3723 1590 3752 enim
1604 3722 1642 3752 illi
1652 3721 1767 3761 judices
1780 3724 1856 3761 suos,
1870 3729 1924 3751 nec
1938 3720 2088 3758 quicquam
2100 3727 2138 3748 eis
2154 3727 2222 3748 cum
2237 3718 2323 3759 Legi-

1269 3759 1320 3788 bus
1331 3759 1371 3788 est
1383 3770 1548 3790 commune.

1306 3796 1395 3835 Item,
1414 3797 1568 3837 Imperator
1590 3797 1808 3836 Constantinus,
1825 3797 1894 3827 curn
1910 3791 2239 3838 querelamClericorum
2251 3800 2325 3834 quo*

1269 3835 1401 3873 rundam,
1421 3846 1518 3866 coram
1538 3837 1564 3867 se
1584 3837 1782 3874 deferendam,
1799 3834 1987 3872 conspiceret,
2003 3832 2086 3875 dlxlfa
2102 3841 2154 3863 VOS
2173 3843 2188 3863 a
2209 3835 2323 3866 nemine

1272 3873 1427 3904 Laicorum
1450 3874 1561 3911 judicari
1581 3875 1710 3914 potestis,
1729 3876 1778 3913 qui
1799 3872 1858 3902 Dei
1882 3872 1964 3902 solius
1976 3871 2038 3900 estis
2051 3870 2161 3908 judicio
2177 3871 2324 3912 reservati,

1269 3912 1318 3948 δε,
1338 3912 1356 3941 ii
1377 3912 1498 3950 dicatur,
1515 3913 1533 3943 si
1553 3914 1635 3944 solius
1650 3913 1709 3945 Dei
1717 3912 1826 3951 judicio
1839 3908 2022 3953 reservantur,
2039 3918 2107 3947 ergo
2119 3918 2173 3953 nec
2187 3920 2202 3939 a
2212 3910 2324 3949 Judici-

1270 3950 1322 3979 bus
1344 3949 1543 3981 Ecclesiasticis
1585 3961 1697 3982 oterunt
1713 3950 1832 3990 judicari
1888 3946 2041 3989 dicendum
2085 3947 2142 3978 uod
2162 3957 2255 3979 immo
2273 3950 2282 3979 i
2304 3949 2324 3980 fi

1270 3987 1384 4027 quidem
1400 3987 1554 4020 Pontifices
1564 3962 1694 4027 rIsicairii,
1713 3991 1779 4021 licet
1793 3971 1969 4024 differenter,
1988 3988 2038 4017 lint
2083 3985 2177 4026 hristi5
2194 3989 2258 4027 quia
2296 3998 2326 4019 a·

2291 4034 2327 4063 pa

2351 223 2429 255 Ann.
2437 222 2479 255 D.

1271 247 1455 286 constitutus,
1473 249 1587 287 quando
1606 248 1656 278 sibi
1680 256 1764 278 totius
1778 247 1882 287 Gregis
1895 246 2047 292 Dominici
2061 257 2160 291 curam
2173 251 2332 292 commisit,
2374 265 2385 293 j

1269 286 1389 355 {cuper
1410 287 1599 326 consequens,
1620 286 1729 316 ReCmr
1749 287 1782 316 δε
1807 284 1903 324 Caput
1922 288 2004 324 ipsius
2017 284 2126 354 Greffisi
2134 285 2278 320 Institutus
2290 289 2332 320 est
2350 303 2388 332 Ed
