2562 4279
728 100 835 160 ΕΔΤ
918 99 1181 143 ACTA
1263 99 1737 154 PUBLICA.

2174 115 2248 156 193

0 202 24 224 n.
37 190 79 223 D.
92 194 188 231 dibus,
205 192 238 224 &
255 188 528 223 Administratoribus
542 186 657 226 nostris,
672 187 720 226 qui
733 188 763 217 in
778 186 857 218 dieto
871 186 1000 223 Ducatu,
1016 193 1078 216 ante
1086 186 1148 216 haec
1186 184 1233 222 &,
1250 185 1353 215 eisdem
1369 186 1497 221 precibus
1514 193 1640 222 optatum
1661 184 1795 216 effectum
1812 185 1940 216 nondum
1963 185 2132 224 consecutis,
2149 186 2248 218 intima
2268 191 2342 222 Αῃῃ,
2358 190 2400 226 D:

0 229 54 271 μοὶ
93 241 236 269 tempora,
253 230 382 268 fuerunt,
399 230 433 261 &
446 229 537 260 adhuc
547 226 623 263 sunt,
640 235 673 257 ac
689 225 760 263 aliis,
777 234 899 264 quorum
910 223 1037 262 interest,
1053 225 1097 254 vel
1111 225 1154 254 in-

0 283 15 298 ·-
33 277 59 299 α.
92 270 191 301 tereffe
206 270 322 308 poterit,
340 268 415 307 quod
430 265 560 306 praefatis,
578 263 700 301 Hugoni
717 264 750 294 &
763 263 989 300 Bartholomaeo,
1006 272 1039 306 ac
1054 272 1152 306 eorum

49 314 67 331 ὦ
95 308 217 339 Subditis
230 309 258 337 in
274 307 414 346 praemissis
425 308 476 336 lint
490 302 664 334 Intendentes
675 301 709 332 &
724 301 950 340 Respondentes,
967 301 1001 332 &
1017 310 1047 330 in
1058 310 1154 330 omni-

96 349 147 378 bus
159 345 275 377 Pareant
289 346 323 377 ὃς
335 344 493 381 Intendant,
510 348 590 380 prout
606 339 694 370 decet.

133 384 167 415 In
182 385 277 423 cujus,
295 384 355 415 δίε.
559 417 564 422 ⁴
735 417 740 422 .
894 416 910 421 ,.

168 422 235 454 Dat.
250 422 322 461 apud
336 416 616 452 Westtnonasterium
625 439 635 455 ,
650 416 698 446 28.
713 415 758 446 die
774 415 920 446 Februarii.

7 547 61 577 ΙΙΙ.
366 541 384 561 ²*
399 545 448 576 De
469 537 645 574 Inhibitione
666 539 885 572 Torneamenti.

0 589 51 614 {20-

0 634 29 653 n.
44 620 84 651 D·
103 628 229 691 REX
246 627 465 659 Vicecomitibus
481 625 658 661 Londoniae,
674 623 796 655 salutem.

0 670 60 702 320⁴
201 669 276 698 Cum
289 667 403 704 pluries,
421 673 483 695 ante
499 665 560 693 haec
578 672 720 700 tempora,
739 673 772 692 ex
795 663 875 692 certis
898 662 981 693 causis
996 685 1005 701 ,
1030 662 1158 692 nondum

0 721 6 727 ·
26 708 67 735 ¹3·
104 708 281 744 ceffantibus,
297 715 342 742 per
357 703 476 740 singulos
491 701 650 732 Comitatus
669 700 767 737 Regni
782 701 870 731 nostri
884 701 1032 731 fecerimus
1047 701 1160 740 publice

5 748 30 766 ²·
105 744 269 786 proclamari
291 744 324 773 &
344 741 458 771 firmiter
477 740 614 777 inhiberi,
640 749 676 768 ne
700 741 776 778 quis,
794 739 919 778 Comes,
945 739 1032 777 Baro,
1057 739 1161 776 Miles,

0 776 42 813 ‘us-
102 787 146 816 seu
160 784 224 815 alius
237 780 339 811 Homo
352 780 387 810 ad
406 779 493 809 Arma
506 778 692 815 quicumque,
710 778 907 816 cujuscumque
921 776 1101 807 Conditionis
1114 777 1160 807 seu

0 818 43 842 ·Ε“
60 822 86 841 ²·
104 822 192 854 Statsis
212 819 352 857 existeret,
376 817 426 849 sub
449 815 629 847 For-isfaetuta
651 817 781 846 omnium
795 826 858 856 quae
884 815 981 846 Nobis
1004 816 1161 846 forisfacere

8 850 68 887 7³¹·
102 859 205 900 pollet,
223 858 292 889 infra
305 857 441 893 Regnum
456 854 583 884 nostrum
599 853 758 892 Torneare,
776 854 927 893 Burdeare,
941 854 1160 896 justas-facere,

102 901 254 931 Aventuras
288 904 404 932 uaerere,
420 893 466 924 seu
480 893 531 923 alia
544 892 625 922 Facta
638 893 796 924 Armorum
811 903 955 924 excercere
971 896 1160 931 praesumeret,

103 938 160 968 sine
172 934 263 966 nosti-fi
304 933 405 964 icentia
418 931 550 969 Speciali:

143 976 188 1005 Ac
200 983 265 1011 nOS,
282 981 314 1002 ex
327 970 420 1001 Causis
432 970 572 1008 praedietis
580 992 590 1008 ,
607 969 732 1000 volentes
745 969 950 1000 Inhibitionem
961 969 1118 1009 hujusmodi
1131 971 1160 999 in

105 1013 235 1044 omnibus
249 1010 384 1040 observari
404 1031 414 1047 ,
434 1009 467 1039 &
490 1008 701 1038 intellexerimus
724 1009 804 1048 quod
830 1008 944 1046 quidam
963 1009 997 1039 ad
1014 1009 1162 1039 Tornean-

103 1053 170 1082 dum
182 1050 215 1080 &
224 1048 314 1087 Justas
328 1047 488 1077 faciendum
496 1070 506 1085 ,
524 1048 554 1076 in
565 1047 674 1077 diversis
683 1047 785 1086 Locis,
803 1048 873 1078 infra
884 1047 1016 1086 Regnum
1025 1046 1164 1085 nostrum,

105 1090 131 1120 se
147 1096 257 1126 parant,
276 1086 370 1123 unde,
388 1095 447 1115 non
458 1086 611 1123 inmerito,
629 1086 840 1117 conturbamur:

141 1126 229 1157 Vobis
251 1125 446 1163 praecipimus,
462 1123 575 1153 firmiter
595 1125 789 1163 injungentes,
807 1123 885 1162 quod
908 1125 937 1153 in
951 1123 1073 1154 Civitate
1092 1133 1163 1161 prae-

103 1164 198 1203 dietfi,
214 1164 247 1194 &
261 1163 325 1193 alibi
343 1165 372 1193 in
388 1161 492 1193 Balliva
505 1161 610 1199 vestra,
626 1163 675 1192 ubi
693 1162 816 1193 videritis
834 1162 980 1200 expedire,
998 1161 1101 1192 faciatis
1114 1172 1165 1200 pu-

106 1204 179 1235 blice
203 1202 384 1240 proclamari,
409 1201 442 1232 &
467 1210 502 1231 ex
523 1208 597 1238 parte
614 1200 710 1230 nostra
734 1200 846 1231 firmiter
871 1200 1012 1238 inhiberi,
1038 1210 1073 1230 ne
1092 1201 1167 1238 quis,

104 1241 230 1279 Comes,
247 1240 334 1278 Baro,
353 1239 455 1277 Miles,
480 1238 525 1268 seu
546 1238 613 1268 alius
633 1237 736 1268 Homo
756 1239 790 1269 ad
807 1239 894 1269 Arma
914 1239 1100 1277 quicumque,
1119 1249 1169 1268 cu-

100 1279 267 1318 juscumque
282 1278 390 1316 Status,
405 1277 450 1308 seu
465 1276 645 1307 Conditionis
660 1275 755 1306 existat
768 1300 777 1316 ,
800 1277 848 1307 sub
866 1277 1046 1307 ForisfaCtura
1068 1277 1169 1314 praedi-

107 1318 173 1356 eta,
196 1317 265 1347 infra
286 1316 427 1354 Regnum
448 1314 574 1345 nostrum
593 1315 758 1352 Torneare,
782 1314 932 1353 Burdeare,
953 1315 1041 1353 Justas
1064 1325 1171 1354 tacere,

104 1357 261 1387 Aventuras
275 1365 411 1393 quaerere,
427 1353 471 1384 seu
485 1353 546 1396 alia.
556 1353 638 1384 Fadia
661 1351 818 1384 Armorum
837 1363 984 1384 excercere
1002 1354 1169 1392 praesumat,

105 1395 162 1424 sine
178 1393 304 1424 Licentia
319 1393 410 1423 nostra
425 1391 556 1429 Speciali.

144 1433 260 1463 Faciatis
270 1433 353 1462 etiam
368 1432 398 1461 in
412 1430 500 1460 Locis
512 1429 652 1467 praediffis
664 1429 778 1467 publice
794 1430 975 1468 proclamari,
993 1430 1027 1460 ὃς
1043 1440 1076 1460 ex
1093 1439 1170 1468 parte

108 1470 204 1500 nostra
239 1469 351 1500 firmiter
368 1469 502 1506 inhiberi,
521 1478 557 1498 ne
588 1469 648 1505 quis
667 1468 861 1508 Armorarius,
880 1469 949 1499 infra
972 1468 1104 1499 Ballivam
1124 1479 1172 1499 ve-

108 1508 212 1546 stram,
228 1507 277 1538 sub
293 1509 370 1545 gravi
387 1506 572 1538 Forisfa&ur÷”i
585 1506 694 1544 nostra,
713 1506 801 1537 Arma
815 1507 920 1545 aliqua,
938 1516 991 1544 pro
1011 1507 1170 1545 hujusmodi

108 1547 188 1576 factis
199 1555 342 1576 armorum
356 1545 550 1582 excercendiS,
568 1545 702 1582 aliquibus
716 1554 808 1583 paret,
827 1545 968 1583 perficiat,
986 1545 1030 1575 seu
1051 1545 1172 1584 vendat,

109 1585 155 1615 vel
169 1584 203 1615 ad
216 1584 337 1622 aliquem
354 1584 470 1615 Locum
481 1583 582 1621 ducat,
599 1582 643 1613 seu
656 1583 724 1614 duci
740 1583 839 1622 faciat,
857 1583 996 1622 quousque
1017 1582 1089 1614 aliud
1104 1584 1171 1614 inde

110 1623 268 1654 duxerimus
283 1622 476 1653 ordinandum.

149 1660 236 1692 Teste
253 1660 336 1699 Rege
355 1661 428 1699 apud
445 1660 488 1691 W
489 1660 729 1692 estmonastetium
746 1660 794 1691 28.
813 1659 858 1690 die
875 1659 1023 1690 Februarii.

612 1739 666 1767 Per
683 1735 766 1776 ipsicm
782 1739 878 1774 Regem
895 1735 932 1771 (θ’
950 1736 1103 1767 Concilium.

152 1814 262 1847 Eodem
279 1815 368 1846 modo
385 1815 510 1846 scribitur
527 1814 634 1854 fingulis
653 1813 880 1845 vicecomitibus
897 1824 945 1852 per
962 1813 1107 1852 Angliam.

171 1938 231 1972 Ad
249 1943 364 1986 Papam
388 1943 499 1972 iteratae
520 1942 642 1982 Preces,
661 1949 717 1986 pro
740 1941 872 1973 Henrico
897 1936 932 1971 de
954 1936 1120 1985 Burghafh.

2 2027 43 2049 fm-
56 2015 96 2048 D·
115 2023 192 2085 PA
198 2023 274 2069 1³,AE
292 2023 355 2056 Rex
369 2025 470 2070 devota
486 2025 591 2070 pedum
605 2023 698 2069 oscula
711 2026 867 2069 beatorum.
1042 2062 1047 2067 ⁸
1148 2063 1153 2068 ⁷

2 2066 80 2097 1320.
203 2063 250 2094 Sic
267 2062 400 2094 Ecclesiae
416 2063 621 2101 Lincolniensi,
639 2074 698 2102 Jarn
721 2073 847 2102 vacanti,
865 2064 898 2094 &
918 2061 1094 2100 Apostolicae
1113 2061 1181 2092 Dis-

3 2106 20 2123 2·
38 2105 83 2132 ¹3·
117 2100 250 2139 positioni
267 2100 444 2140 Reservatae,
460 2112 489 2133 ut
506 2102 639 2139 refertur,
656 2102 785 2139 cupimus
800 2101 957 2140 provideri,
975 2099 1054 2138 quod
1069 2100 1182 2138 exinde,

21 2144 48 2161 2·
118 2148 218 2177 praetet
241 2150 273 2170 ea
289 2149 351 2179 quae
369 2140 417 2178 ipfi
434 2140 568 2171 Ecclesiae
585 2138 729 2178 profutura
745 2140 899 2178 sperantur,
925 2138 1018 2169 nostra
1035 2138 1068 2169 &
1086 2137 1183 2176 Regni

5 2180 39 2199 m·
63 2171 96 2205 ὠ·
120 2177 208 2209 nostri
228 2176 395 2210 Commoda
413 2178 534 2209 similiter
551 2186 740 2216 procurentur.

6 2231 12 2237 -
31 2220 74 2247 ¹3·
157 2215 236 2246 Cum
252 2217 361 2255 itaque,
380 2215 460 2247 Pater
476 2216 670 2255 Sanc'tissime,

17 2257 42 2275 2·
63 2258 101 2276 m·
159 2254 212 2285 Ob
235 2253 378 2285 Utilitates
400 2255 433 2285 &
460 2254 624 2285 Commoda
640 2253 822 2294 multimoda,
840 2265 918 2294 quae,
942 2264 991 2293 per
1008 2254 1186 2293 Assumptio-

119 2302 206 2331 nem,
224 2293 357 2324 carissimi
376 2291 482 2323 Clerici
500 2293 602 2330 nostri,
622 2292 754 2331 Magistri
771 2294 890 2324 Henrici
907 2294 943 2323 de
962 2293 1137 2331 Burgherssi,
1156 2295 1185 2323 in

120 2331 294 2369 Episcopum
320 2331 353 2361 &
377 2330 524 2362 Pastorem
549 2330 683 2361 Ecclesiae
706 2332 866 2371 praedie'tae,
893 2332 975 2361 nobis
991 2355 1000 2370 ,
1024 2333 1056 2362 δε
1083 2331 1186 2370 Regno

121 2370 261 2407 praedieto
277 2393 287 2408 ,
311 2379 423 2400 necnon
441 2370 474 2400 &
491 2369 673 2400 Incrementa
690 2378 852 2400 memoratae
871 2369 1022 2407 Eccleliae,
1049 2371 1079 2400 in
1098 2370 1186 2407 Spiri-

120 2407 237 2475 tsualibus
254 2408 287 2438 &
303 2408 534 2447 Temporalibus,
549 2408 687 2440 dubietate
703 2408 849 2447 submota,
867 2408 1058 2446 multipliciter
1074 2409 1185 2439 evenire

155 2455 262 2476 eramus

134 2455 218 2514 pPro
236 2470 350 2522 priefato
369 2484 483 2517 Clerico
501 2485 597 2517 nostro
610 2509 620 2524 ,
644 2494 674 2516 ut
691 2485 826 2516 Ecclesiae
842 2484 993 2523 praelibatae
1010 2508 1018 2523 ,
1043 2484 1078 2515 de
1101 2484 1185 2515 vestri

124 2521 302 2560 Apostolatfis
327 2523 498 2560 Benignitate
514 2548 523 2563 ‚
550 2525 734 2564 praeficeretur
746 2547 756 2563 ,
782 2523 880 2555 vestrae
897 2523 1067 2553 Clementiae
1087 2522 1188 2554 Preces

124 2560 229 2592 nostras
246 2561 310 2592 alias
326 2563 480 2599 optulimus
498 2563 582 2601 pleno
600 2562 700 2594 corde:

161 2599 289 2638 Veriim,
315 2599 394 2630 Patet
413 2600 636 2632 Clementiffime
652 2624 661 2638 ,
683 2601 746 2641 quia
763 2609 797 2630 ex
815 2600 878 2630 fusis
902 2598 1033 2630 Precibus
1059 2599 1188 2630 nondum

122 2639 322 2675 reportavimus
340 2639 416 2676 quod
432 2648 581 2679 optamuS,
600 2640 693 2670 fervor
710 2638 836 2670 defiderii
851 2639 966 2668 intimus
982 2648 1067 2676 quem
1081 2637 1115 2668 ad
1131 2638 1188 2668 Ex-

144 2676 294 2707 editionem
316 2677 427 2708 felicem
447 2679 573 2716 Negotii
591 2678 660 2708 illius
673 2700 683 2716 ,
712 2687 746 2708 ex
770 2676 854 2707 causis
872 2676 1007 2707 Utilitatis
1032 2676 1134 2706 nostrae
1154 2677 1187 2707 ὃς

153 2716 220 2751 egni
239 2714 326 2745 nostri
344 2716 469 2752 praedic‘ti
488 2717 621 2755 pensatis,
645 2717 767 2754 gerimus
784 2716 818 2746 &
835 2714 985 2754 habemus,
1004 2714 1100 2745 vestrae
1121 2714 1190 2744 San-

124 2751 213 2782 &itati
231 2763 281 2783 nos
299 2755 397 2784 excitat
420 2754 521 2786 Preces
538 2755 724 2792 multiplicare
742 2753 883 2784 Cordiales
899 2764 904 2770 ·
934 2762 1037 2791 quanto
1063 2753 1190 2783 devotius

124 2792 275 2832 poterimus
291 2791 481 2829 Supplicantes
495 2815 505 2831 ,
528 2795 652 2831 quatinus
670 2792 704 2823 ad
728 2791 822 2823 nostra
846 2792 879 2822 &
897 2777 997 2828 Regni
1015 2791 1101 2821 nostri
1120 2802 1190 2829 prae-

125 2827 195 2857 dicti
213 2827 378 2871 Commoda
403 2832 536 2871 (quorum
554 2831 702 2861 zelatorem
721 2831 894 2868 praecipuum
918 2840 969 2860 vos
981 2853 991 2868 ,
1015 2830 1076 2860 utili
1096 2840 1188 2860 rerum

125 2868 315 2905 experientia,
333 2868 461 2899 sensimus
491 2869 636 2900 Paternalis
653 2869 853 2899 Benivolentiae
872 2869 1002 2898 intuitum
1021 2877 1190 2898 converten-

125 2911 181 2941 tes,
200 2904 290 2935 velitis
312 2906 424 2936 dictum
477 2907 593 2938 leticum
619 2907 745 2938 nostrum
770 2908 866 2945 (quem
884 2906 1005 2936 Generis
1023 2906 1186 2944 Nobilitas,

126 2942 290 2973 Litterarum
309 2943 431 2974 Scientia
445 2967 454 2982 ,
479 2945 553 2976 Vitae
577 2946 611 2976 &
636 2945 861 2976 Conversationis
879 2944 1030 2974 laudabiliis
1049 2944 1190 2975 Honestas

126 2990 283 3019 exornant,
307 2982 396 3012 Favor
420 2983 527 3013 extollit
543 2984 628 3013 bonae
653 2983 762 3021 Famae,
780 2984 813 3015 ὃς
834 2983 885 3014 alia
912 2984 1045 3013 virtutum
1069 2982 1190 3020 Infignia

126 3017 336 3056 Condecorant)
358 3021 386 3050 in
406 3021 540 3051 Ecclesiae
561 3020 761 3051 Lincolnienlis
794 3021 969 3059 praelibatae,
992 3022 1112 3051 caritatis
1146 3022 1190 3050 in-

126 3058 216 3125 Ξξίἒιὶι,
238 3067 406 3098 precumque
432 3059 588 3090 nostrarum
605 3061 758 3090 interventu
773 3082 783 3098 ,
806 3059 981 3098 Episcopum
999 3057 1139 3096 praeficere
1157 3060 1190 3090 ἃ

154 3107 168 3126 a
194 3105 284 3126 orem.

181 3133 348 3172 Qaesumus
380 3137 464 3166 etiarn
490 3135 610 3167 vestram
634 3135 838 3172 Benignitatem
863 3134 1047 3166 indubitanter
1078 3143 1190 3174 tenere,

128 3172 208 3211 quod
228 3173 257 3201 in
274 3174 345 3203 votis
364 3176 487 3211 gerimus
513 3175 688 3211 summopere
704 3173 783 3212 quod
802 3172 928 3203 Clericus
945 3173 1037 3203 noster
1054 3183 1193 3204 memora-

129 3220 187 3247 tus,
207 3219 264 3240 non
280 3210 452 3242 obstantibus
470 3212 604 3243 Precibus
620 3222 670 3251 per
689 3222 740 3242 nos
757 3222 808 3249 pro
826 3212 882 3241 aliis
899 3212 976 3249 super
993 3212 1072 3243 dieto
1089 3212 1192 3252 Nego-

130 3251 173 3279 tio
187 3243 205 3261 θ’·
220 3247 326 3278 dudum
344 3248 424 3288 fusis,
441 3250 475 3280 ad
493 3252 616 3289 regimen
634 3250 769 3281 Ecclesiae
785 3258 963 3288 praenotatae,
983 3250 1082 3280 nostris
1094 3250 1192 3281 Preci-

131 3289 201 3325 bus,
218 3286 254 3316 de
267 3286 357 3318 vestra
369 3288 487 3324 gratiosa
506 3289 680 3328 Benignitatis
699 3288 857 3327 affluentia,
872 3290 962 3320 cuntis
978 3289 1035 3320 aliis
1057 3288 1192 3321 Praefera-

131 3334 182 3357 tur.

169 3362 343 3402 Conservet,
360 3363 420 3394 ὅτε.
576 3372 592 3385 κ

203 3400 271 3433 Dat.
290 3401 363 3440 apud
382 3401 512 3434 Cantuar.
527 3404 554 3434 6.
572 3403 616 3434 die
634 3403 740 3434 Martii.

8 3251 9 3259 ¹
36 3253 90 3281 111.

27 3289 78 3320 izi.

407 3525 466 3560 Ad
488 3526 679 3570 Cardinales,
698 3537 752 3573 pro
777 3528 901 3562 Eodem.

35 3613 120 3652 m.-D,
195 3616 336 3648 Enerabili
354 3618 385 3648 in
405 3615 520 3646 Christo
542 3615 644 3654 Patri,
668 3616 800 3648 Domino
823 3617 857 3648 A.
878 3616 936 3647 Dei
959 3617 1059 3656 gratis,
1078 3618 1190 3649 821³&ae

35 3668 98 3698 320,
213 3654 314 3686 Mariae
335 3656 364 3686 in
385 3654 499 3686 Porticu
520 3654 651 3685 Diacono
673 3654 831 3694 cardinali,
851 3657 948 3686 amico
969 3656 1017 3686 suo
1037 3656 1195 3694 carissimo,

40 3718 54 3763 .2
79 3708 119 3736 13.
138 3691 306 3762 ἒὲὶζῗὲἀυε,
323 3693 445 3732 ejusdem
461 3693 567 3731 gratia,
583 3694 642 3724 &c.
660 3692 771 3724 salutem
785 3694 817 3725 &
831 3694 944 3724 sincerae
963 3694 1133 3725 Dilecitionis
1154 3695 1196 3725 af-

37 3774 103 3808 τιό·
175 3769 226 3800 Ob
240 3770 406 3802 Commoda
417 3770 594 3808 multimoda,

63 3823 106 3850 ¹3·
177 3809 255 3848 Qae
268 3819 302 3839 ex
318 3809 530 3847 Affumptione,
547 3807 679 3839 carissimi
694 3807 799 3838 Clerici
819 3808 921 3846 nostri,
939 3807 1070 3847 Magistri
1092 3809 1197 3839 Henri-

43 3859 68 3880 2.
86 3861 122 3880 m.
143 3846 219 3883 cide
231 3847 404 3885 Burgherssi,
428 3849 457 3878 in
474 3847 578 3885 Episeo
600 3857 648 3877 um
667 3847 707 3879 &l
722 3845 867 3876 Pastorem
884 3847 1086 3877 Lincolniensis
1098 3847 1198 3880 Eccle-

142 3885 205 3922 siae,
219 3885 278 3922 jam
291 3887 429 3924 vacantis,
447 3886 479 3917 δε
502 3885 569 3924 Apo
595 3885 677 3915 olicae
699 3884 896 3922 Dispositioni,
914 3893 944 3916 ut
961 3885 1080 3922 dicitur,
1098 3885 1197 3916 Reser-

143 3931 231 3960 vatae,
247 3923 358 3962 Nobis,
375 3924 408 3954 &
422 3924 530 3962 Regno
543 3923 658 3962 nostro,
674 3923 759 3954 dietae
776 3921 909 3953 Ecclefiae
929 3923 1118 3961 multipliciter
1133 3934 1198 3962 pro-

141 3968 254 3993 ventura
264 3960 400 3998 speramus
407 3985 418 4000 ,
518 3973 521 3975 ’

177 3997 313 4068 &mg
326 3999 449 4068 Slunlitno
463 3999 598 4032 Pontifici
611 3999 724 4033 devotas
739 4009 833 4038 preces
844 3998 950 4031 nostras
956 3999 1201 4040 frequentavimus,

1188 222 1313 252 deiiderii
1326 224 1430 260 nostri,
1450 233 1566 259 precum
1583 224 1829 263 multiplicatione,
1848 225 1994 262 pandimus
2009 226 2118 255 iterato.
2296 238 2380 270 ¹320·

1225 261 1390 291 Amicitiam
1405 263 1496 298 itaque
1512 261 1646 298 vestram,
1663 264 1692 290 iri
1708 264 1779 292 votis
1794 263 1891 293 nostris
1905 263 2037 293 consueto
2057 273 2138 293 more
2158 263 2249 294 solici-
2269 271 2343 297 Eilv.
2353 278 2377 296 2,

1189 305 1265 341 tarn,
1282 299 1409 341 duximus
1424 298 1625 336 deprecandam
1642 301 1783 339 quatinus,
1801 303 1875 332 circa
1897 298 2121 338 completionem
2142 301 2250 332 deside-

1189 338 1223 365 rii
1239 335 1341 373 nostri,
1357 346 1386 366 ut
1404 344 1593 366 memoratum
1613 336 1758 367 Clericum
1779 340 1907 370 nostrum
1929 340 2024 378 (quern
2041 339 2163 370 Generis
2178 339 2249 370 No—

1191 375 1293 409 bilitas,
1312 374 1477 404 Litterarum
1488 374 1609 404 Scientia
1620 397 1629 412 ,
1647 374 1721 404 Vitae
1732 378 1765 406 &
1786 377 2014 408 Conversationis
2035 378 2176 408 laudabilis
2193 378 2248 408 ho-

1190 412 1294 449 nestQS,
1312 412 1390 442 favor
1406 412 1517 442 exrollet
1531 411 1617 454 Bonae
1631 412 1744 451 Famae,
1762 415 1794 444 &
1808 416 1857 446 alia
1876 416 2017 446 Virtutum
2038 415 2159 453 Infignia
2176 417 2249 447 mul-

1191 451 1322 487 tipliciter
1336 450 1548 485 commendant)
1559 449 1648 479 dietus
1656 450 1772 481 Sanctus
1788 453 1866 483 Pater
1873 454 2020 491 Regimini
2028 454 2107 484 dieto
2114 455 2248 485 Ecclesiae

1195 488 1399 518 Lincolnienlis
1423 488 1475 517 hac
1492 489 1568 525 vice,
1587 488 1688 517 nostris
1704 488 1853 530 Precibus,
1874 492 2003 529 dignetur
2018 492 2182 532 Praeficere,
2199 503 2250 524 ve-

1192 527 1245 556 litis
1259 536 1325 563 erga
1339 525 1461 556 eundem
1479 525 1612 555 Sanetum
1626 525 1756 564 Patrem,
1774 538 1843 557 curn
1856 533 1937 559 omni
1957 530 2108 569 Efficacia,
2126 533 2251 569 interpo-

1194 575 1260 594 nere
1275 564 1365 594 Partes
1378 564 1495 601 vestras,
1513 565 1549 593 ita
1564 564 1659 601 quod,
1678 564 1772 594 vestris
1792 565 1981 598 Mediantibus
1998 569 2173 600 Discretione
2186 580 2252 607 pro-

1193 604 1260 633 vida
1297 602 1443 639 Consiliis,
1468 602 1500 631 &
1520 602 1636 631 Auxiliis
1653 603 1814 641 oportunis,
1830 605 1903 641 quod
1925 616 1974 642 pro
1997 607 2093 637 nostro
2115 608 2252 647 Honore,

1193 643 1227 670 δε
1250 626 1421 683 Commodo
1442 639 1542 677 Regni
1561 639 1649 668 nostri
1672 641 1710 670 iic
1735 640 1871 671 ferventer
1887 643 2084 684 deiideramus,
2103 645 2253 677 efficaciter

1194 680 1414 717 Consequamur.

1232 717 1299 748 Dat.
1318 717 1390 755 apud
1406 715 1602 751 Cantuariam,
1622 716 1650 745 6.
1668 715 1713 745 die
1731 715 1837 748 Martii.

1268 792 1378 824 Eodem
1395 793 1483 824 modo
1497 791 1623 823 scribitur
1642 791 1836 824 Cardiiialibus
1853 794 2023 835 subscriptiS,
2037 798 2180 830 videlice'tt

1234 874 1348 901 Domino
1367 872 1402 900 G.
1420 868 1565 909 Sabinenst.
1910 874 1927 903 Ἰ

1232 913 1348 939 Domino
1367 911 1408 939 N.
1425 908 1541 949 Ostiensi
1558 906 1596 942 ὠ·
1616 906 1781 949 Velletrenfi,

1232 952 1346 993 DUleHO
1366 950 1407 976 A.
1426 946 1593 985 Alba7le7fi,
1927 946 2103 1001 >EpiscopigK

1232 990 1348 1032 Domi-no
1366 988 1399 1014 G.
1420 984 1592 1024 Penestrenfi‚
1929 1005 1934 1040 Ι

1233 1027 1348 1054 Domino
1366 1027 1401 1054 B.
1418 1022 1618 1063 Tusculanenfi,
1914 1043 1934 1071 ‚1

1238 1112 1353 1140 Domino
1371 1110 1404 1137 G.
1424 1110 1500 1138 Petri
1517 1107 1595 1137 tituli
1614 1109 1722 1138 SancSZae
1738 1108 1857 1147 Ceciliae‚
1926 1110 1951 1154 Ἰ·

1238 1151 1353 1178 Domino
1372 1151 1408 1177 G.
1430 1146 1506 1176 tituli
1529 1147 1622 1175 SanHi
1641 1149 1739 1176 ciriaci
1763 1151 1790 1177 in
1814 1151 1955 1202 Termis,'

1239 1189 1356 1217 Domino
1383 1188 1427 1216 W.
1453 1186 1483 1215 de
1503 1187 1593 1214 Poieto
1624 1184 1702 1214 tituli
1723 1187 1819 1215 Sanffii
1849 1188 1933 1215 Mar·
1985 1186 2146 1220 Presbiteris
2167 1188 2264 1221 Cardi-

1310 1223 1383 1262 celli,
1949 1204 1972 1244 >
2021 1227 2133 1258 nalibus.

1240 1262 1461 1340 Domz’rlzgufftali
1478 1261 1563 1292 Tituli
1570 1263 1663 1292 Sanlli
1672 1265 1795 1292 Martini
1809 1266 1837 1293 in
1852 1245 1957 1338 Mon-)l

1244 1382 1360 1409 Domino
1379 1381 1421 1408 A.
1440 1379 1548 1408 SanCZae
1565 1379 1667 1407 Mariae
1684 1380 1714 1408 in
1732 1380 1838 1408 Portica
1856 1377 1990 1409 Diacono
2010 1378 2161 1411 Cardinali.

1230 1502 1287 1537 Ad
1308 1501 1522 1545 cardinalem,
1547 1501 1583 1534 de
1606 1515 1661 1534 non
1686 1501 1859 1546 molestando
1884 1501 2122 1537 Prrcbendrzrium
2148 1507 2245 1551 Regis.

1269 1588 1413 1619 Enerabili
1428 1589 1457 1618 in
1478 1586 1596 1617 Christo
1638 1586 1735 1626 Patri,
1761 1587 1871 1619 Sanitae
1890 1588 1992 1619 Mariae
2012 1590 2113 1621 Novae
2136 1589 2271 1621 Diacono
2292 1585 2366 1616 Arm·
2381 1584 2424 1615 D·

1209 1667 1224 1697 f
1245 1666 1266 1695 (k
1284 1626 1445 1664 Cardinali,
1463 1625 1632 1664 Edwardus,
1649 1626 1709 1657 &c.
1725 1626 1859 1665 salutem,
1877 1628 2036 1659 &sincerae
2049 1629 2220 1659 Dilectionis
2231 1628 2272 1659 af-
2295 1633 2403 1691 A1320-

1222 1675 1255 1697 eL
1269 1675 1326 1696 um.
2322 1675 2347 1691 n.
2368 1674 2377 1691 1
2403 1684 2411 1691 .

1247 1703 1327 1734 Cum
1347 1703 1423 1741 super
1436 1702 1502 1741 Jure
1521 1701 1620 1733 nostro
1638 1702 1734 1741 Regio
1755 1704 1842 1742 (quo,
1869 1703 1995 1735 Dilectus
2015 1704 2143 1736 Clericus
2164 1705 2274 1744 noster,
2293 1706 2323 1730 E·
2345 1673 2398 1730 ,αὖ

1212 1743 1356 1773 Robertus
1371 1743 1407 1772 de
1422 1741 1594 1772 Wodehous
1611 1740 1797 1772 Praebendam
1808 1742 1843 1773 de
1860 1742 1988 1780 Ketene,
2006 1744 2035 1773 iii
2048 1743 2170 1774 Ecclelia
2183 1744 2274 1775 Beatae
2293 1745 2364 1768 Rom.
2377 1736 2412 1771 ό·

1214 1782 1317 1812 Mariae
1331 1780 1507 1818 Lincolniae,
1525 1780 1638 1816 adeptus
1652 1780 1704 1817 est)
1725 1791 1784 1818 quo
1799 1791 1850 1811 nos
1863 1782 1896 1811 &
1914 1780 2112 1818 progenitores
2124 1781 2228 1820 nostri,
2246 1785 2275 1812 in
2295 1783 2336 1806 Fr·
2365 1786 2407 1813 ¹3·

1215 1820 1421 1850 Collationibus
1437 1819 1593 1856 hujusmodi
1616 1818 1853 1857 Praebendarum,
1872 1819 1910 1849 usi
1927 1819 2017 1850 sumus
2035 1822 2121 1851 totius
2141 1822 2277 1859 tempori·
2297 1821 2326 1844 Ε·
2347 1826 2372 1843 2·
2394 1823 2431 1842 Μ’

1216 1860 1267 1889 bus
1282 1858 1440 1896 retroad'tis,
1460 1857 1634 1894 prudentiam
1657 1857 1775 1888 vestram
1788 1859 1975 1888 curaverimus
1988 1858 2156 1898 informare,
2297 1865 2327 1892 4.
2344 1855 2399 1883 dor·

1254 1896 1512 1934 Rogaveritnusque
1532 1904 1561 1925 ut
1580 1906 1594 1925 a
1614 1895 1823 1934 prosecutione,
1840 1906 1926 1933 quam
1948 1905 2047 1927 contra
2061 1897 2172 1927 dkffium
2188 1896 2279 1927 Cleri-

1216 1945 1286 1967 cum
1301 1935 1427 1965 nostrum
1440 1933 1606 1972 ,occasione
1620 1934 1705 1964 dietae
1720 1933 2078 1974 Praebendae,inchoastis,
2096 1936 2186 1965 velitis
2199 1945 2282 1966 amo-

1216 1985 1245 2005 re
1263 1974 1351 2005 nostri
1365 1973 1511 2010 desistere3
1531 1973 1680 2009 quicquam
1695 1981 1792 2003 contra
1808 1972 1916 2010 ipsum,
1939 1975 1987 2011 qui
2005 1974 2066 2011 jura
2088 1973 2215 2004 Coronae
2229 1984 2282 2004 no·-

1218 2012 1280 2043 strae
1296 2013 1325 2042 in
1336 2012 1475 2050 judicium
1489 2011 1627 2040 deducere
1641 2019 1700 2040 non
1712 2011 1838 2049 valebat,
1861 2011 1891 2040 in
1914 2011 2001 2041 nostri
2016 2012 2216 2049 praejudicium
2243 2019 2285 2042 at-

1217 2053 1347 2089 temptari
1368 2049 1519 2080 nullatenus
1529 2048 1735 2087 permittendo,

1258 2089 1458 2120 Promittentes
1474 2086 1552 2124 quod
1561 2109 1571 2124 ,
1587 2096 1618 2116 ea
1632 2085 1863 2117 Consideratione
1878 2095 2017 2125 gratanter
2031 2088 2120 2127 facta,
2134 2089 2164 2119 in
2179 2088 2284 2127 AEqui-

1218 2128 1321 2159 valenti
1336 2126 1477 2158 Beneficio
1493 2124 1753 2163 Ecclefiastico‚vel
1768 2125 1970 2164 Majori,infra
1985 2127 2124 2165 Regnum
2139 2127 2280 2166 nostrum,

1220 2168 1305 2205 quarn
1323 2167 1406 2197 citius
1429 2163 1551 2195 Facultas
1567 2163 1594 2194 se
1607 2162 1739 2203 offerret,
1762 2163 2069 2202 Recompensationem
2084 2165 2232 2203 gratiosam
2244 2165 2285 2196 fa-

1220 2215 1362 2236 ceremus:

1259 2244 1304 2275 Ac
1319 2253 1370 2274 vos
1389 2253 1454 2283 per,
1476 2242 1611 2274 dileetum
1630 2242 1663 2273 &
1680 2240 1793 2272 fidelem
1814 2241 1961 2280 nostrum,
1975 2241 2139 2280 Johannem
2161 2242 2196 2273 de
2218 2242 2286 2273 Ne-

1221 2283 1288 2321 vill,
1305 2283 1419 2313 Litteras
1435 2281 1534 2312 vestras
1547 2281 1582 2311 de
1598 2280 1748 2311 Credentifi
1761 2280 1842 2310 nobis
1864 2280 2052 2318 deferentem,
2073 2280 2290 2318 significaveritis

1222 2322 1361 2353 curialiter
1379 2321 1412 2350 &
1432 2321 1556 2357 benigne
1572 2342 1582 2358 ,
1604 2319 1680 2357 quod
1706 2319 1855 2349 voluntatis
1882 2318 1981 2348 vestrae
2006 2328 2178 2357 nequaquam
2201 2319 2291 2349 existit

1222 2361 1374 2398 quicquam
1392 2358 1579 2396 praejudiciale
1594 2358 1694 2395 nobis,
1711 2365 1756 2387 aut
1774 2356 1900 2387 Coronae
1918 2356 2036 2395 nostrae,
2052 2357 2097 2387 seu
2112 2357 2188 2397 quod
2210 2358 2293 2387 nobis

1223 2399 1384 2437 displiceat,
1400 2404 1582 2434 attemptare,
1597 2396 1665 2426 dum
1685 2403 1778 2426 tamen
1796 2395 2046 2425 considerationem
2069 2395 2114 2426 seu
2134 2394 2291 2433 respectum

1224 2438 1371 2468 habeamus
1390 2435 1424 2466 ad
1441 2434 1653 2472 promissionem
1667 2433 1792 2463 nostram
1805 2433 1999 2470 supradietam.

1261 2476 1279 2495 ²*
1299 2473 1506 2506 Amantiffimae
1530 2472 1690 2503 Paternitati
1706 2471 1805 2502 vestrae
1827 2473 1956 2502 duximus
1977 2471 2182 2511 intimandum,
2210 2472 2290 2510 quod

1223 2514 1300 2545 dic‘ta
1323 2510 1484 2551 promissio,
1495 2511 1531 2541 de
1549 2519 1622 2542 certa
1643 2510 1734 2540 nostra
1750 2510 1863 2540 scientia
1879 2509 2011 2548 proceffit
2025 2533 2034 2547 ,
2056 2511 2107 2549 &,
2124 2512 2290 2549 quamcitius

1225 2553 1347 2582 Facultas
1364 2552 1390 2582 se
1406 2549 1522 2588 offeret,
1536 2549 1607 2580 adeo
1625 2556 1755 2579 occurret
1771 2548 1876 2578 nostrae
1894 2549 2058 2587 memoriae,
2077 2549 2154 2587 quod
2174 2558 2290 2580 conten-

1225 2591 1354 2621 tabimini
1376 2589 1571 2620 rationabiliter
1589 2589 1619 2617 in
1638 2588 1690 2618 hac
1710 2596 1794 2625 parte.

1261 2629 1299 2659 Et
1316 2628 1516 2658 nichilominus
1532 2635 1632 2657 caetera
1650 2625 1789 2656 Beneficia
1803 2648 1812 2663 ,
1837 2636 1899 2663 quae
1917 2625 1989 2656 infra
2006 2624 2143 2663 Regnum
2165 2625 2292 2656 nostrum

1226 2668 1375 2704 obtinetis,
1390 2667 1439 2697 sub
1454 2665 1546 2695 nostra
1562 2664 1742 2695 Protetfflone
1762 2664 1870 2701 speciali
1893 2663 2084 2701 suscipiemus:
2102 2665 2135 2694 δε
2152 2665 2293 2702 universa,

1227 2717 1290 2744 quoe
1308 2716 1357 2736 vos
1376 2706 1547 2741 contingunt
1565 2726 1574 2741 ,
1608 2704 1740 2740 oportuni
1766 2704 1865 2732 favoris
1892 2702 2026 2732 Praefidiis
2045 2702 2157 2732 defendi
2176 2703 2208 2733 ὃ(
2225 2705 2293 2733 tueri

1226 2746 1438 2785 praecipiemus,
1454 2743 1487 2773 &
1512 2752 1547 2772 eo
1564 2741 1756 2778 favorabilius,
1779 2751 1835 2779 quo
1858 2740 1952 2770 nostro
1972 2740 2032 2779 Juri
2049 2742 2082 2771 &
2106 2740 2220 2771 Honori
2243 2751 2294 2771 vos

1225 2786 1285 2822 jani
1305 2783 1474 2822 percipimus
1491 2779 1625 2811 humilius
1640 2779 1772 2809 detulisse.

1264 2822 1410 2859 Qiocirca
1427 2819 1592 2851 Amicitiam
1615 2817 1737 2847 vestram
1756 2816 1908 2847 affectuose
1924 2817 2086 2854 requirimus
2100 2816 2133 2847 ὃς
2149 2827 2295 2856 rogamus,

1227 2869 1354 2898 quatinus
1368 2860 1405 2889 ab
1420 2857 1674 2895 Inquietationibus
1690 2856 1854 2893 quibussibet
1863 2878 1873 2893 ,
1885 2855 1990 2885 dileeto
2003 2854 2119 2884 Clerico
2131 2855 2293 2894 nostro,su-

1227 2909 1277 2936 per
1295 2896 1453 2928 Praebendfi
1469 2893 1624 2925 memorata
1635 2917 1643 2932 ,
1658 2894 1808 2932 faciendis,
1817 2893 1987 2930 supersedere
2001 2893 2090 2922 velitis
2102 2895 2290 2932 omninogi'p-

1227 2937 1343 2974 sumque
1358 2935 1525 2974 possessione
1537 2933 1582 2963 sua
1599 2932 1756 2971 hujusmodi
1770 2932 1888 2970 pacifice
1904 2932 2025 2969 gaudere
2039 2934 2211 2969 permittatis.

1263 2974 1354 3005 Dieto
1370 2973 1456 3004 Fideli
1479 2971 1590 3010 nostro,
1610 2971 1735 3008 Johanni
1753 2971 1787 3000 de
1800 2970 1916 3008 Nevill,
1938 2970 2032 3000 Latori
2048 2971 2223 3007 praesentium
2259 2970 2289 2999 in

1226 3013 1294 3051 hiis,
1310 3023 1372 3051 quae
1387 3013 1414 3041 in
1427 3010 1569 3049 praemissis
1584 3009 1691 3047 plenius
1705 3010 1786 3040 vobis
1806 3009 1900 3048 dicet,
1918 3008 2033 3047 Fidem,
2051 3009 2070 3038 fi
2090 3009 2197 3046 placet,
2248 3017 2289 3037 re-

1226 3051 1323 3082 dulam
1341 3050 1509 3081 adhibentes

1265 3088 1334 3120 Dat.
1352 3089 1424 3127 apud
1443 3088 1587 3127 Smneye,
1608 3096 1654 3126 13.
1669 3086 1713 3117 dle
1729 3085 1837 3117 Martii.

2328 2483 2345 2501 *³
2362 2485 2417 2512 IIL'

2341 2522 2404 2549 822.

1511 3215 1559 3246 De
1583 3211 1800 3246 Pardonatione
1818 3223 1873 3258 pro
1896 3209 2008 3256 Justis.

1233 3300 1355 3356 REX
1374 3300 1508 3331 omnibus
1526 3297 1634 3329 Ballivis
1658 3299 1692 3329 &
1714 3297 1851 3328 Fidelibus
1873 3296 1940 3334 suiS,
1962 3295 1995 3326 ad
2019 3295 2118 3334 Qios,
2144 3295 2205 3326 &c.
2229 3294 2294 3325 salu·
2315 3297 2447 3330 Ann,D,

1307 3349 1376 3370 tem.
2334 3347 2347 3367 1
2371 3346 2420 3367 20.

1264 3379 1362 3409 Sciatis
1396 3377 1472 3415 uod,
1489 3377 1524 3407 de
1541 3375 1628 3412 gratia
1643 3374 1736 3405 nostra
1756 3372 1878 3411 speciali,
1899 3371 2111 3410 pardonavimus
2131 3370 2289 3415 Willielmo
2310 3346 2367 3403 An3
2386 3385 2428 3412 13·

1230 3417 1305 3449 Baud
1320 3439 1329 3454 ,
1393 3416 1460 3453 iliti,
1486 3414 1719 3451 Forisfaffituram,
1742 3414 1776 3443 &
1795 3411 1942 3450 Qiicquid
1955 3449 1959 3454 Ι
1972 3411 2006 3440 ad
2028 3411 2092 3454 Nos
2116 3417 2231 3446 pertinet
2254 3409 2290 3440 de
2311 3418 2339 3441 Ε.
2361 3423 2386 3441 2.

1229 3454 1473 3492 Transgreffione,
1493 3462 1578 3491 quam
1593 3452 1680 3490 fecit,
1703 3461 1789 3488 nuper
1801 3449 1891 3488 Justas
1906 3449 2036 3480 faciendo
2057 3459 2086 3478 in
2108 3447 2216 3484 Regno
2237 3457 2290 3478 no·
2310 3456 2368 3481 Par.
2387 3458 2431 3488 13:

1229 3496 1286 3526 stro
1318 3502 1417 3523 contra
1432 3492 1634 3521 inhibitionem
1648 3489 1780 3520 nostram.
2270 3524 2275 3530 ¹
2311 3495 2341 3518 Ε,
2359 3500 2385 3518 2.
2398 3497 2425 3528 p.

1268 3517 1406 3563 hiolentes
1420 3530 1496 3568 quod
1509 3529 1656 3567 praedierus
1669 3527 1844 3557 Willielmus
1857 3549 1866 3564 ,
1892 3524 2039 3555 occasione
2053 3522 2289 3567 Transgressioms
2308 3530 2441 3559 unica.m.·

1231 3571 1391 3610 praedidicit,
1409 3579 1457 3606 per
1470 3567 1550 3605 Nos,
1576 3566 1620 3596 vel
1636 3565 1772 3596 Haeredes
1787 3563 1913 3600 nostros,
1938 3560 2118 3605 Billivosseu
2138 3560 2288 3592 Ministros
2314 3576 2354 3594 ιι.

1230 3609 1339 3640 nostros
1354 3607 1558 3646 quoscumque,
1576 3604 1795 3640 Occafionerur,
1814 3601 1980 3631 Molestetur
1994 3609 2023 3629 m
2034 3599 2144 3637 aliquo,
2162 3599 2206 3630 seu
2215 3599 2290 3631 Gra-

1231 3656 1318 3680 vetur.

1272 3685 1304 3716 In
1319 3685 1413 3722 cuju8‚
1431 3683 1492 3713 &e
1823 3716 1827 3720 Ι
1941 3715 1957 3719 ..

1305 3722 1391 3754 Teste
1407 3721 1490 3758 Rege
1503 3719 1575 3757 apud
1590 3718 1719 3757 Stureye,
1741 3725 1783 3754 14.
1800 3714 1846 3745 die
1862 3713 1967 3744 Martii.

1786 3793 1839 3821 Per
1858 3794 1949 3820 Breve
1967 3790 1999 3819 de
2011 3792 2126 3828 privato
2144 3790 2242 3829 sigillo.

1758 4030 1780 4062 B
1785 4031 1806 4062 b
2256 4033 2299 4058 De
