2562 4279
174 145 255 193 156

24 221 151 255 Ann-D·
168 225 391 258 transferendum
404 247 414 262 ,
438 224 472 255 &
491 221 647 254 tenendum
662 243 672 259 ,
689 228 775 259 prout
788 229 841 258 pro
855 218 978 250 feliciori
992 217 1171 256 expeditione
1184 226 1236 247 ne-

44 262 130 301 1336.
170 267 317 306 gotiorum
333 261 502 294 eorumdem
515 261 599 291 fuerit
614 259 795 296 faciendum,

23 302 90 330 Edv.
113 310 139 339 3·
207 304 244 335 Et
265 302 298 332 ad
318 302 416 332 omnia
437 301 486 330 alia
499 324 508 337 ,
534 309 597 337 quie
611 298 733 328 eandem
744 297 847 328 salvam
860 296 1066 327 Defensionem
1082 297 1116 328 &
1130 294 1238 326 Hono-

174 353 234 374 rem
249 340 378 371 nostrum
393 340 423 369 in
436 339 490 368 hac
506 347 581 375 parre
595 338 783 375 contingunt,
802 335 983 372 faciendum,
1002 345 1066 373 quae
1079 344 1131 365 nos
1144 334 1239 365 facere

170 380 332 420 possemuS,
350 377 369 408 si
385 380 531 415 praesentes
547 376 668 406 essemus
681 374 859 416 personaliter
875 383 944 405 tunc
965 374 1090 404 ibidem:

208 418 247 449 Et
260 418 326 448 ideo
342 417 442 453 vobis,
458 415 592 445 omnibus
609 414 643 445 δε
657 413 788 452 singulis,
806 414 836 443 in
852 413 923 444 Fide
940 413 979 444 &'
990 411 1158 451 Ligeantia,
1176 412 1241 449 qui-

170 458 222 488 bus
242 456 323 486 nobis
344 455 478 485 tenemini
494 477 503 491 ,
520 453 704 492 mandamus,
723 452 842 483 firmiter
855 450 1049 489 injungendo,
1065 451 1164 490 quod,
1182 450 1240 480 una

169 505 239 527 cum
261 493 382 532 praefatis
397 515 406 531 ‚
431 492 658 530 Archiepiscopo
672 514 682 530 ,
700 490 862 530 Episcopo,
878 489 1017 528 Gemite,
1035 489 1185 533 Henrico,
1204 489 1238 519 δε

168 533 331 564 Willielmo
345 555 356 569 ,
375 532 510 570 Qatuor
523 554 532 569 ,
550 531 673 567 Tribus,
689 530 723 560 &
740 529 867 560 Duobus
881 537 983 572 eorum
998 529 1136 572 (quorum
1149 527 1240 565 ipsum

169 571 426 609 Archiepiscopum
441 569 576 600 volumus
590 569 647 599 effe
660 568 778 606 Unum)
797 578 865 598 curn
880 577 964 598 omni
981 567 1124 607 diligentis.
1146 568 1180 598 δε
1195 566 1240 596 so-

168 610 315 641 licitudine
330 609 451 640 traCtetis
465 608 545 646 super
559 607 693 648 Negotiis
706 608 886 643 memoratis,

206 648 244 679 Et
258 648 317 686 Ea,
335 657 399 685 quae
415 647 453 678 sic
469 647 622 686 Tractata,
641 645 777 677 Ordinata
811 647 845 677 &
860 644 1064 683 Concordata,
1081 644 1115 675 ad
1130 644 1240 687 Hono7

166 697 229 718 rem
252 687 382 718 nostrum
401 709 410 724 ‚
435 687 469 717 &
491 686 683 717 Salvationem
698 709 708 723 ,
729 695 763 716 ac
785 669 996 715 {Defensionem
1010 706 1020 722 ,
1046 684 1132 726 iPsluS·
1142 682 1240 722 Regni

167 727 285 763 fuerint,
305 733 389 763 prout
404 724 439 754 ad
454 735 506 755 vos
518 726 552 755 &
568 724 726 763 quemlibet
739 722 868 755 vestrum
879 724 1018 762 pertinere
1034 723 1185 767 noveritis,
1204 721 1238 752 &

168 774 255 803 prout
275 765 358 794 vobis
370 786 380 802 ‚
405 773 455 801 per
470 763 621 800 prcediffms
636 762 744 793 Fideles
759 761 890 800 nostros,
908 770 943 792 ex
958 770 1036 799 parte
1048 760 1162 799 nostra,
1179 760 1240 799 ple-

168 803 239 873 nug¹
247 804 428 872 injungetggr,
448 801 578 833 studeatis
589 801 776 835 effectualiter
791 802 825 832 &
841 800 957 832 viriliter
971 799 1132 837 adimplere.

251 852 287 871 cu
300 851 329 871 us
402 851 427 871 c.

242 851 436 919 Tgste'Rege
451 879 526 919 apud
540 879 696 918 Bothevill,
715 879 870 910 undecimo
883 877 928 908 die
942 876 1122 908 Decembris.

860 957 914 984 Per
929 954 1010 994 ipsmn
1025 956 1132 992 Regem.

378 1096 427 1127 De
443 1092 616 1127 intendendo
627 1095 839 1142 Commiffizriis
855 1094 1023 1129 anteciiclis.

18 1187 97 1220 Anti.
113 1185 154 1218 D.
169 1189 255 1248 RE
266 1188 316 1228 X,
333 1188 486 1219 Universis
509 1190 542 1221 ὃ(
564 1189 679 1228 singulis
692 1213 702 1228 ,
727 1189 892 1221 Comitibus
905 1213 916 1228 ,
941 1190 1114 1228 Batonibus,
1134 1190 1238 1222 Militi·

40 1227 127 1266 1336.
239 1229 291 1258 bus
307 1251 316 1266 ‚
342 1227 503 1258 Adniirallis
553 1227 780 1260 Vicecomitibus
793 1252 803 1267 ,
824 1228 1001 1267 Majoribus,
1022 1228 1150 1268 Billivis,
1170 1229 1238 1261 Do-

18 1269 71 1293 An.
91 1276 134 1294 io.
167 1268 269 1305 minis,
287 1266 449 1306 Magistris,
465 1267 498 1298 ὃς
516 1252 674 1299 &ianuariis
691 1292 700 1305 ,
718 1267 868 1305 Navium,
889 1268 923 1298 &
946 1266 1046 1297 Probis
1061 1267 1238 1300 Hominibus

20 1309 50 1331 E.
71 1314 96 1340 3·
165 1307 200 1338 δε
214 1305 499 1344 Communitatibus,
518 1316 572 1336 nec
588 1316 648 1337 non
661 1306 718 1336 aliis
734 1305 874 1336 Ministris
888 1306 922 1336 ὃς
937 1305 1079 1336 Fidelibus
1094 1307 1238 1345 suis,om-

17 1342 123 1372 Ibidem.
165 1346 248 1376 nium
263 1346 296 1376 sc
311 1344 486 1384 singulorum
500 1344 638 1375 Portuum
655 1346 689 1376 δε
700 1344 851 1383 locorum,
870 1345 930 1375 tiim
942 1367 952 1381 ,
968 1343 1119 1384 videlicet,
1140 1346 1237 1385 Qin-

166 1394 223 1421 que
242 1383 386 1414 Portuum
408 1382 574 1413 nostrorum
591 1406 601 1421 ,
619 1385 705 1422 quam
719 1384 858 1422 aliorum,
876 1383 912 1413 ab
926 1383 988 1413 Ore
1002 1381 1096 1422 Aquae
1112 1384 1236 1416 Thami-

166 1423 231 1462 siae‚
250 1423 343 1455 versus
359 1431 448 1460 partes
460 1422 676 1461 Occidentaies,
694 1422 754 1453 tam
769 1422 842 1453 infra
857 1422 1032 1461 Libertates,
1051 1423 1138 1461 quam
1150 1432 1236 1464 extra,

165 1461 201 1493 ad
217 1472 306 1499 quos,
324 1463 384 1493 &e
404 1460 540 1491 Salutem.

205 1501 311 1540 Nuper
332 1500 372 1535 (ut
392 1509 446 1539 pro
461 1508 541 1530 certo
556 1498 755 1536 intelleximus)
771 1499 869 1530 David
884 1499 921 1531 de
935 1499 1039 1540 Bruys‚
1057 1500 1092 1532 &
1105 1502 1237 1533 nonnulli

166 1539 213 1571 alii
226 1539 263 1570 de
278 1537 375 1569 Scotia
388 1560 398 1576 ‚
423 1537 531 1568 Hostes
551 1537 656 1576 nostri,
674 1539 707 1570 ὃς
721 1539 771 1569 fibi
784 1538 987 1577 Adhaerentes,
1005 1539 1153 1577 copiosam
1170 1541 1237 1572 Na-

167 1579 249 1610 vium
269 1578 302 1609 &
323 1576 478 1607 Galearum
497 1576 717 1608 Multitudinem
733 1601 743 1616 ,
770 1579 799 1607 in
821 1577 935 1609 diversis
956 1577 1026 1608 locis
1040 1579 1120 1616 supra
1135 1578 1236 1619 Mare,

165 1619 201 1650 &
221 1618 305 1647 etiam
327 1617 357 1645 iri
376 1616 432 1646 aliis
454 1616 525 1646 locis
561 1615 596 1646 &
610 1615 755 1647 Portubus
768 1615 892 1655 Exteris,
910 1626 968 1647 con
1002 1618 1074 1656 egari
1089 1617 1237 1658 fecerunt,

164 1656 199 1688 &
215 1655 391 1686 Mercatores
404 1655 438 1685 &
450 1654 519 1685 alios
533 1638 627 1694 Regni
640 1654 729 1685 nostri
741 1664 791 1693 per
808 1654 892 1685 Mare
906 1663 965 1685 tran
978 1664 1076 1687 euntes
1098 1656 1237 1689 host-„iliter

165 1694 337 1734 agredientes
351 1718 360 1732 ,
387 1693 447 1723 tam
467 1692 586 1731 Naves,
604 1703 637 1724 ac
657 1693 750 1732 Bona,
768 1694 802 1725 &
817 1692 892 1732 Res,
911 1694 1035 1728 ipsorum
1048 1694 1236 1727 Subditorum

165 1733 350 1770 nostrorum,
368 1732 454 1770 quam
470 1732 602 1770 quasdam
616 1732 678 1762 alias
691 1732 727 1762 N
729 1742 793 1763 aves
807 1742 898 1772 prope
915 1733 1014 1764 Litora
1026 1733 1125 1764 Insulae
1133 1734 1236 1766 Veetae

166 1773 184 1791 ⁴⁸
201 1773 326 1811 jacentes
341 1770 514 1809 Ancoratas,
532 1769 742 1801 Mercatoribus
756 1771 790 1801 &
804 1771 964 1801 Marinariis
975 1794 986 1810 ,
1003 1773 1033 1802 in
1048 1772 1131 1802 dictis
1141 1773 1237 1804 Navi-

164 1812 217 1842 bus
232 1809 412 1842 existentibus
427 1833 437 1848 ,
464 1810 591 1847 nequiter
614 1809 783 1846 interfectis,
802 1809 902 1847 pluries
918 1818 1070 1848 ceperunt,
1089 1811 1123 1841 &
1137 1811 1235 1843 secum

167 1850 342 1880 abduxerunt
357 1873 365 1885 ,
391 1847 546 1886 Insulasque
568 1847 676 1878 nostras
699 1848 735 1878 de
749 1848 913 1889 Gerneseye
929 1849 1085 1888 &Jeresye
1099 1850 1235 1882 hostiliter

165 1889 250 1918 etiam
273 1887 334 1917 sunt
354 1885 465 1925 ingressi
478 1911 488 1925 ,
513 1886 646 1917 Incendia
658 1910 668 1925 ,
693 1887 881 1925 Homicidia,
899 1888 932 1919 ἃ
947 1888 996 1918 alia
1012 1888 1090 1918 Mala
1106 1889 1139 1919 &
1155 1890 1236 1921 Faci-

167 1936 252 1965 nora,
271 1926 331 1956 tiim
354 1925 462 1955 ibidem
477 1947 486 1964 ‚
503 1926 590 1963 quam
607 1925 686 1966 supra
702 1924 803 1964 Mare,
821 1925 1009 1957 diversimode
1023 1928 1056 1959 δε
1071 1928 1235 1960 inhumani-

165 1973 208 1996 ter
222 1972 425 2002 perpetrantes:

203 2003 241 2034 Et
256 2026 266 2042 ,
290 2003 357 2034 lic‘et
379 2012 481 2033 omncs
495 2003 529 2034 ὃ(
544 2002 659 2042 singulas
671 2002 773 2034 Naves
786 2003 929 2035 Portuum
944 2004 978 2035 &
993 2004 1147 2037 Locorum
1161 2016 1233 2044 prae-

163 2042 309 2073 dic'torum
322 2064 331 2079 ,
351 2051 414 2080 quae
428 2051 481 2079 pro
496 2041 610 2073 Guerra
625 2041 718 2073 valere
734 2050 885 2081 poterunt,
903 2053 957 2081 pro
972 2043 1137 2075 defensione
1150 2045 1233 2084 Reg-

163 2082 194 2111 ni
222 2080 310 2111 nostri
332 2080 366 2111 &
383 2080 571 2111 Subditorum
591 2080 760 2112 nostrorum
775 2104 784 2119 ,
808 2091 842 2112 ac
861 2082 1020 2120 repulsione
1042 2081 1233 2116 Inimicorum

162 2118 328 2150 nostrorum
351 2119 554 2158 praediecorum
569 2144 578 2158 ,
605 2119 715 2150 arestari
766 2121 799 2151 &
821 2120 858 2151 de
882 2120 997 2152 Guerra
1016 2123 1137 2161 muniri,
1155 2124 1233 2154 &in

161 2159 245 2189 certis
259 2158 330 2189 locis
344 2167 451 2198 congre
471 2159 525 2197 nri,
544 2159 577 2191 &
598 2158 678 2197 supra
703 2145 788 2189 Mare
809 2169 878 2190 cum
893 2159 1052 2192 Admirallo
1067 2161 1158 2193 Flotae
1179 2172 1233 2194 no-

164 2197 228 2229 strae
240 2197 371 2228 Navium
388 2207 447 2238 prae
469 2197 588 2228 terarum
604 2198 834 2229 mandaverimus
849 2198 1008 2238 proficisci,

200 2235 270 2274 Ipsae
285 2236 488 2267 nichilominus
505 2238 660 2275 quicquam
670 2262 679 2273 ,
697 2236 778 2275 quod
792 2237 889 2268 fecisse
904 2238 1077 2277 debuerant,
1095 2238 1234 2272 hadieni'is

162 2284 223 2306 non
239 2274 383 2314 fecerunt,
399 2285 572 2314 quamquam
592 2285 646 2313 pro
661 2275 846 2306 Profec‘tione
866 2276 1030 2315 hujusmodi
1045 2278 1162 2309 diversas
1179 2279 1234 2310 Pe-

164 2315 311 2344 cuniarum
327 2313 473 2352 Summas,
492 2314 619 2353 liberari,
640 2314 673 2345 ὃς
691 2313 802 2344 easdem
814 2314 992 2347 Hominibus
1005 2315 1039 2346 ad
1056 2316 1164 2356 Arma,
1182 2318 1233 2350 Sa-

163 2353 294 2391 ginatus,
314 2354 348 2384 &
363 2353 418 2383 aliis
435 2353 568 2390 Atinatis,
587 2355 691 2383 muniri
704 2353 875 2392 fecerimus,

169 2394 171 2397 ’
202 2390 251 2421 Set
266 2389 412 2429 Magistri,
431 2390 597 2430 Marinarii,
614 2392 648 2422 δε
663 2392 705 2421 alii
720 2391 879 2431 Homines,
899 2393 927 2422 in
944 2392 1078 2423 Navibus
1100 2404 1165 2432 quae
1180 2406 1234 2434 pro

169 2428 310 2467 obsequio
330 2428 431 2459 nostro
452 2429 592 2466 praedidto
613 2429 651 2460 sic
678 2439 780 2469 paratae
799 2431 910 2460 fuerunt
928 2432 1076 2463 existentes
1124 2433 1235 2466 Graves

168 2466 396 2497 Commotiones
409 2467 443 2497 &
459 2466 670 2498 Contentiones
690 2470 763 2498 inter
787 2468 824 2498 Se
843 2469 1021 2507 suscitcirunt,
1038 2480 1071 2501 ac
1085 2456 1235 2504 Mercato-

169 2513 230 2543 res,
247 2506 282 2537 &
297 2505 365 2536 alios
381 2505 542 2544 Homines,
562 2507 620 2537 tam
635 2506 670 2536 de
685 2506 792 2544 Regno
805 2506 991 2539 &Dominio
1006 2509 1106 2540 nostro
1116 2534 1125 2549 ,
1168 2513 1235 2543 υῖιπι

168 2543 300 2582 aliunde,
317 2543 354 2574 de
374 2543 567 2575 Benivolentia
588 2543 684 2574 nostra
705 2546 739 2576 δε
761 2545 897 2576 Αῐηὶςίῑίὶι
912 2547 1079 2587 existentes,
1098 2549 1134 2580 de
1172 2552 1234 2581 onis

169 2582 223 2613 suis
244 2583 323 2621 supra
343 2581 429 2613 Mare
449 2582 643 2620 depraedarunt
657 2606 667 2621 ,
690 2584 724 2615 δε
747 2584 797 2613 alia
821 2584 926 2614 diversa
943 2585 1039 2625 Mala,
1057 2598 1117 2618 non
1132 2589 1235 2627 absque

170 2620 260 2666 nostri
276 2623 309 2653 ὃς
323 2622 409 2666 totius
425 2621 520 2660 Regni
535 2621 622 2651 nostri
637 2624 715 2660 gravi
732 2622 890 2662 Scandalo‚
909 2634 1119 2666 perpetrarunt,
1138 2628 1234 2667 unde,

169 2669 225 2690 nec
242 2661 378 2690 inmerito
388 2683 397 2698 ,
411 2661 538 2690 intimius
553 2670 793 2691 commovemur:

207 2698 265 2736 Et,
290 2699 355 2737 quia
370 2699 429 2737 jam
451 2697 486 2728 ad
509 2698 640 2729 nostrum
662 2700 789 2736 pervenit
804 2699 932 2731 auditum
946 2701 1027 2739 quod
1041 2702 1111 2733 dieti
1127 2703 1235 2735 Hostes

172 2737 260 2767 nostri
274 2761 284 2776 ,
308 2739 343 2769 ὅ(
365 2739 405 2768 eis
420 2737 620 2776 Adhaerentes,
639 2738 801 2776 hujusmodi
818 2739 979 2777 Navigium
993 2741 1023 2770 in
1037 2743 1136 2780 majori
1151 2744 1236 2781 copi&

169 2775 205 2805 de
225 2775 338 2806 Guerrii
361 2777 474 2814 parari,
498 2776 532 2807 &
553 2777 583 2806 in
600 2777 682 2807 certis
692 2777 762 2807 locis
776 2779 944 2817 congregari
957 2778 1045 2810 indies
1061 2781 1235 2821 moliuntur,

171 2813 206 2844 ad
225 2815 441 2854 expugnandum
459 2814 526 2846 Nos
540 2838 550 2853 ,
574 2816 607 2846 &
623 2815 760 2855 Regnum
779 2815 927 2855 nostrum,
944 2818 978 2849 &
993 2818 1139 2857 Populum
1153 2820 1236 2858 ipsius

173 2852 287 2891 Regni,
303 2863 357 2893 pro
369 2854 475 2883 viribus
492 2853 685 2893 gravandum,

211 2877 323 2923 (fotura
350 2892 511 2930 hujusmodi
531 2892 674 2923 Malitiam
689 2917 698 2930 ,
729 2893 763 2924 δε
785 2904 837 2932 pro
856 2893 992 2925 Periculis
1005 2920 1015 2934 ,
1044 2906 1110 2934 quse
1133 2897 1235 2929 exinde

175 2930 268 2968 (quod
290 2930 370 2967 absit)
386 2931 462 2968 sequi
485 2939 635 2969 poterunt,
653 2932 805 2971 evitandis,
823 2943 857 2963 ac
874 2933 1050 2972 Repuliione
1063 2936 1236 2966 eorumdem

175 2969 315 3001 Hostium
337 2969 501 2999 nostrorum
514 2992 523 3007 ,
550 2969 724 3000 Remedium
738 2994 748 3009 ,
770 2980 801 3001 ut
814 2979 959 3011 tenemur,
977 2983 1121 3011 apponere
1133 2975 1237 3006 volen-

175 3016 232 3046 tes,
249 3008 416 3046 disponente
428 3007 580 3046 Domino,
597 3017 791 3047 oportunum,

211 3046 418 3086 Affignavimus
431 3047 465 3077 ὅ(
480 3046 692 3085 deputavimus,
710 3046 842 3078 Dileeffls
853 3049 887 3079 &
902 3049 1008 3081 Fideles
1024 3050 1137 3082 nostros
1153 3075 1162 3091 ,
1178 3051 1239 3083 Ve-

172 3087 307 3118 nerabiles
329 3085 423 3116 Patres
437 3110 446 3123 ,
466 3085 631 3124 johannem
654 3086 908 3126 Archiepiscopum
925 3088 1173 3129 Canruarknsem,
1191 3099 1238 3122 to-

174 3128 227 3156 tius
250 3125 360 3162 Angliae
382 3123 557 3163 Primatern,
576 3123 783 3155 Cancellarium
799 3125 945 3164 nostrum,
963 3128 996 3158 &
1013 3128 1042 3158 S.
1063 3129 1238 3168 Episcopum

176 3163 423 3201 Londoniensern,
435 3163 600 3201 johannem
616 3162 652 3193 de
666 3163 832 3202 lVarennss,
850 3164 1000 3196 Comitem
1007 3167 1110 3198 Surriae
1124 3169 1157 3199 &
1172 3168 1239 3200 Sus..

175 3204 277 3240 sexiae,
302 3201 462 3232 Heniicum
489 3201 524 3232 de
546 3201 709 3232 Lancastria
724 3225 734 3240 ,
757 3202 790 3233 ὃς
811 3202 1003 3235 willielmum
1028 3206 1064 3236 de
1085 3204 1214 3245 Clynton
1228 3232 1239 3246 ,

176 3240 424 3271 Constituti-arium
446 3239 539 3270 Castri
559 3240 647 3271 nostri
673 3239 846 3280 Dovorriae,
864 3242 898 3272 &
913 3240 1075 3274 Custodem
1091 3246 1235 3284 Qiinque

177 3280 319 3310 Portuum
335 3278 514 3317 nostrorum,
534 3279 685 3317 Quiatuor,
703 3279 793 3318 Tres,
813 3281 846 3311 ὃ(
860 3279 944 3311 Duos
958 3291 1079 3321 eorum,

217 3319 354 3357 Qorum
367 3317 515 3355 praefatum
528 3318 782 3356 Archiepiscopurn
799 3318 901 3348 Unum
915 3320 972 3349 effe
986 3321 1118 3351 volumus
1127 3344 1136 3359 ,
1155 3323 1188 3353 ὃς
1203 3322 1239 3353 de

174 3365 301 3395 quorum
323 3357 458 3386 omnium
480 3357 597 3394 probata
621 3356 764 3387 Fidelitate
784 3358 818 3388 ὃ(
833 3357 954 3394 provida
971 3357 1238 3398 Circumspeetione

177 3396 291 3433 plenam
311 3394 446 3425 fiduciam
467 3404 487 3424 o
509 3396 629 3425 tinemus
642 3417 652 3433 ,
677 3395 711 3426 ὃς
735 3405 806 3434 quos
826 3397 911 3426 etiam
931 3397 965 3427 ad
987 3407 1076 3435 partes
1088 3399 1144 3429 illas
1157 3399 1190 3430 ea
1204 3399 1241 3431 de

179 3433 263 3465 causi}
279 3434 431 3472 specialiter
445 3433 480 3463 de
507 3435 632 3471 inamus,

218 3472 266 3502 Ad
287 3472 464 3502 [metandum
484 3483 537 3510 pro
557 3473 661 3510 nobis,
687 3473 720 3503 &
742 3473 861 3502 nornine
881 3473 980 3504 nostro
994 3498 1003 3512 ,
1021 3474 1190 3514 vobiscum,
1207 3486 1241 3508 ac

182 3510 239 3540 aliis
251 3509 390 3540 Fidelibus
405 3510 525 3550 nostris,
542 3521 641 3541 coram
662 3509 729 3548 Eis,
747 3511 806 3541 tam
819 3511 855 3541 de
870 3513 1004 3543 mandato
1017 3514 1134 3551 nostro,
1153 3515 1241 3552 quam

183 3549 327 3587 ipsorum,
345 3551 471 3581 venturis
513 3550 545 3580 ad
562 3549 633 3580 Dies
645 3549 679 3580 &
694 3549 791 3587 Loca,
810 3560 881 3587 quos
896 3552 1022 3589 praefati,
1041 3552 1243 3590 Archiepisco-

204 3596 235 3616 us
250 3611 258 3624 ,
277 3584 431 3625 Episcopus
442 3612 450 3625 ,
470 3575 580 3619 Comes
594 3612 603 3627 ,
622 3587 767 3618 Henricus
782 3613 791 3626 ,
809 3588 842 3618 &
863 3588 1038 3619 willielmus
1054 3613 1064 3628 ,
1089 3590 1243 3630 Qatuor,

217 3635 275 3662 res,
293 3626 338 3655 vel
353 3625 425 3656 Duo
446 3636 546 3657 eorum
565 3628 708 3665 (quorum
729 3627 805 3656 idem
825 3628 1060 3667 Archiepiscopus
1084 3629 1173 3659 Unus
1193 3631 1242 3667 sit)

185 3662 314 3706 duxerint
337 3665 547 3702 providendos,
564 3666 644 3703 super
665 3664 841 3695 Defensione
863 3668 897 3696 &
918 3666 1077 3697 Salvatione
1097 3667 1193 3706 Regni
1212 3669 1245 3699 &

186 3699 290 3766 Poipuli
305 3701 470 3733 nostrorum
486 3703 748 3741 praedietorurn,&
758 3703 933 3742 Repulfione
947 3705 1092 3736 dic‘torum
1105 3705 1246 3737 Hostium

188 3746 229 3767 no
255 3749 366 3783 rorum,
382 3741 415 3771 &
435 3743 472 3771 eis
491 3742 724 3779 Adhaerendum,
743 3743 776 3774 ὃς
796 3743 853 3773 aliis
872 3744 991 3783 negotiis
1007 3767 1016 3784 ,
1036 3754 1101 3783 quae
1123 3744 1194 3775 Nos
1213 3745 1247 3776 &

188 3774 298 3805 Statum
313 3778 392 3813 ipsius
407 3779 502 3818 Regni
518 3782 708 3819 contingunt,

213 3813 265 3858 'Et
284 3814 318 3843 ad
340 3814 529 3848 Intentionem
549 3821 583 3850 δε
597 3819 783 3849 Voluntatem
799 3820 923 3850 nostram
938 3822 1040 3860 vobis,
1059 3821 1159 3852 &aliis
1178 3832 1250 3862 prae-

186 3851 344 3920 ἓέἇῃὶὲεῶτῗε
358 3855 518 3895 praemiffis,
536 3859 570 3888 &
585 3867 686 3888 eorum
697 3856 822 3896 effectu,
841 3859 966 3891 seriosius
980 3860 1013 3890 &
1033 3860 1142 3901 plenius
1163 3870 1251 3900 expo-

324 3912 334 3927 7

193 3970 195 3972 q
230 3927 268 3958 Et
281 3927 315 3958 ad
329 3927 515 3972 ordinandum
531 3933 564 3976 ᾅε
580 3933 745 3965 faciendum
759 3936 857 3965 omnia
870 3936 921 3967 alia
939 3936 972 3968 &
987 3936 1182 3982 fiiigula,quae
1189 3937 1252 3968 De-

193 3966 352 3997 fensionem
370 3966 437 3996 (1ιᾶ1
451 3967 563 4008 Regni,
581 3973 613 4002 δε
630 3972 836 4014 Repulfionem
855 3975 981 4012 ipsorum
996 3975 1203 4015 Inimicorum,
1217 3986 1252 4007 ac

195 4004 351 4036 Honorem
366 4004 494 4035 nostrum
507 4008 540 4037 ὃς
556 4007 760 4041 Commodum
775 4035 785 4049 ,
802 4022 998 4052 concernunt,
1015 4015 1061 4045 vel
1078 4024 1253 4046 concernere

194 4051 348 4084 poterunt,
362 4052 448 4083 prout
463 4044 526 4082 ipsis
538 4046 637 4078 melius
649 4049 683 4081 ὃς
697 4049 817 4082 securius
825 4048 972 4083 'videbitur
985 4052 1133 4092 expedire,
1143 4055 1179 4087 δε
1187 4063 1253 4094 quae

17 1770 37 1790 ⁶
56 1773 108 1799 IV.

19 1819 85 1845 7²²·

610 126 1416 177 CONVENTIONES,

1485 123 1872 176 LITERAE‚

1283 221 1337 242 nos
1357 211 1450 242 facere
1469 210 1615 249 possemus
1628 231 1639 250 ,
1664 211 1685 241 si
1706 210 1816 241 ibidem
1840 208 2020 250 personaliter
2044 216 2118 252 tune
2135 205 2273 249 essemus,
2376 203 2453 237 Ann.
2464 209 2505 240 D.

1325 250 1363 281 Et
1374 250 1408 280 ad
1423 249 1619 288 deputandum
1632 249 1731 288 Alios,
1753 249 1840 279 Loco
1854 248 1909 286 sui,
1925 249 2056 286 quotiens
2069 248 2120 285 ipli
2135 248 2169 278 ad
2186 248 2243 279 hoc
2259 258 2359 281 vacare
2396 250 2482 285 1336.

1285 300 1346 320 non
1367 297 1520 327 poterunt,
1537 289 1571 319 ad
1585 288 1755 319 Tractatum
1775 286 1936 326 hujusmodi
1951 286 2126 324 tenendum,
2142 287 2177 318 &
2191 287 2243 318 alia
2256 289 2286 318 in
2297 289 2358 319 for-
2372 287 2441 314 Edv·
2460 292 2489 325 ¹3·

1286 327 1335 358 mii
1350 327 1486 365 praedieifi
1499 327 1682 366 faciendum,

1324 365 1363 397 Et
1384 367 1450 397 ideo
1472 368 1555 398 vobis
1569 390 1580 406 ,
1602 367 1738 397 omnibus
1759 365 1793 396 &
1816 364 1928 404 singulis
1942 388 1952 402 ,
1977 363 2007 394 in
2021 363 2091 394 Fide
2100 387 2109 402 ,
2126 363 2308 403 Dilectione,
2325 366 2359 396 &

1287 404 1460 474 Εἰςεειηῖὲἓὲ,
1484 407 1586 444 quibus
1607 405 1691 436 nobis
1712 405 1848 435 tenemini
1862 427 1872 442 ,
1890 403 2008 434 firmiter
2021 403 2217 441 injungendo,
2235 403 2359 435 Manda-

1287 453 1351 474 mus
1386 454 1404 474 u

1325 454 1426 513 Tafiitis
1439 468 1475 513 δ’(
1488 483 1548 513 tam
1563 483 1708 515 Gravibus
1722 481 1856 513 Periculis
1871 480 2055 511 iminentibus
2068 479 2168 511 debite
2182 480 2358 520 ponderatis,

1326 520 1516 552 Considerato
1529 523 1614 554 etiam
1627 522 1708 561 quod
1727 520 1783 551 PR
1795 528 1874 550 OGE
1886 527 2073 552 Nt’roREs
2093 527 2276 557 NosTRI,
2293 519 2362 551 RF.-

1288 568 1364 590 Gsss
1390 558 1574 591 ANGLIAE
1588 585 1598 599 ‚
1625 569 1669 591 IN
1696 567 1939 600 HUJUSMODI
1967 557 2338 589 Tunnivrionnws
2351 582 2362 598 ,

1288 606 1428 628 inrisit
1448 597 1562 630 Ipsos
1584 608 1636 630 ET
1656 599 1784 630 Amos
1802 598 2058 629 TERRARUM
2078 595 2360 628 EXTERARUM

1286 635 1490 667 DoMINos
1516 645 1651 668 Mo‘ris
1666 662 1676 676 ,
1699 636 1877 668 Domini
1898 636 2039 667 Martis
2060 643 2113 666 ET
2129 634 2361 667 TRANsMA-

1288 684 1386 706 RINI
1411 675 1613 706 PAssAGn
1630 699 1640 714 ,
1672 684 1802 707 ’ro’rrs
1829 682 2115 706 PRAETERITIS
2144 682 2361 706 TEMPORI-

1286 723 1360 745 BUs
1376 737 1386 753 ,
1413 722 1706 744 EXTITERUNT
1718 738 1728 753 ,
1753 716 1788 747 &
1809 715 1967 753 plurimum
1988 713 2059 744 Nos
2079 711 2195 744 taederet
2213 712 2234 744 fi
2250 711 2359 745 Honor

1286 752 1383 783 noster
1399 752 1525 792 Regius,
1543 752 1646 783 nostris
1661 753 1856 793 temporibus,
1874 755 1904 783 in
1919 754 2015 790 aliquo
2030 752 2196 790 laederetur,

1324 791 1361 822 Et
1377 793 1458 830 quod
1474 791 1544 821 Nos
1559 792 1588 821 in
1603 792 1727 829 partibus
1739 792 1864 831 Scotiae,
1878 802 1933 830 pro
1948 791 2126 823 Defensione
2141 789 2264 830 ejusdem
2278 790 2363 832 Reg-

1287 830 1333 868 ni,
1352 831 1385 861 &
1400 830 1516 860 aliarum
1531 829 1687 860 Terrarum
1702 829 1862 861 nostrarum
1883 830 2010 869 ibidem,
2028 832 2139 869 agimus
2153 837 2253 860 contra
2267 830 2361 862 dictos

1287 869 1406 938 Ξςὶςοωε,
1425 870 1474 908 qui
1487 867 1575 899 indies
1591 877 1754 909 expugnare
1768 868 1893 909 satagunt
1907 893 1918 907 ,
1936 880 2020 900 more
2033 869 2114 901 solito
2125 892 2135 908 ,
2154 868 2222 899 Nos
2241 868 2275 900 &
2290 868 2362 901 No-

1314 918 1358 937 ros
1793 911 1801 920 ·

1325 948 1344 965 ³¹²
1363 932 1513 985 ’Quodque
1527 955 1597 984 vos,
1611 945 1645 977 &
1659 946 1757 976 caeteri
1768 944 1917 976 Homines
1930 945 1967 976 de
1984 946 2087 978 eodem
2103 946 2291 986 Regno,pro
2300 946 2364 978 De·
2377 959 2391 976 *i
2415 960 2456 988 IV

1284 985 1413 1055 fensigrie
1426 985 1568 1054 effsdem’
1585 992 1686 1016 contra
1701 983 1842 1016 Hostium
1858 983 2041 1024 InvasioneS,
2059 995 2203 1025 exponere
2225 987 2363 1018 tenemini
2378 1007 2446 1037 723,
2462 979 2468 988 ¹

1285 1034 1338 1055 vos
1376 1033 1386 1042 ⁷
1404 1034 1441 1055 ve
1468 1033 1496 1054 ra

1323 1062 1439 1093 Coram
1460 1047 1597 1101 pmiefiitis,
1615 1061 1860 1100 Archiepiscopo,
1878 1060 2023 1100 Episcopo
2036 1084 2047 1099 ‚
2064 1060 2187 1095 Comite
2204 1064 2266 1095 &c.
2288 1073 2364 1103 quo-

1286 1111 1351 1131 rum
1367 1103 1427 1133 &e
1442 1102 1476 1132 ad
1489 1101 1548 1132 dies
1563 1103 1597 1133 &
1614 1101 1678 1132 loca
1691 1100 1854 1140 hujufinodi
1868 1100 2028 1139 (Dilan‘one
2043 1101 2077 1132 &
2093 1101 2284 1133 Excusatione
2298 1103 2363 1141 qui-

1285 1140 1463 1179 buscumque
1477 1140 1661 1178 cessantibus)
1676 1141 1810 1178 veniatis,
1829 1139 1865 1171 &
1879 1149 1947 1170 cum
1963 1140 2003 1170 eis
2016 1139 2140 1171 tractetis
2155 1150 2224 1171 cum
2246 1141 2365 1182 diligen-

1286 1179 1324 1210 tii
1338 1180 1417 1218 super
1432 1179 1566 1218 Negotiis
1580 1179 1745 1218 antediClis,
1764 1178 1882 1217 ipsisque
1894 1179 2010 1217 pareatis
2025 1178 2059 1209 &
2073 1178 2237 1218 intendatis,

1321 1218 1367 1248 Ac
1383 1218 1426 1249 Ea
1436 1241 1446 1257 ,
1465 1228 1530 1256 quae
1544 1218 1581 1248 sic
1595 1228 1648 1256 pro
1662 1217 1824 1249 defensione
1839 1217 1868 1247 R
1905 1218 1935 1247 ni
1950 1216 2097 1255 &Populi
2110 1217 2275 1249 nostrorum
2289 1228 2364 1258 prae-

1285 1257 1431 1288 diciorum
1441 1280 1451 1296 ,
1471 1258 1504 1287 &
1519 1257 1643 1295 ipsorum
1655 1256 1796 1287 Hostium
1810 1257 1886 1295 repel
1898 1255 1971 1287 enda
1984 1255 2126 1293 nequitia,
2144 1255 2363 1295 Tractatum-

1284 1296 1371 1327 dinari
1386 1319 1396 1334 ,
1415 1297 1448 1327 &
1471 1294 1652 1326 Concordari
1675 1296 1831 1335 contigerit
1843 1319 1853 1333 ,
1873 1295 2002 1325 celeriter
2022 1295 2129 1325 faciatis
2141 1318 2151 1333 ,
2170 1294 2204 1326 &
2226 1294 2362 1327 effectua-

1284 1335 1347 1366 liter
1367 1334 1516 1372 expleatis,
1532 1343 1616 1372 prout
1629 1335 1711 1366 vobis
1726 1345 1776 1373 per
1792 1334 1864 1372 ipsos
1881 1343 1915 1365 ex
1938 1341 2015 1373 parte
2030 1332 2128 1364 nostra
2144 1332 2253 1371 plenius
2269 1335 2362 1373 injun-

1308 1383 1369 1404 etur
1379 1384 1386 1403 1

1285 1384 1306 1412 g
1323 1412 1527 1443 Promittentes
1542 1421 1595 1442 nos
1611 1411 1742 1442 Firmum
1756 1410 1905 1442 &Stabile
1917 1410 2063 1442 habituros
2078 1410 2216 1450 quicquid
2232 1420 2280 1449 per
2289 1421 2364 1450 prae-

1283 1451 1396 1490 dietos,
1416 1450 1674 1488 Archiepiscopum
1687 1451 1750 1482 &c.
1765 1460 1891 1488 quorum
1904 1450 1965 1481 &c.
1979 1449 2167 1488 Traetatum‚
2176 1449 2362 1489 Ordinatum,

1285 1488 1523 1527 Concordatum,
1541 1489 1679 1529 Pastum,
1699 1489 1733 1520 ὃ(
1747 1487 1894 1528 Gestum,
1911 1488 1996 1520 fuerit
2010 1488 2042 1519 in
2055 1487 2207 1520 Praemiffis
2220 1490 2254 1521 &
2271 1490 2364 1528 quoli-

1285 1529 1335 1559 bet
1351 1527 1570 1567 praemifforum.

1323 1566 1362 1598 Et
1386 1567 1455 1598 scire
1474 1577 1527 1598 vos
1547 1566 1683 1598 volumus
1707 1565 1807 1606 quod,
1825 1566 1845 1596 si
1859 1564 1987 1598 vestrum
2001 1565 2128 1605 aliquos,
2144 1566 2174 1597 in
2189 1567 2363 1598 executione

1284 1606 1495 1644 praemifforum
1509 1605 1731 1644 Inobedientes,
1750 1605 1901 1643 Rebelles,
1920 1606 1964 1636 seu
1981 1604 2145 1643 Difficiles,
2163 1606 2194 1635 in
2206 1604 2308 1638 Tanto
2328 1606 2362 1636 &

1284 1644 1398 1676 Grandi
1411 1644 1594 1676 Necessitatis
1616 1644 1765 1682 Articulo,
1783 1645 1936 1685 contigerit
1954 1644 2095 1683 inveniri,
2112 1643 2208 1684 Ipsos,
2225 1652 2363 1683 tanquam

1284 1683 1416 1722 nostros,
1433 1685 1466 1715 ὅ(
1482 1682 1580 1721 Regni
1594 1683 1700 1722 nostri,
1719 1682 1875 1723 Inimicos,
1893 1682 2146 1723 reputabimus‚&
2161 1692 2216 1722 pro
2230 1683 2363 1722 Talibus,

1283 1732 1354 1753 cum
1369 1731 1481 1760 tempus
1494 1722 1521 1752 se
1535 1722 1686 1760 optulerit,
1705 1723 1864 1760 puniemus.

1321 1760 1355 1793 In
1372 1762 1452 1799 cujus
1487 1761 1548 1792 &c.

1359 1799 1450 1830 Teste
1459 1785 1545 1839 'Rege
1559 1799 1635 1838 apud
1649 1798 1811 1838 Bothevill,
1826 1799 1983 1830 undecimo
1996 1798 2043 1831 die
2056 1797 2240 1830 Decembris.

1351 1926 1412 1959 Pro
1430 1922 1612 1958 Textoribus
1637 1921 1808 1957 Brabamiae
1832 1926 1864 1957 in
1882 1924 2035 1972 Angliam
2052 1920 2239 1959 venientibus
2253 1922 2290 1957 de

1719 1973 1911 2006 Protemone.

1284 2058 1435 2128 RElX'
1454 2057 1600 2091 Omnibus
1620 2058 1734 2093 Ballivis
1754 2059 1788 2091 &
1809 2057 1952 2090 Fidelibus
1967 2056 2037 2097 suis,
2054 2056 2089 2088 ad
2103 2066 2192 2096 qum,
2211 2056 2273 2088 &c-
2309 2055 2360 2088 Sa·
2377 2057 2507 2128 Ann.6D‚

1374 2107 1464 2129 utem.
2396 2106 2409 2128 1
2475 2120 2483 2128 ,

1320 2135 1420 2168 Sciatis
1437 2134 1536 2175 quod,
2375 2107 2492 2167 Αηῗόιο.

1319 2175 1402 2207 Cum
1421 2175 1598 2206 Willielmus
1619 2174 1656 2205 de
1675 2173 1815 2213 Brabant,
1830 2174 1864 2205 &
1884 2172 2054 2205 Hanekinus
2076 2173 2114 2204 de
2126 2172 2263 2213 Brabant,
2279 2171 2360 2204 Tex-
2375 2179 2407 2203 Ε.
2428 2185 2455 2213 3.

1281 2222 1356 2246 tores
1370 2214 1407 2245 de
1421 2215 1544 2252 partibus
1558 2213 1731 2252 Brabantiae,
1748 2213 1820 2243 infra
1833 2212 1972 2253 Regnum
1984 2212 2116 2248 nostrum
2131 2212 2178 2243 An
2198 2212 2244 2243 liae
2265 2222 2362 2244 accee-
2375 2218 2435 2243 Par.
2447 2219 2492 2244 104

1281 2252 1383 2292 serint,
1401 2254 1435 2285 ὃ(
1451 2254 1481 2283 in
1495 2252 1621 2284 Civitate
1635 2253 1733 2284 nostra
1747 2251 1880 2283 Eborum
1893 2251 2096 2285 conversentur
2104 2250 2153 2291 ,Ο
2189 2252 2270 2286 cium
2277 2251 2358 2283 suum
2375 2257 2404 2280 Ε.
2415 2259 2473 2290 3.p.

1282 2292 1393 2361 ibildqem
1406 2300 1607 2330 excercentes,
2377 2302 2403 2320 2.
2413 2301 2447 2320 m.
2465 2301 2507 2320 ii.

1318 2341 1505 2401 Atffin’dentes
1527 2378 1578 2407 per
1601 2367 1726 2406 ipsorum
1749 2367 1920 2399 Industriam
1934 2391 1944 2406 ,
1979 2367 1999 2398 fi
2022 2366 2166 2398 Officium
2188 2367 2268 2399 suum
2288 2367 2361 2398 infra

1280 2407 1358 2439 idem
1375 2409 1515 2448 Regnum
1529 2406 1663 2437 nostrum
1680 2416 1866 2446 excerceant,
1884 2407 1984 2438 Nobis
1998 2406 2031 2438 δε
2048 2405 2173 2436 Subditis
2188 2405 2291 2437 nostris
2309 2405 2359 2436 U-

1281 2447 1412 2478 tilitatem
1427 2448 1461 2479 &
1473 2445 1680 2477 Commodum
1695 2446 1761 2477 inde
1778 2446 1860 2484 posse
1876 2445 2070 2486 multipliciter
2084 2445 2215 2488 evenire,
2323 2482 2329 2488 Ι
2354 2482 2360 2487 ¹

1327 2486 1372 2517 Ac
1385 2509 1395 2525 ,
1422 2496 1459 2516 eo
1481 2493 1617 2524 praetextu
1633 2509 1644 2523 ,
1669 2485 1798 2516 volentes
1829 2485 1958 2523 ipsorum
1978 2481 2129 2527 willielmi
2151 2482 2185 2512 &
2215 2479 2360 2511 Hanekmi

1281 2523 1481 2563 Tranquilitati
1496 2525 1530 2556 &
1540 2524 1641 2563 Quieti
1650 2533 1698 2562 ‚ut
1712 2524 1763 2562 ipsi
1771 2522 1885 2554 Officio
1898 2523 1949 2553 suo
1963 2521 2122 2560 diligentius
2136 2528 2235 2550 vaoere
2243 2518 2361 2559 possint,

1281 2564 1443 2602 prospicere
1457 2565 1487 2593 in
1501 2562 1556 2593 hic
1576 2571 1673 2601 parte,
2015 2596 2020 2603 ⁸
2141 2597 2147 2602 .

1319 2602 1501 2640 Suscepimus
1523 2601 1615 2638 ipsos,
1634 2600 1829 2630 Willielmum
1851 2599 1886 2629 &
1905 2596 2094 2628 Hanekinurn
2108 2619 2118 2634 ‚
2138 2606 2169 2626 1n
2194 2595 2358 2627 Protefflo-

1280 2650 1349 2671 nem
1364 2642 1398 2672 δε
1414 2639 1624 2670 Defensionem
1639 2638 1784 2676 nostram,
1803 2637 1875 2667 infra
1884 2635 2024 2674 Regnum
2040 2634 2171 2665 nostrum
2187 2635 2358 2666 conversan-

1281 2681 1398 2747 Pesisgcs
1411 2678 1556 2746 Officsium
1582 2675 1855 2746 siaiisimmpziecdietum
1876 2683 2057 2706 excercentes
2072 2697 2082 2712 ,
2106 2683 2223 2704 necnon
2245 2673 2303 2704 Res
2323 2675 2358 2706 &

1306 2727 1326 2748 0
1391 2726 1471 2747 iones
1495 2725 1542 2746 uas
1577 2726 1595 2745 u
1622 2725 1659 2745 cu
1756 2725 1762 2745 :

1320 2755 1357 2786 Et
1379 2755 1448 2786 ideo
1470 2724 1744 2787 vobisqmandan‘ius
1766 2751 1866 2791 quod,
1884 2749 1946 2786 &a
1954 2757 2036 2790 prout
2051 2753 2081 2781 in
2095 2752 2201 2781 Literis
2215 2751 2248 2781 de
2262 2753 2360 2782 Prote-

1285 2796 1382 2824 cilone.

1319 2833 1352 2863 ln
1367 2833 1461 2871 cujus,
1480 2832 1541 2862 ὅτε.
1554 2840 1604 2869 per
1618 2829 1726 2861 Unum
1748 2830 1868 2860 Annum
1881 2828 2034 2859 duraturas.

1354 2870 1445 2902 Teste
1457 2870 1540 2910 Rege
1552 2868 1627 2907 apud
1641 2869 1796 2907 Bothevill,
1813 2867 1988 2899 duodecimo
2002 2866 2047 2897 die
2062 2865 2246 2897 Decembris.

1976 2945 2030 2974 Per
2046 2942 2129 2982 ipfian
2144 2946 2251 2980 Regem.

1282 3073 1332 3106 Dc
1342 3069 1559 3119 proclamando
1574 3083 1610 3104 ne
1624 3072 1708 3116 Qis
1723 3081 1791 3102 cum
1812 3065 1959 3100 Navibus
1969 3092 1980 3109 ‚
1991 3068 2029 3098 V
2028 3061 2190 3098 iflualibus
2199 3091 2210 3107 ‚
2223 3063 2279 3110 fin
2287 3063 2358 3098 aliis

1423 3118 1540 3163 Rebus,
1558 3120 1594 3166 ft
1609 3117 1777 3164 tranfferat
1796 3115 1841 3150 ad
1847 3125 1950 3164 partes
1966 3113 2215 3158 Transmarinas.

1283 3203 1399 3263 REX
1417 3203 1597 3236 Vicecomiti
1615 3203 1737 3235 Essexiae
1754 3202 1787 3234 &
1804 3199 1984 3231 Hertfordiae
1998 3199 2133 3231 Salutem.
2372 3208 2448 3239 Arm·
2461 3208 2504 3239 D.

1378 3243 1456 3282 Qia
1468 3243 1566 3273 datum
1581 3242 1623 3275 est
1635 3243 1717 3272 nobis
1730 3239 1845 3278 intelligi
1855 3263 1863 3276 ,
1884 3238 1989 3283 quod,
2006 3278 2011 3283 ι
2399 3247 2485 3288 1336·

1319 3281 1397 3312 Non
1411 3281 1589 3311 obstantibus
1605 3279 1833 3310 proclamatione
1849 3278 1882 3307 &
1897 3276 2072 3308 Inhibitione
2087 3277 2190 3315 (nuper
2203 3285 2254 3314 per
2268 3274 2355 3319 Nos,
2370 3289 2422 3314 Aa.
2443 3297 2485 3315 ιο,

1284 3329 1334 3356 per
1346 3327 1440 3350 totum
1456 3319 1599 3357 Regnum
1613 3317 1763 3356 nostrum,
1781 3318 1810 3346 in
1825 3316 1935 3346 iinoulis
1951 3315 2145 3346 Comitatibus
2160 3315 2231 3345 dieti
2244 3313 2354 3354 Regni,
2371 3329 2401 3352 E.
2425 3334 2451 3360 3,

1284 3358 1377 3395 factis)
1399 3358 1436 3388 de
1460 3357 1594 3388 Navibus
1615 3357 1768 3395 aliquibus,
1787 3365 1855 3386 cum
1865 3341 2069 3392 'Victuaiibim
2088 3353 2289 3398 Mercandisis‚
2306 3360 2353 3382 aut
2366 3362 2504 3398 olaus-,0⁴

1284 3396 1341 3426 aliis
1352 3396 1711 3464 lgebusdquibuscumque,
1728 3395 1769 3426 ob
1782 3402 1871 3425 certas
1884 3392 2004 3432 Causas,
2022 3402 2098 3424 ema
2111 3393 2189 3423 idem
2211 3392 2351 3430 Regnum
2367 3405 2397 3428 E.
2409 3411 2434 3438 3,
2450 3411 2487 3430 m.

1286 3444 1347 3465 non
1382 3445 1453 3465 ucen
1476 3445 1497 3465 is
2386 3462 2391 3468 ,
2410 3440 2437 3468 d,

1324 3473 1471 3504 Nonnulli
1491 3458 1670 3504 Mercatores
1684 3496 1694 3510 ,
1719 3472 1753 3504 &
1776 3472 1820 3502 alii
1836 3494 1846 3510 ,
1871 3480 1940 3502 cum
1961 3470 2100 3501 Navibus
2115 3493 2126 3509 ,
2151 3467 2326 3500 Vietualibus
2342 3448 2380 3504 ,4

1288 3510 1490 3550 Mercandifis,
1510 3513 1543 3543 &
1564 3512 1622 3543 aliis
1642 3511 1759 3549 Rebus,
1776 3511 1811 3540 ad
1833 3509 1922 3540 dietas
1941 3518 2032 3548 partes
2045 3508 2162 3539 Exteras
2174 3505 2355 3545 praesumpse-

1288 3551 1344 3580 rint
1361 3551 1387 3581 se
1405 3551 1569 3589 transferre,
1585 3551 1645 3581 tarn
1659 3550 1791 3588 publice,
1811 3549 1897 3588 quam
1911 3548 2049 3586 occulte,

1325 3588 1433 3628 Sicque
1447 3589 1547 3620 Naves
1561 3591 1595 3621 ὃς
1607 3590 1667 3619 aliae
1680 3588 1740 3618 Res
1752 3586 1914 3626 hujusmodi
1929 3597 1980 3625 per
1992 3586 2188 3625 Alienigenas,
2203 3582 2283 3626 supra
2289 3580 2357 3612 Ma-

1290 3637 1337 3666 re,
1357 3638 1427 3658 cum
1448 3628 1582 3659 Navibus
1603 3627 1754 3658 Guerrinis
1768 3650 1778 3665 ,
1798 3635 1899 3656 contra
1917 3625 1986 3656 Nos
2006 3623 2154 3656 existentes
2167 3620 2289 3666 ,saespius
2308 3629 2357 3649 ca-

1290 3667 1419 3704 piuntur,
1436 3668 1465 3696 in
1488 3666 1577 3697 nostri
1599 3665 1769 3696 Scandalum
1789 3663 1973 3695 manifestum
1988 3675 1998 3702 3
2016 3661 2092 3693 unde
2112 3660 2285 3698 plurimum,
2304 3667 2357 3688 nec

1291 3706 1445 3743 inmerito,
1463 3714 1703 3736 commovemur:
2199 3736 2205 3742 ¹

1331 3742 1400 3774 Nos
1416 3744 1555 3781 (volentes
1567 3743 1768 3781 Indempnitati
1777 3741 1963 3773 Subditorum
1976 3737 2142 3783 nostrorum
2157 3736 2281 3779 ubique,
2290 3744 2358 3779 qua·

1293 3781 1376 3812 tenus
1396 3784 1568 3820 poterimus,
1585 3781 1747 3820 providere)
1769 3782 1821 3812 tibi
1837 3781 1937 3822 adhuc·
1952 3785 2134 3820 praecipimus
2147 3798 2157 3812 ,
2174 3774 2302 3818 firmiter*
2312 3784 2355 3803 in-

1291 3821 1440 3858 jungentes
1453 3844 1463 3859 ,
1482 3821 1563 3859 quod
1586 3820 1679 3851 statim
1695 3844 1705 3859 ,
1730 3820 1793 3852 visis
1812 3816 2016 3859 praesentibus,
2041 3825 2070 3844 in
2089 3812 2205 3857 fingulis
2224 3811 2357 3859 Portibus

1297 3857 1405 3898 Maris,
1422 3860 1456 3898 ἃς
1477 3861 1535 3890 aliis
1555 3859 1641 3897 locis,
1659 3860 1687 3889 in
1707 3857 1812 3890 Ballivfi
1836 3857 1902 3894 tua,
1919 3856 1979 3898 tarn
1993 3851 2064 3883 infra
2079 3851 2251 3889 Libertates,
2269 3861 2357 3898 quarn

1297 3906 1390 3935 extra,
1408 3898 1428 3916 ²*
1447 3898 1496 3928 ubi
1518 3897 1622 3929 videris
1645 3897 1792 3936 expedire,
1809 3895 1977 3934 proclamari
1991 3914 2001 3929 ,
2018 3892 2052 3922 &
2066 3912 2076 3927 ‚
2093 3898 2128 3920 ex
2150 3898 2226 3928 parte
2244 3889 2355 3928 nostra,
2371 3899 2387 3919 υ
2405 3900 2459 3927 lv,

1297 3935 1415 3966 firmiter
1429 3936 1511 3968 facias
1525 3937 1667 3975 inhiberi,
1938 3970 1944 3976 ,
1996 3968 2013 3975 ,,
2139 3967 2154 3973 ..
2215 3967 2221 3972 .
2373 3946 2440 3974 724·

1335 3973 1390 4004 Ne
1403 3977 1467 4014 qui,
1485 3973 1679 4014 Mercatores,
1699 3970 1848 4012 Magistri,
1867 3969 2033 4013 Martinam,
2046 3975 2095 3998 aut
2110 3966 2156 3997 ahi
2172 3975 2361 4006 quicumque,

1297 4012 1349 4044 sub
1361 4012 1551 4044 Forisfaetura
1562 4015 1698 4044 omniurn
1712 4021 1777 4049 quae
1791 4010 1874 4040 nobis
1887 4006 2048 4038 forisfacere
2061 4015 2194 4043 poterunt
2202 4016 2288 4046 ,curn
2297 4003 2365 4036 Na-

1299 4052 1401 4091 vssaus,
1416 4050 1618 4092 Vie‘tualibus,
1635 4048 1841 4086 Mercandifis‚
1856 4045 1906 4078 seu
1925 4044 2025 4077 Rebus
2036 4043 2174 4084 aliquibus
2188 4068 2200 4085 ,
2213 4044 2251 4078 ad
2269 4051 2364 4115 {²1³ae
