2562 4279
184 123 260 176 178

36 206 117 238 ‘Ann-
129 205 176 237 D.
186 207 363 239 temerarium
386 205 544 237 Invasorem
557 229 568 245 ,
591 214 720 243 exnunc,
738 205 809 237 ficut
821 206 938 243 impellit
953 206 1112 245 neceffitas,
1130 208 1242 239 diffida-

70 253 155 286 1345.
189 256 274 284 mus,
299 244 487 275 Protestantes
505 254 557 274 nos
576 244 652 274 nolle
673 246 826 282 quicquam
847 246 876 274 in
897 244 1037 276 offensam
1053 246 1142 285 (quod
1157 247 1237 285 abfit)

39 285 107 314 zdv.
126 293 154 321 3.
188 284 344 316 &mititatis
355 283 468 321 vestrae,
487 282 531 312 vel
545 281 621 312 Sedis
635 282 826 320 Apostolicae,
846 293 911 320 quas
931 287 1054 315 revereri
1066 287 1197 323 cupimus
1209 287 1240 316 in

186 323 319 353 omnibus
331 344 342 360 ,
366 331 397 351 ut
417 321 553 351 debemus
567 344 577 357 ,
596 330 648 350 nec
663 322 693 350 in
705 322 819 359 alicujus
833 320 984 360 Injuriam,
1001 332 1180 363 attemptare,
1200 324 1240 355 set

186 361 278 392 solum
291 369 358 390 curn
373 359 503 390 ordinato
524 358 718 389 moderamine
735 359 802 397 Jura
817 359 912 390 nostra
927 361 1074 401 prosequi,
1093 363 1127 394 ὃς
1142 363 1241 394 defen-

190 400 256 430 dere
268 408 320 428 nos
334 399 366 428 &
379 397 482 428 nostra.

226 437 426 475 Quamobrem
434 435 610 474 Apostolicae
621 435 799 467 Reffitudini
832 446 897 474 quae
911 439 1025 469 metitur
1038 439 1148 479 singulis
1161 439 1245 478 aequi

190 475 292 513 Libra,
310 474 440 505 devotius
453 477 486 506 &
501 474 651 512 humilius,
670 484 729 512 quo
744 459 816 512 pois
829 485 890 506 mus
904 500 914 514 ,
940 477 1125 515 supplicamus
1147 487 1244 516 quate-

189 523 259 551 nus,
276 512 418 550 praemiffis
433 515 462 543 in
478 513 579 543 debitae
592 513 817 543 considerationis
831 515 960 545 examine
974 516 1108 547 revolutis
1142 517 1244 554 digne-

189 560 234 582 tur
255 551 343 581 vestra
364 551 524 582 Clementia
542 552 578 581 de
597 551 681 581 nobis
703 552 829 589 benigne
850 552 965 592 sentire,
983 556 1016 585 &
1033 541 1176 585 excuutos
1191 565 1244 586 nos

190 590 304 626 habere,
324 598 407 627 prout
421 599 535 628 aequum
550 590 649 627 fuerit,
667 590 697 619 in
713 590 765 620 hac
779 599 872 630 parte,
890 602 956 622 nam
970 601 1085 634 propter
1098 594 1243 624 defectum

190 627 323 658 Remedii
343 628 405 658 haec
425 628 543 658 facimus
564 629 657 665 (novit
678 627 844 663 Altiffimus)
865 630 899 660 &
921 633 1001 662 inviti
1017 643 1027 669 ς
1043 633 1134 663 votivi
1148 640 1244 662 tamen

189 667 298 705 semper
310 668 411 697 erimus
426 668 459 698 &
473 667 556 705 parati
572 666 676 696 Pacem
697 668 891 697 rationabilem
911 670 1093 701 amicabiliter
1114 670 1246 701 admitte-

189 714 237 743 re,
254 706 325 736 cum
340 715 402 735 eam
415 705 519 736 habere
536 706 689 743 poterimus
703 705 784 736 bono
798 706 898 737 modo.

227 743 398 782 Conservet‚
416 745 475 774 ὅτε.

224 780 292 813 Dat.
311 782 383 821 apud
397 781 686 813 Westmonasterium
696 805 706 821 ,
723 782 860 813 vicefimo
875 783 952 815 sexto
969 784 1016 815 die
1032 784 1116 815 Maii.

240 905 299 940 Ad
314 905 506 949 Cardinales,
523 906 615 953 fitper
624 906 754 952 praefata
771 908 943 940 Armorum
961 906 1196 943 denunciatione.

190 986 400 1045 REverende
411 990 492 1036 Pater
505 991 539 1022 &
553 991 655 1036 Amice
670 991 816 1023 cariffime.

288 1029 364 1069 Qua
386 1029 532 1060 Dominus
555 1029 698 1068 Philippus
715 1031 752 1061 de
767 1029 878 1061 Valesio
893 1030 971 1068 plura
983 1040 1084 1063 contra
1096 1032 1244 1074 Treugas,

35 977 112 1009 Anu.
128 978 170 1014 D.

57 1026 113 1056 134

68 1067 86 1084 1.
110 1067 117 1082 Ι

33 1059 69 1083 ‘¹'
124 1066 150 1091 9·
187 1066 260 1097 inter
272 1078 323 1099 nos
339 1071 372 1100 δε
386 1069 494 1106 ipsum,
512 1068 553 1099 ob
564 1070 750 1099 reverentiam
767 1069 889 1100 Domini
901 1069 1014 1100 Summi
1029 1070 1193 1110 Pontificis,
1207 1075 1241 1104 &

33 1098 69 1137 E..
86 1104 110 1130 3·
187 1104 264 1137 Sedis
279 1106 470 1145 Apostolicae,
485 1117 518 1137 ac
534 1106 617 1137 vestri
631 1107 766 1139 solicitam
781 1107 939 1138 instantiam
956 1131 965 1147 ,
984 1109 1012 1138 in
1027 1108 1170 1142 Britannia}
1183 1112 1242 1150 pri-

32 1132 136 1161 ¹⁶¹dm¹=
183 1142 250 1174 dem
266 1155 373 1184 captas,
389 1147 500 1176 notorie
512 1147 705 1184 attemptavit,
723 1156 771 1186 per
786 1155 850 1185 quae
865 1145 951 1176 dictae
966 1147 1092 1187 Trcugae
1111 1159 1162 1188 per
1177 1150 1242 1181 cul-

181 1191 247 1219 pam
262 1184 338 1214 suam
354 1184 508 1215 noscuntur
521 1183 680 1223 disl'olutae,

217 1220 257 1252 Et
270 1222 349 1261 licet,
368 1232 421 1261 pro
435 1222 564 1253 habenda
579 1222 799 1253 Reformatione
813 1222 957 1253 distoriim
973 1222 1239 1266 Attempratorum,

32 1279 85 1309 *V
97 1290 154 1320 455
180 1257 315 1291 fuerimus
334 1271 402 1292 cum
420 1261 546 1292 instantii
566 1261 661 1292 debite
684 1262 837 1301 prosecuti,
855 1263 941 1306 parati
957 1262 1034 1299 juitta
1053 1263 1192 1303 formam,
1210 1267 1239 1296 in

181 1297 262 1329 dietis
278 1298 402 1337 Treugis
415 1309 599 1337 contentam,
619 1301 636 1319 ’Ν
657 1301 685 1330 in
699 1300 833 1330 omnibus
848 1303 940 1330 tacere
955 1301 1033 1338 quod
1047 1302 1206 1342 incumbit,

219 1335 299 1368 Idem
313 1347 407 1369 tamen
420 1337 563 1377 Philippus
577 1338 823 1369 Reformationein
836 1338 959 1377 aliquam
971 1339 1064 1371 facere
1079 1351 1141 1372 non
1156 1352 1239 1374 cura-

179 1375 238 1414 vit,
255 1376 293 1407 set
306 1377 414 1415 semper
424 1377 611 1408 accumulavit
626 1377 703 1408 Mala
718 1377 820 1414 Malis,

215 1414 310 1454 Ipsum
331 1416 493 1454 impellente
512 1414 668 1446 neceffitate
684 1439 693 1454 ,
717 1425 748 1446 ut
771 1414 938 1446 violatorem
950 1415 1092 1448 dinatum
1107 1419 1238 1460 Treuga-

181 1463 264 1492 rum,
279 1464 312 1485 ae
324 1454 477 1485 Inimicum
493 1455 527 1485 δε
541 1453 752 1485 Persecutorem
770 1453 899 1484 nostrum
913 1453 1070 1493 Capitalem
1080 1479 1090 1495 ‚
1107 1457 1238 1490 duximus

179 1491 395 1530 Diffidandum,
413 1493 481 1523 licut
496 1501 530 1523 ex
543 1493 626 1530 copia
640 1493 808 1524 Litterarum
824 1492 983 1523 nostrarum
998 1518 1007 1532 ,
1029 1494 1109 1534 super
1125 1497 1183 1528 hoc
1197 1499 1238 1528 ei-

178 1530 246 1563 dem
262 1531 396 1562 Domino
416 1531 537 1561 Summo
556 1529 689 1562 Pontifici
712 1531 902 1570 directarum,
918 1532 970 1562 hiis
982 1533 1090 1565 inclusa
1127 1535 1237 1574 plenius

177 1572 280 1608 poterit
292 1579 437 1608 apparere,
458 1569 535 1608 quod
551 1569 659 1600 Amicis
673 1570 706 1601 &
722 1570 777 1600 aliis
792 1570 881 1601 velitis
899 1570 930 1608 (li
946 1571 1049 1608 placet)
1069 1559 1236 1614 ostendere,

177 1616 207 1639 ut
216 1609 253 1678 ᾗῇ
268 1608 392 1677 nostriani
407 1608 623 1640 Excusationem
637 1610 666 1639 in
678 1609 822 1648 publicam
837 1610 930 1641 veniat
944 1610 1105 1642 notionem.

249 1656 284 1678 at.
301 1655 330 1678 ut
354 1657 431 1685 upra.

279 1723 316 1755 Et
331 1724 488 1764 diriguntur
503 1724 619 1756 Litterae
632 1724 777 1764 praedietae
790 1723 965 1766 subscriptis3
983 1726 1128 1766 videlicet,

212 1801 330 1830 Domino
347 1803 379 1831 P.
400 1800 524 1840 Episcopo
540 1799 685 1839 Penestrin.

210 1841 329 1870 Domino
344 1842 385 1870 A.
404 1839 527 1879 Episcopo
544 1838 684 1879 Tusculan.

173 1913 247 1948 Item
256 1913 424 1947 Confimiles
437 1915 552 1947 Litterae
563 1915 718 1956 diriguntur
732 1914 833 1947 subscri
855 1917 905 1956 tis,
923 1918 1046 1956 exceptis
1061 1917 1113 1950 hiis
1126 1919 1234 1959 verbis,

249 1965 281 1984 ac
292 1954 376 1995 vestri
384 1953 520 1995 solicitam
535 1954 712 1996 instantiam,
726 1955 776 1986 sub
791 1954 823 1987 ea
845 1965 892 1986 em
905 1955 986 1996 data,
1004 1956 1155 1997 videlicet,

206 2034 321 2063 Domino
334 2034 365 2061 T.
381 2031 466 2062 Tituli
479 2034 573 2062 Sanni·
587 2034 666 2062 Petri
681 2032 721 2062 ad
728 2032 841 2063 vincula
857 2032 1006 2064 presbitero
1024 2034 1172 2066 Cardinali.

204 2074 320 2101 Domino
333 2073 366 2100 R.
387 2072 494 2102 Sanffiae
512 2074 614 2102 Μανία»
629 2073 722 2102 Novae
739 2074 860 2102 Diacono
875 2072 1026 2103 Cardinali.

206 2199 256 2231 De
272 2198 383 2230 Literis
395 2195 538 2243 praediHis
549 2224 558 2240 ‚
586 2200 668 2246 Papae
684 2201 720 2237 (ῤ’
745 2195 959 2232 cardinalibus
970 2196 1189 2244 praefintandis.

19 2282 95 2315 Ann.
110 2284 151 2317 D.
172 2285 227 2341 R
238 2282 263 2314 E
274 2282 323 2321 X,
340 2282 445 2314 dilecto
459 2283 508 2313 sibi
522 2284 551 2314 in
565 2282 697 2322 Christo,
716 2283 802 2314 Fratri
813 2282 940 2322 Johanni
951 2282 987 2314 de
999 2283 1130 2323 Reppes,
1148 2284 1228 2317 Salu-

18 2332 129 2398 Αἷιῖῒζ.
204 2330 346 2391 Μίῐῐῗίῐῃπὶυς
359 2360 443 2390 vobis
455 2359 584 2398 quasdam
600 2360 718 2391 Litteras
730 2384 739 2397 ,
768 2359 866 2399 sigillo
888 2360 986 2392 nostro
1008 2360 1119 2400 Magno
1132 2361 1224 2399 signa-

17 2403 47 2426 Ε.
69 2410 93 2437 3.
163 2406 220 2437 ωε,
239 2398 373 2429 Domino
396 2399 518 2429 Summo
539 2398 694 2438 Pontifici,
712 2400 746 2430 &
763 2400 896 2438 Qatuor
910 2397 1122 2438 Cardinalibus,
1140 2400 1223 2431 Ami-

16 2437 79 2467 lbid.
165 2438 204 2468 cis
215 2437 331 2481 nostris,
351 2437 514 2480 intitulatas,
798 2477 802 2482 ,
845 2476 851 2482 .
927 2477 931 2481 ι
967 2477 972 2481 ¹
1088 2477 1093 2482 ι
1143 2478 1147 2482 Α

165 2474 551 2557 ὀὶὲἓῗηὲιάζὲκῗέᾃᾛῗ
565 2475 1218 2557 Ξὲὶᾞῖἓῗεῗῖἰᾘἓῖφὲέὲῗὲἓρῗέῗέῗὴᾞῗ,

165 2552 186 2582 fi
208 2560 276 2582 tunc
298 2552 354 2582 illas
375 2553 530 2589 receperitis
543 2575 552 2591 ,
570 2553 616 2582 vel
629 2553 711 2594 alias,
730 2554 897 2595 quamcitius
910 2552 1098 2590 postmodum
1114 2554 1148 2585 ad
1165 2565 1219 2586 vos

163 2591 313 2628 venerint,
329 2591 513 2629 praesentetis,
531 2590 576 2620 vel
591 2593 746 2628 proeientari
759 2592 877 2623 iaciatis:

200 2628 238 2659 Et
254 2629 311 2659 hoc
326 2629 479 2659 nullatenus
492 2630 635 2660 omittatis.

237 2666 304 2698 Dat.
326 2667 452 2705 utsupra.

1210 2500 1220 2516 2

393 2793 442 2824 De
452 2789 618 2836 festinando
644 2790 688 2823 ad
701 2800 801 2837 partes
819 2792 988 2823 Britanniae.

227 2874 253 2906 E
262 2875 293 2906 X
316 2874 420 2912 Maiori
435 2876 468 2906 ὃς
481 2874 705 2905 Vicecomitibus
718 2874 896 2911 Londoniie,
915 2874 1048 2906 Salutem.

260 2915 337 2953 Qiia
355 2914 454 2944 Terrae
476 2914 509 2944 &
531 2914 671 2944 Dominia
691 2914 785 2943 nostra
805 2915 833 2943 in
856 2913 992 2943 Britannia
1008 2923 1112 2954 magno
1124 2914 1213 2954 subja-

161 2960 241 2982 ceant
255 2952 407 2984 amiffionis
420 2952 563 2991 periculo,
582 2952 630 2981 nili
652 2951 798 2988 homines,
816 2951 850 2981 ad
871 2951 959 2982 dictas
972 2962 1077 2991 partes,
1095 2964 1148 2992 pro
1164 2955 1214 2984 lal-

160 2992 274 3060 l'at'ipns
286 2993 319 3060 &ft
325 2991 495 3059 P<cl-efenlione
507 2990 668 3021 mrumdem
678 3014 687 3029 ,
702 2990 874 3028 profecturi,
893 2989 927 3020 ad
941 2990 1050 3021 easdem
1062 3002 1152 3030 partes
1164 3002 1211 3023 cc-

171 3038 242 3060 erius
268 3040 283 3060 e
309 3040 323 3060 e
351 3038 427 3060 inenr

198 3067 290 3098 Vobis
305 3052 486 3106 mandam’us,
504 3066 621 3097 firmiter
634 3066 824 3106 injungentes,
841 3066 920 3104 quiid
935 3066 1043 3106 statim,
1061 3067 1125 3099 vifis
1138 3079 1212 3106 prae-

162 3104 300 3144 sentibus,
317 3108 344 3136 in
360 3105 482 3137 Civitate
495 3106 647 3145 praedicta,
663 3106 691 3135 in
705 3106 774 3136 locis
786 3105 833 3136 ubi
846 3105 945 3136 melius
964 3106 1096 3144 expedire
1109 3108 1212 3138 videri-

160 3144 209 3182 tis,
227 3144 330 3176 faciatis
344 3145 455 3182 pubiic'e
469 3144 649 3182 proclamari,

198 3182 292 3221 Qiod
306 3192 407 3214 omnes
419 3183 452 3214 δε
467 3182 580 3220 singuli,
599 3183 656 3212 tam
670 3180 810 3212 Homines
825 3180 858 3211 ad
868 3181 972 3221 Arma,
991 3183 1076 3221 quam
1091 3182 1210 3222 Sagitta-

157 3221 188 3252 rii
202 3221 234 3255 &
249 3222 311 3260 alii,
327 3222 375 3259 qui
389 3230 474 3257 cum,
492 3220 596 3251 dilecto
614 3218 836 3258 consanguineo
852 3220 884 3250 &
898 3220 982 3251 Fideli
998 3221 1115 3260 nostro,
1134 3222 1210 3252 Wil-

157 3259 256 3290 lielmo
268 3259 304 3290 de
318 3259 418 3290 Bohun
427 3282 436 3297 ,
454 3258 574 3289 Comite
586 3258 722 3289 Norbam
745 3259 830 3288 toniae
845 3282 855 3297 ,
879 3258 912 3288 &
933 3259 988 3289 aliis
1002 3259 1143 3291 Fidelibus
1155 3271 1209 3291 no-

156 3296 217 3328 stris
231 3298 277 3336 (ad
291 3297 380 3329 dietas
400 3307 487 3336 partes
500 3297 648 3328 Britanni-ae
669 3307 724 3335 pro
744 3296 807 3327 cisci
821 3297 964 3335 ordinatis)
979 3297 1039 3328 sunt
1055 3299 1134 3337 ituri,
1152 3299 1209 3329 fine

155 3335 288 3367 dilatione
300 3337 392 3367 versus
406 3336 584 3366 Portesinuth
597 3335 716 3374 dirigant
729 3334 834 3372 greffus
847 3334 926 3372 suos,
944 3336 980 3366 ita
994 3336 1073 3374 quod
1087 3337 1139 3368 sint
1154 3337 1209 3367 ibi-

156 3374 240 3412 dem,
258 3375 306 3406 sub
319 3375 489 3405 forisfactura
502 3375 633 3404 omnium
647 3383 711 3412 quae
725 3374 806 3403 nobis
820 3373 979 3404 forisfacere
999 3384 1144 3413 poterunt,
1163 3375 1207 3405 die

157 3410 249 3444 Lunae
272 3414 316 3444 vel
337 3413 437 3444 Martis
456 3413 589 3452 proximo
607 3412 702 3442 futuro
721 3411 754 3442 ad
771 3411 917 3450 ultimum,
935 3414 1060 3452 prompti
1073 3413 1106 3444 &
1121 3415 1207 3452 parati

155 3451 190 3481 ad
205 3451 306 3481 exinde
320 3451 470 3482 velandum
486 3451 576 3481 versus
593 3459 680 3487 partes
694 3449 867 3489 supradictas.

191 3487 229 3519 Et
245 3489 302 3520 hoc
318 3490 470 3521 nullatenus
484 3490 627 3519 omittatis.

228 3526 320 3559 Teste
334 3528 417 3566 Rege
430 3527 503 3566 apud
515 3526 819 3565 VVestmonasterium,
837 3535 938 3565 quarto
950 3525 995 3557 die
1005 3526 1090 3567 Junii.

11 2885 86 2916 Ann.
100 2885 140 2917 D.

30 2934 116 2964 1345-

36 2974 60 2992 n.
79 2975 122 2999 19.

7 3024 146 3077 Ciaufst9.

8 3080 38 3105 Ε.
50 3086 104 3116 3.p.
118 3091 126 3107 1
135 3104 141 3109 .

8 3123 45 3143 m·
62 3126 103 3154 14.
116 3120 143 3149 d.

839 3605 891 3633 Per
904 3603 985 3643 ipficm
998 3605 1101 3642 Regem.

154 3725 212 3760 Ad
230 3729 345 3760 Literas
366 3727 544 3761 Marchioni
557 3728 593 3761 de
611 3726 841 3774 Brandenburg,
848 3729 938 3774 [ἔφαν
954 3729 1033 3775 Ligu
1043 3755 1053 3770 ‚
1064 3739 1134 3760 cum
1143 3730 1204 3760 Pa-

6 3820 73 3853 Am
96 3821 128 3853 D
213 3775 320 3818 tresico
337 3779 422 3815 (viz.
448 3779 646 3823 Imperatore)
670 3776 841 3809 renovanda
853 3804 863 3819 ‚
886 3777 1032 3822 Responsio
1049 3778 1148 3822 Regis.

3 3869 119 3935 aiiii.
160 3858 219 3914 R

3 3941 36 3964 z.
54 3946 79 3974 3·

4 3984 41 4003 m.
63 3985 104 4005 12.

3 4013 66 4048 ders.

227 3856 311 3896 EX,
328 3857 426 3889 illustri
448 3861 600 3892 Lodovico
612 3884 622 3899 ,
647 3860 811 3892 Marchioni
830 3859 1069 3898 Brandeburgensi
1082 3881 1092 3898 ,
1110 3857 1206 3890 Duci—

240 3905 295 3934 que
310 3896 445 3936 Bavariae,
464 3899 570 3930 Amico
590 3900 638 3930 suo
653 3900 812 3938 carissimo,
828 3899 949 3930 Salutem
963 3899 997 3930 &
1010 3898 1125 3929 fincetae
1137 3898 1207 3928 dile·

155 3934 258 3966 &ionis
271 3933 415 3964 asscitum.

194 3973 316 4003 Veniens
328 3972 362 4002 ad
397 3974 547 4004 raesentiam
561 3975 707 4014 nostram,
724 3976 856 4007 discretus
869 3974 921 4006 Vir
931 3998 939 4012 ,
957 3974 1092 4014 Magister
1104 3974 1207 4006 Simon

155 4010 281 4045 Brenner
298 4010 334 4042 de
385 4009 520 4050 ynstynge
534 4034 544 4051 ,
567 4024 636 4044 cum
650 4014 752 4047 Literis
773 4014 868 4047 vestris
880 4014 918 4045 de
930 4012 1101 4051 Credentii,
1116 4013 1208 4046 fince—

633 119 1435 175 coNVENTioNES,
1488 122 1874 177 LITE-RVAE,

1278 220 1341 278 turp
1351 209 1510 254 affectum,
1527 219 1616 250 quem
1630 210 1666 242 ad
1679 220 1732 242 nos
1747 210 1894 242 Nobilitas
1904 210 1997 245 vestra
2010 213 2098 254 gerit,
2113 214 2341 252 laudabiliterexi
2358 218 2436 254 Anii.
2451 223 2498 256 D:

1331 257 1378 280 uit.
2477 268 2480 270 ·

1279 258 1355 331 ΡὲΕῑ
1370 287 1487 332 quidem
1508 286 1543 318 de
1565 296 1625 319 tam
1639 288 1715 328 grata
1726 288 1868 320 -miffione
1881 289 2043 322 Sinceritati
2054 291 2156 324 vestrae
2169 302 2257 339 grates
2269 296 2342 329 refe-
2357 268 2473 341 HJJ-43.

1279 335 1367 356 rimus
1389 326 1516 364 speciales
1532 350 1542 364 ,
1567 328 1600 358 &
1622 327 1705 358 valde
1727 328 1848 366 placeret
1869 329 1952 359 nobis
1965 330 2046 367 quod
2081 330 2161 370 super
2176 336 2345 368 innovandis
2470 337 2476 342 ’

1282 365 1316 395 &
1338 364 1482 409 firmandis
1505 366 1636 405 Ligis·&
1651 366 1810 405 Amicitiis,
1828 368 1915 406 inter,
1934 353 2148 402 Serenissimum
2160 370 2326 412 Principem

1282 402 1451 472 Dpleminum
1474 403 1591 436 Patrem
1610 404 1736 436 vestrum
1757 406 1790 437 &
1810 416 1864 437 rios
1881 406 1900 425 ³¹²
1917 405 2027 439 dudum
2039 409 2208 451 contractis,
2334 398 2346 417 ³

1281 451 1317 472 ve
1354 450 1396 472 tis.

1320 479 1377 518 Et,
1395 480 1415 511 si
1428 480 1479 512 fibi
1494 481 1602 520 placeat
1617 482 1769 514 nobiscum
1783 481 1890 513 Foedus
1904 483 1942 514 fic
1958 485 2030 515 inire
2040 509 2050 524 ,
2073 486 2194 522 dilectos
2209 488 2244 520 &
2259 489 2346 523 Fide-

1282 518 1455 563 les-nostros
1470 543 1481 559 ,
1504 520 1669 559 Philippum
1692 521 1728 551 de
1754 521 1798 552 W
1800 521 1881 552 eston
1895 544 1905 561 ,
1931 520 2116 556 Canonicurn
2134 525 2269 563 Eborurn
2308 531 2343 562 &

1283 557 1478 602 Willielmurn
1503 558 1587 598 Stury
1617 559 1746 591 Militem
1771 561 1854 599 (quos
1884 559 1919 591 ad
1939 570 2028 599 partes
2049 562 2206 602 Brabaptiae
2224 553 2343 606 propter

1282 597 1363 641 hoc,
1380 597 1413 628 ὅς
1432 597 1505 640 alia,
1516 598 1575 641 jam
1597 597 1728 642 duximus
1747 598 1984 637 transmittendos)
2007 601 2036 632 su
2057 612 2087 632 er
2106 603 2164 635 hoc
2183 604 2216 642 (si
2236 606 2342 645 placet)

1283 635 1438 666 certificare
1453 635 1542 666 velitis
1553 657 1562 672 ,
1579 636 1613 666 &
1626 636 1737 667 ulterius
1749 637 1876 668 ordinare
1891 638 2007 677 qualiter
2043 641 2048 646 “
2081 651 2097 672 a
2111 641 2184 682 Liga
2196 643 2258 675 cito
2267 655 2345 677 con-

1283 674 1393 705 cordan‘
1406 675 1510 713 poterit
1523 675 1556 706 δε
1568 673 1681 705 firmari.
2299 678 2302 680 ’

1322 712 1371 743 De
1390 714 1447 743 aliis
1468 715 1539 744 vero
1556 737 1566 751 ,
1590 713 1673 755 nobis
1692 723 1742 751 per
1759 712 1871 745 dietum
1891 715 2046 747 Nuncium
2067 716 2195 749 vestrum
2215 730 2251 752 ex
2264 730 2344 762 parte

1284 750 1377 782 vestra
1391 762 1441 782 ore
1454 760 1534 782 tenus
1548 753 1691 789 expolitis,
1709 752 1766 782 satis
1781 752 1873 784 eidem
1887 755 2046 792 aperuimus
2057 765 2185 788 mentem
2199 760 2326 791 nostram

1282 800 1362 860 {ghisi
1365 799 1463 865 5831?ss
1465 791 1560 867 Ρκὲῗιὶέξ
1563 813 1582 859 ¹,t
1594 791 1639 821 sua
1654 789 1769 821 fidelitas
1785 790 1886 821 Fidem
1898 792 2031 825 adhibere
2048 794 2191 827 credulam
2216 798 2258 836 (ut
2270 784 2346 830 con:

2222 413 2349 449 ,tractam
2362 423 2378 440 α
2390 398 2503 463 v,45,5,>

1299 907 1304 912 ⁸
1323 867 1360 898 Et
1378 868 1517 914 speramus
1530 890 1540 905 ,
1553 877 1612 912 *per
1632 867 1692 912 Dei
1708 868 1826 911 gratiam
1870 868 1948 906 quod
1963 868 1999 901 de
2013 870 2163 912 Progreffu
2175 874 2209 905 &
2220 873 2346 914 Expedi-

1285 916 1371 949 tione.
1384 905 1481 950 nostra
1496 905 1618 950 audietis*
1630 916 1659 936 in
1675 915 1807 944 proximo
1823 892 1858 937 N
1860 917 1917 939 ova
1929 907 2005 939 bona
2014 932 2025 948 ‚
2043 911 2077 942 ὅς
2089 913 2171 943 vobis
2185 922 2219 945 ac
2233 915 2346 948 cunffis

1283 944 1386 975 nostris
1399 945 1536 975 benivolis
1548 944 1689 982 placitura.

1322 983 1392 1014 Dat.
1409 983 1484 1022 apud
1497 982 1806 1023 Westmonasterium,
1822 983 1899 1015 sexto
1914 983 1960 1016 die
1970 983 2049 1025 Julii.

1519 1112 1568 1144 De
1581 1108 1739 1143 tranando
1748 1110 1840 1157 sicper
1858 1112 1939 1158 Ligu
1951 1112 2106 1158 praetae‘la.

1280 1197 1408 1256 REX
1433 1195 1582 1235 universiS,
1600 1196 1749 1234 praesentae
1762 1196 1870 1227 Literas
1883 1197 2065 1238 inspecturis,
2082 1198 2215 1232 Salutem.
2359 1199 2438 1232 Ann.
2446 1200 2489 1233 D.

1373 1236 1408 1268 N
1410 1236 1523 1267 overitis
1537 1236 1618 1273 quod
1633 1245 1701 1274 nos,
2380 1248 2466 1280 1345,

1318 1274 1368 1306 De
1382 1276 1404 1306 F
1406 1275 1526 1307 idelitate
1539 1276 1572 1306 ὅ(
1587 1273 1870 1313 circumspectione,
1888 1274 2073 1308 Diledtorum
2089 1277 2122 1309 &
2137 1277 2277 1310 Fidelium
2290 1289 2344 1313 no-
2358 1282 2409 1316 ᾼη.
2428 1290 2475 1316 ¹9·

1281 1312 1424 1351 strorum,
1444 1313 1564 1352 Philippi
1585 1313 1622 1343 de
1642 1313 1780 1344 Weston.
1799 1313 1943 1345 Canonici
1964 1314 2096 1348 Eborum
2111 1339 2122 1355 ,
2140 1317 2174 1348 δε
2188 1317 2342 1350 wilheim.
2357 1322 2379 1345 E
2407 1328 2434 1355 3.

1279 1352 1362 1392 Stury
1378 1353 1495 1390 Militis,
1514 1352 1622 1390 plenius
1634 1351 1827 1391 confidentes,
2295 1375 2298 1377 -
2355 1352 2492 1395 Ὲῑὲνιως.

1315 1391 1398 1431 lpfis,
1416 1392 1450 1422 &
1465 1401 1565 1422 eorum
1578 1390 1711 1429 cuilibet,
1729 1391 1763 1421 ad
1776 1390 1971 1423 Tradiandum
1985 1392 2019 1423 &
2031 1391 2280 1427 concordandum
2287 1405 2342 1435 pro
2361 1398 2454 1434 E-3,p.
2465 1406 2490 1429 1.

1279 1431 1363 1461 nobis
1375 1454 1386 1470 ,
1413 1431 1446 1462 &
1467 1429 1567 1461 nostro
1587 1431 1722 1468 nomine,
1738 1439 1825 1468 cum,
1843 1429 1941 1461 Illustri
1964 1431 2120 1464 Lodovico
2137 1456 2149 1472 ,
2166 1433 2342 1467 Marchione
2357 1443 2451 1471 ‚nv-¹7-
2476 1430 2479 1433 ’

1279 1468 1518 1513 Brandeburgensi
1532 1492 1543 1508 ,
1567 1467 1654 1500 Duce
1677 1468 1833 1507 Bavarriae,
1850 1469 1930 1507 super
1943 1469 2023 1509 Ligis
2037 1472 2070 1503 &
2085 1471 2229 1504 Amicitiis
2243 1483 2345 1513 perpe.

1278 1517 1345 1546 tuis,

1316 1546 1408 1587 inter,
1426 1546 1640 1578 Sereniffimum
1654 1544 1836 1584 Principem,
1855 1545 1969 1578 Patrem
1991 1547 2061 1579 dicti
2076 1547 2187 1588 Ducis,
2201 1551 2235 1582 &
2251 1551 2344 1588 ipsum

1276 1585 1414 1654 Ducegn,
1431 1587 1478 1617 seu
1498 1585 1688 1625 Deputandos
1711 1595 1759 1624 per
1778 1595 1828 1617 eos
1837 1606 1848 1623 ,
1862 1594 1897 1616 ex
1911 1586 1966 1618 unu
1981 1596 2076 1626 parte,
2093 1588 2127 1619 ὃ(
2139 1598 2191 1620 nos
2205 1598 2241 1621 ex
2254 1591 2342 1624 altera

1273 1635 1359 1656 metm
1381 1636 1401 1655 is

1314 1664 1353 1695 Et
1367 1649 1514 1703 de’Ligis,
1531 1662 1641 1704 pridem
1655 1662 1723 1693 hinc
1737 1662 1805 1694 inde
1818 1663 1986 1701 contractis,
2005 1664 2189 1704 innovandis,

1275 1703 1363 1772 staAcp·
1373 1703 1411 1734 de
1424 1704 1528 1734 mutuis
1541 1702 1675 1740 Auxiliis,
1693 1710 1794 1733 contra
1806 1711 1908 1733 onmes
1916 1701 2060 1734 Homines
2072 1703 2208 1737 faciendis
2222 1706 2256 1738 &
2267 1714 2343 1745 prae-

1316 1751 1334 1771 n
1355 1751 1377 1772 is

1312 1779 1349 1811 Et
1364 1766 1409 1819 cai,
1427 1790 1494 1818 quae
1507 1779 1547 1810 sic
1558 1779 1694 1811 Tractata
1705 1779 1739 1811 &
1754 1777 1938 1811 Concordata
1956 1779 2076 1819 fuerint,
2094 1791 2280 1823 quacumque
2298 1785 2343 1817 se*

1272 1820 1390 1850 curitate
1403 1818 1571 1849 firmandum
1579 1843 1588 1857 ,

1311 1857 1349 1889 Et
1371 1857 1440 1888 Nos
1453 1881 1463 1896 ,
1483 1859 1516 1889 ὃς
1534 1856 1671 1887 Haeredm
1691 1856 1819 1895 nostros,
1837 1856 1872 1887 ad
1887 1866 1988 1888 eorum
2001 1857 2249 1900 observationem,
2267 1871 2340 1899 qua—

1273 1905 1353 1928 tenus
1368 1897 1402 1927 ad
1417 1907 1470 1927 nos
1482 1897 1597 1935 attinet,
1615 1896 1801 1934 obligandum
1810 1919 1820 1933 ,

1310 1935 1348 1967 Et
1369 1936 1554 1967 Securitatem
1568 1959 1578 1974 ,
1602 1944 1666 1974 quae
1688 1934 1772 1965 nobis
1789 1933 1850 1965 fieri
1869 1933 1969 1965 debeat
1983 1935 2013 1964 in
2025 1934 2079 1967 hac
2089 1944 2186 1975 parte,
2203 1935 2339 1976 stipulam*

1271 1974 1342 2006 dum
1357 1975 1391 2005 &
1405 1974 1617 2013 recipiendum,

1309 2013 1347 2044 Et
1358 2015 1458 2044 omnia
1472 2013 1522 2043 alia
1536 2014 1570 2044 δε
1586 2012 1690 2052 singula
1703 2010 1866 2042 faciendum
1876 2035 1886 2049 ,
1903 2021 1968 2051 quae
1983 2012 2015 2042 in
2032 2012 2180 2050 praemiffis
2194 2035 2205 2052 ‚
2228 2014 2263 2045 &
2280 2016 2339 2046 cix.

1269 2062 1304 2084 ca
1317 2063 1367 2122 αἱ
1384 2052 1534 2083 neceffaria
1547 2051 1593 2083 vel
1604 2060 1746 2091 oportuna
1759 2050 1882 2089 fuerint,
1899 2051 1984 2082 etiam
1997 2049 2018 2081 fi
2033 2050 2208 2083 Mandatum
2222 2054 2336 2093 exigant

1267 2094 1286 2123 s
1316 2093 1356 2124 cia
1370 2102 1386 2122 e

1279 2102 1424 2162 pePlena’rn
1433 2153 1443 2169 ,
1460 2139 1560 2162 tenore
1571 2129 1767 2169 praesentium,
1785 2129 1998 2160 committimus
2011 2127 2204 2169 Potestatem;

1304 2169 1504 2201 Promittentes
1517 2169 1586 2200 Nos
1601 2179 1656 2207 pro
1670 2168 1786 2206 Nobis,
1804 2168 1838 2199 &
1852 2167 2024 2198 Haeredibus
2039 2168 2142 2199 nostris
2175 2169 2283 2201 Ratum
2297 2171 2334 2203 δε

1267 2209 1393 2241 Gratum
1406 2209 1550 2239 habituros
1563 2207 1699 2247 quicquid
1715 2216 1764 2247 per
1777 2206 1888 2245 dictos,
1902 2205 2066 2251 Philippum
2080 2192 2332 2248 &Willielmm,

1266 2250 1301 2280 &
1315 2257 1416 2280 eorum
1431 2248 1565 2286 alterurn,
1583 2247 1694 2278 Aetum
1706 2245 1752 2278 vel
1759 2244 1886 2278 Gestuin
1899 2244 2027 2277 fueritin
2039 2246 2242 2286 praemiffis,&
2256 2257 2331 2288 quo-¹

1264 2287 1335 2319 libet
1350 2287 1568 2326 pmemifforum.

1301 2326 1335 2357 In
1350 2326 1445 2365 cujus,
1463 2326 1524 2357 &c.

1336 2364 1405 2397 Dat.
1420 2364 1495 2403 apud
1510 2362 1818 2402 Westmonasten'um,
1835 2362 1914 2395 sexto
1928 2361 1975 2394 die
1985 2360 2073 2403 Junii-

1259 2495 1318 2526 Pro
1342 2489 1462 2526 Abbate
1489 2490 1525 2524 de
1551 2490 1660 2540 Ostieye
1676 2516 1686 2532 ‚
1711 2487 1748 2522 de
1763 2487 1969 2532 exonerando,
1994 2491 2138 2535 quamvis
2156 2490 2275 2523 Nomen
2292 2490 2325 2521 in

1327 2541 1433 2574 Rotulo
1449 2539 1492 2573 ad
1511 2541 1756 2573 Parliamentum
1768 2537 2075 2582 fiammom'torumfit
2096 2537 2251 2580 insertum.

1259 2627 1315 2682 R
1326 2625 1350 2656 E
1354 2625 1402 2694 &tu
1406 2625 1618 2694 ,ffssssffiflo’
1636 2624 1669 2655 &
1681 2622 1837 2654 Batonibus
1851 2621 1903 2653 suis
1915 2621 1951 2651 de
1963 2620 2114 2651 saccario
2122 2642 2133 2658 ,
2150 2619 2284 2651 Salutem.
2340 2609 2472 2690 Affiffff

1293 2701 1352 2732 Pro
1375 2712 1412 2732 eo
1433 2701 1513 2740 quod
1528 2726 1538 2739 ‚
1558 2673 1833 2739 ggi'inspeetionem
1853 2696 2005 2740 Cattarum
2026 2695 2249 2733 Progenitorum
2261 2707 2316 2732 no·
2334 2691 2388 2717 Aa.
2408 2699 2454 2726 ¹9·

1254 2738 1396 2778 strorum,
1417 2739 1563 2778 quondam
1576 2739 1695 2774 Regum
1708 2736 1820 2774 Angliae
1856 2736 1938 2765 nobis
1958 2734 2106 2778 constabat
2122 2734 2203 2772 quod
2215 2735 2316 2767 Abba·
2335 2730 2366 2753 E.
2387 2736 2414 2764 3·

1252 2778 1288 2808 tia
1308 2778 1344 2809 de
1366 2778 1478 2817 Oseney
1497 2777 1538 2808 est
1562 2776 1598 2806 de
1616 2773 1795 2817 Fundatione
1816 2757 1940 2804 Roberti
1957 2773 1994 2803 de
2014 2772 2114 2803 Olleio
2127 2795 2138 2812 ,
2154 2773 2188 2805 &
2202 2783 2264 2805 non
2278 2774 2315 2806 de
2332 2764 2470 2803 (ΜΨ-19·

1252 2817 1417 2848 fundatione
1430 2817 1592 2854 aliquorum
1604 2813 1829 2850 Progenitorum
1842 2811 2008 2842 nostrorum
2016 2835 2026 2850 ,
2333 2807 2364 2832 E.
2373 2811 2430 2842 3-P-
2442 2814 2466 2834 ¹·

1289 2855 1329 2886 Et
1341 2856 1420 2894 quod
1434 2856 1531 2886 Abbas
1547 2853 1668 2892 ejusdem
1683 2851 1739 2882 loci
1752 2858 1828 2881 tenet
1842 2851 1942 2881 omnia
1961 2850 2065 2881 Terras
2083 2850 2118 2882 δε
2131 2848 2315 2884 Tenementa
2332 2851 2369 2870 m.
2388 2845 2416 2871 ⁶·

1250 2895 1311 2932 sua,
1331 2894 1463 2925 Abbatiae
1475 2892 1620 2932 praedictae
1634 2899 1755 2929 annexa,
1775 2890 1805 2919 in
1816 2889 1950 2928 liberam,
1967 2898 2085 2929 puram,
2100 2889 2134 2920 &
2147 2899 2314 2928 perpetuam

1249 2933 1556 3009 Elffinpcigngomq'uom
1573 2979 1623 3007 per
1642 2966 1874 2999 certificationem
1893 2965 2016 2998 vestram
2031 2989 2041 3005 ,
2058 2965 2096 2997 de
2110 2965 2244 2998 mandato
2259 2977 2316 2999 no-

1249 3009 1309 3041 stro
1329 3010 1452 3049 fatiam,
1469 3010 1502 3041 ὅ(
1522 3011 1552 3039 in
1574 3005 1750 3038 Cancellaria
1761 3005 1858 3036 nostra
1873 3013 2059 3043 retomatam,
2073 3014 2132 3035 non
2149 3005 2314 3037 invenieba-

1248 3057 1293 3079 tur
1304 3049 1394 3093 ·quod
1413 3049 1496 3095 idem„
1512 3047 1609 3079 Abbas
1628 3054 1703 3090 tenet
1718 3044 1808 3113 aliCciua
1821 3043 1927 3075 Terras
1937 3043 1984 3074 seu
1999 3043 2180 3074 Tenementa
2192 3053 2244 3081 per
2255 3043 2310 3076 Ba-

1248 3085 1585 3163 roffirtilaczffgiamiissssbdg
1598 3085 1724 3161 Ἑὲξίειῗ
1732 3090 1951 3152 &affiffissedibus
1971 3118 2074 3164 nostris
2088 3119 2233 3187 ,dpraefato
2246 3120 2311 3152 Ab·

1247 3164 1303 3194 bati
1322 3164 1403 3203 quod
1425 3164 1497 3202 ipse,
1517 3164 1550 3195 δε
1565 3161 1746 3194 Successores
1758 3160 1813 3204 sui,
1831 3159 1955 3190 Abbates
1969 3158 2027 3188 loct
2062 3167 2099 3188 rae
2121 3158 2189 3198 ich,
2208 3158 2245 3189 de
2255 3169 2309 3190 ve-

1246 3203 1350 3234 niendo
1365 3203 1399 3233 ad
1413 3202 1614 3239 parliamenta,
1632 3200 1677 3232 seu
1690 3199 1823 3231 Concilia
1837 3196 1932 3227 nostra
1941 3220 1950 3235 ,
1968 3196 2014 3227 vel
2054 3196 2179 3227 aeredum
2193 3196 2310 3230 nostro-

1246 3251 1327 3280 rum,
1343 3242 1556 3280 imperpetuum
1577 3245 1764 3280 exonerentur
1780 3260 1790 3274 ,
1820 3236 1854 3267 &
1896 3235 1956 3266 uod
1977 3234 2011 3279 ad
2032 3235 2132 3279 eadem
2150 3235 2306 3280 nullatenus

1245 3282 1584 3326 summoueantur,prout
1597 3280 1627 3308 in
1638 3277 1753 3307 Litteris
1768 3273 1870 3305 nostns
1907 3274 2062 3311 atentibus,
2074 3272 2141 3304 inde
2154 3274 2307 3313 confectis,

1244 3320 1552 3395 ΡΙρΑηιιεἙῐςτῗῗὲἓῖξέἶῑέ
1566 3353 1647 3392 ipsius
1662 3352 1796 3389 Abbatis‚
1815 3350 1898 3381 nobis
1913 3350 1945 3381 fit
1960 3349 2104 3381 ostensum
2117 3349 2219 3389 quod,

1279 3395 1363 3426 Licet
1376 3395 1473 3425 Brevia
1487 3394 1577 3432 aliqua
1592 3392 1685 3423 eidem
1698 3390 1819 3428 Abbati,
2090 3407 2099 3416 .

1279 3434 1326 3464 Ad
1341 3433 1515 3465 veniendum
1527 3432 1561 3462 ad
1580 3430 1799 3462 Parliamentum
1815 3426 1945 3458 nostrum
1957 3450 1968 3465 ,
1984 3425 2058 3470 apud
2071 3425 2304 3458 Westmonaste-

1241 3474 1314 3503 rium
1328 3495 1338 3510 ,
1364 3472 1452 3502 Anno
1471 3472 1489 3491 ²¹²
1510 3470 1604 3510 Regni
1623 3468 1713 3500 nostri
1733 3466 1845 3506 Angliae
1864 3465 2070 3503 Duodecim0‚
2087 3473 2303 3509 convocatum,
2314 3471 2450 3510 *V457·

1242 3513 1271 3541 in
1288 3520 1347 3549 quo
1366 3509 1556 3541 Parliamento
1580 3506 1794 3544 Archiepiscopi
1808 3529 1818 3543 ,
1843 3503 1974 3548 Episcopi
1989 3527 1999 3541 ,
2015 3502 2049 3534 &
2064 3511 2161 3547 caeteri
2174 3503 2301 3547 Praelati,
2445 3508 2448 3511 ’

1242 3550 1390 3589 magnates
1422 3549 1456 3580 &
1477 3547 1644 3579 Comunitas
1666 3545 1735 3576 dieti
1755 3544 1851 3583 Regni
1874 3542 1963 3572 nostri
1984 3541 2112 3586 Angliae,
2130 3541 2214 3585 nobis
2230 3541 2303 3573 Me-

1241 3589 1370 3619 dietatem
1385 3572 1526 3618 ssmarm
1538 3587 1667 3624 suarum,
1684 3584 1770 3623 usque
1791 3582 1827 3614 ad
1838 3581 1978 3612 summam
1992 3578 2100 3619 Vigmn
2107 3578 2225 3611 Milium
2232 3580 2302 3613 Sac-

1241 3636 1345 3659 corum
1359 3625 1447 3657 Lanae
1459 3625 1670 3661 concesserunt,
2042 3658 2049 3663 ,
2254 3657 2264 3665 ⁸

1279 3666 1337 3696 Aut
1361 3664 1395 3695 ad
1409 3664 1577 3695 Concilium
1597 3662 1728 3694 nostrum
1741 3658 1815 3699 apud
1823 3656 2097 3703 'Norhamptoniam
2110 3655 2299 3702 postmodum

1240 3704 1319 3736 dicto
1334 3703 1422 3733 Anno
1434 3702 1622 3734 Duodecimo
1635 3709 1762 3736 tentum,
1780 3698 1830 3728 ubi
1845 3695 2037 3727 ordinandum
2053 3695 2107 3726 fuit
2120 3695 2238 3740 qualiter
2251 3694 2298 3733 td,

1241 3743 1319 3781 quod
1339 3750 1408 3772 tunc
1429 3741 1466 3772 de
1484 3741 1565 3773 dietis
1579 3741 1680 3780 viginti
1693 3737 1813 3769 Milibus
1827 3735 1984 3767 Saccorum
1995 3733 2086 3764 Lanae
2100 3732 2206 3772 defuit,
2222 3732 2299 3764 leva-

1239 3790 1447 3851 retssrrgesfflma
1461 3829 1521 3851 non
1536 3818 1666 3856 fuerunt,
1684 3826 1738 3847 nec
1754 3815 1832 3846 idem
1852 3813 1949 3845 Abbas
1971 3809 2089 3848 eisdem,
2107 3808 2298 3840 Parliamento

1242 3860 1275 3891 &
1292 3857 1446 3897 Concilio,
1463 3857 1658 3897 personaliter,
1676 3855 1723 3887 vel
1736 3864 1785 3893 per
1797 3853 2036 3893 Procuratorem,
2053 3846 2231 3891 interfiierit,
2243 3846 2300 3886 set,

1242 3899 1357 3929 credens
1372 3897 1463 3935 ipsum
1479 3897 1514 3928 ad
1528 3896 1602 3928 dicta
1615 3894 1837 3927 Parliamentum
1856 3892 1891 3923 &
1905 3887 2076 3922 Concilium
2088 3885 2299 3918 summonitum

1242 3947 1301 3967 non
1314 3936 1413 3973 fuisse,
1973 3966 1988 3973 ..
2074 3961 2080 3968 ·
2102 3961 2108 3967 ι
2254 3963 2261 3969 .
2278 3961 2284 3968 ι

1280 3975 1435 4014 Quandam
1448 3973 1607 4006 Decimam
1619 3971 1778 4010 Annalem,
1796 3969 1852 4001 una
1865 3977 1934 4001 cum
1944 3965 2002 3998 alus
2015 3961 2046 3994 R
2102 3960 2162 3992 10fis
2173 3961 2208 3994 δε
2222 3960 2299 3993 Viris

1242 4013 1441 4046 Ecclesiasticis
1466 4011 1671 4045 Cantuarienfis
1695 4009 1862 4048 Dtoecetas,
1889 4006 1941 4046 ‘1⁸¹5
1965 4002 2002 4037 αἱ
2025 3999 2079 4033 1³²¹
2147 4000 2302 4073 weog-

2468 3372 2476 3393 l
