2562 4279
0 243 42 273 nii.
55 235 98 267 D.

0 285 80 344 33³2:

0 1078 43 1100 sm
63 1067 103 1098 D.

0 1092 82 1148 13223.

0 1151 28 1175 n.
47 1148 87 1174 16.

0 1233 43 1252 im.
64 1224 106 1250 16.

0 1309 62 1366 ¹'ii’iss

0 1386 42 1412 90.

30 3766 70 3788 m.
79 3756 122 3789 D.
140 3740 216 3802 M

32 3803 106 3864 3²3⁶:

37 3882 50 3900 2
55 3895 62 3901 .

35 3920 62 3939 n.
85 3913 117 3940 16

46 3958 72 3978 2.

47 3986 75 4017 8.

689 149 800 190 ET
884 149 1151 189 ACTA

115 239 314 278 Episcopum,
332 247 366 268 ex
385 236 463 276 justis
484 236 518 267 &
540 236 674 274 legitimis
686 234 787 272 caufis,
805 242 837 265 ut
850 233 892 265 est
904 234 1033 271 dieitum,
1051 242 1177 277 concep—

113 288 174 315 tos,
200 278 402 317 praescivisset,
428 283 540 313 rogatus
563 274 721 312 hujusmodi
743 283 798 313 pro
817 284 854 304 eo
874 273 1031 304 nullatenus
1052 272 1178 316 feeisset,

113 317 234 356 quibus,
252 317 272 348 si
293 317 396 356 placet,
415 314 554 353 rogatibus
578 313 751 351 (praesertim
772 320 842 341 curn
856 321 957 350 praeter
972 311 1177 341 conferentiam

112 355 257 388 scribentis
285 353 466 386 veriiimiliter
491 352 612 381 concedi
632 352 857 390 praesumuntur)
882 349 1038 389 quaesumus
1053 372 1063 387 ,
1087 345 1178 379 vestra

115 394 254 427 8311611133
267 400 442 433 nequaquam
456 389 620 428 adquiescat.
758 428 762 433 ι
859 424 864 432 ·

154 433 307 471 Praeterea,
327 431 407 462 Pater
425 430 488 468 pie,
504 438 557 466 pro
571 427 712 467 Episcopo
727 426 922 457 Lincolniensi
937 425 1057 465 praefato
1073 427 1180 463 (quern

119 472 154 504 ad
174 471 296 501 vestram
312 469 484 508 praesentiam
498 466 675 496 evocandum
691 465 804 496 duxistis
816 467 822 499 )
836 465 963 504 &ipsius
977 464 1112 502 Episcopi
1129 465 1180 494 Fa-

120 509 329 547 miliaribus,&
342 508 440 538 Rebus
451 505 621 542 suis,secum
633 503 917 542 deserendis,Literas
925 503 1033 534 nostras
1046 505 1082 535 de
1098 504 1181 534 Con—

118 549 209 580 ductu
222 547 281 579 fieri
296 548 416 577 fecimus
432 544 568 583 speciales.
730 581 735 586 ¹
862 582 876 587 ..
1019 581 1034 587 ..
1145 581 1149 586 .

161 588 249 625 Super
269 583 413 624 praemiffis
434 582 568 612 omnibus
589 582 622 612 &
640 581 764 619 singulis,
783 590 815 610 ac
833 580 891 610 alus
911 580 1047 618 Negotm
1062 579 1182 618 nostris,

122 623 319 656 venerabilem
341 621 472 659 Patrem,
491 620 530 650 R.
550 618 788 659 Wyntoniensem
810 619 1005 658 Episcopum,
1028 620 1061 650 &
1082 620 1181 656 praefa-

119 673 184 695 tum
205 661 460 696 Archidiaconum,
478 657 557 696 apud,
569 658 691 687 vestram
707 657 891 688 Sanffltatem
907 660 1026 697 gratiose
1041 659 1182 698 exaudiri,

121 703 156 734 &
177 709 246 732 cum
263 699 339 730 felici
360 699 394 730 &
411 697 537 728 festinata
555 696 738 736 ‘expeditione
751 695 784 726 ad
798 706 850 728 nos
863 698 988 736 remitti,
1006 698 1184 738 quaesumus,

122 740 170 779 pia
183 747 273 777 prece.

158 775 329 813 Conservet,
347 774 406 805 &c.

158 853 227 884 Dat.
243 851 316 891 apud
329 849 478 889 Newerk‚
497 849 620 881 secundo
632 849 678 881 die
693 850 844 881 Februarii.

302 974 362 1009 Ad
379 974 556 1008 Cardinales
568 1003 577 1018 ‚
602 988 705 1010 contra
726 976 817 1010 dicias
834 979 893 1024 Epi
907 988 998 1024 copos.

191 1062 333 1094 Enerabili
355 1063 383 1092 in
407 1061 524 1092 Christo
546 1061 636 1101 Patri,
660 1062 795 1095 Domino
819 1062 859 1093 O.
881 1062 939 1093 Dei
961 1062 1064 1103 gratia,
1090 1061 1184 1092 Tituli

202 1102 300 1133 8311611
320 1099 427 1131 Ciriaci
450 1102 478 1131 in
499 1101 631 1139 Termis,
649 1102 744 1132 amico
762 1103 811 1133 suo
835 1102 994 1138 carissimo,
1013 1101 1186 1138 Edwardus,

120 1140 243 1181 ejusdem
258 1140 359 1180 gratia,
379 1140 438 1170 &c
453 1139 582 1178 salutern,
602 1141 635 1171 &
649 1141 762 1171 sincerae
774 1140 936 1171 dilefftionis
946 1140 1095 1171 affectum.

158 1182 174 1198 ¹*
184 1179 384 1209 Paternitatem
401 1177 522 1208 vestram
536 1179 621 1209 latere
633 1189 692 1208 non
707 1179 863 1216 credimus,
879 1188 943 1216 quae
955 1179 989 1210 ὃς
1003 1187 1106 1216 quanta
1122 1187 1185 1215 pas-

122 1219 142 1250 si
162 1218 273 1256 sumus,
294 1217 436 1255 praeteritis
459 1218 652 1255 temporibus,
670 1226 785 1256 propter
802 1216 964 1255 Iniquitates
985 1218 1018 1248 &
1040 1217 1183 1247 Proditio⁴

120 1267 186 1295 nes,
204 1256 351 1287 manifeste
366 1264 504 1294 repertas,
520 1256 556 1286 de
571 1255 752 1293 quibusdam,
770 1257 806 1286 de
822 1256 929 1294 Regno
944 1255 1059 1294 nostro,
1080 1254 1186 1285 Comi-

119 1297 193 1327 tibus
216 1295 250 1326 &
272 1294 442 1332 Batonibus,
463 1304 534 1332 quos
555 1293 668 1329 (divina
689 1295 844 1332 opitulante
863 1294 965 1334 gratia)
984 1294 1073 1333 poena
1089 1294 1186 1325 debita

143 1344 285 1365 unissimus
300 1343 306 1362 :

121 1345 141 1374 P
162 1372 198 1403 Et
213 1372 361 1409 Praelatm,
379 1371 415 1401 de
430 1370 534 1401 eodem
548 1370 675 1410 Regno,
693 1371 775 1403 dit‘tis
790 1370 957 1402 Comitibus
972 1371 1005 1402 &
1020 1370 1186 1410 Batonibus,

122 1413 153 1442 in
174 1420 275 1442 eorum
300 1409 442 1448 nequitia,
461 1418 562 1440 contra
583 1420 636 1442 nos
653 1410 841 1447 adhaerentes,
861 1409 892 1440 in
914 1409 1042 1441 Pei-sonis
1064 1410 1186 1440 similiter

121 1449 337 1490 punivissemus,
357 1447 424 1486 nisi,
444 1448 484 1478 ob
505 1450 689 1479 reverentiam
711 1449 835 1479 Domini
850 1448 938 1479 nostri
956 1448 1070 1479 Summi
1085 1447 1188 1478 Ponti-

120 1489 182 1520 ficis
197 1511 207 1527 ,
226 1488 259 1519 &
278 1486 470 1518 Sacrosanetae
485 1486 618 1518 Ecclefiae
631 1487 795 1525 Romanae,
814 1486 915 1517 Matris
928 1487 1047 1524 nostrae,
1067 1486 1188 1517 dimiiis-

122 1527 211 1558 semus
224 1527 273 1556 sub
284 1525 345 1565 spe,
357 1525 436 1564 quod
453 1525 539 1556 iidem
552 1525 678 1565 Praelari,
691 1536 740 1565 per
755 1527 903 1564 praefatum
918 1525 1085 1555 Dominum
1102 1525 1188 1555 Sum-

124 1575 207 1597 mum
228 1564 420 1603 Pontificem,
439 1565 473 1595 &
490 1564 593 1595 Sedem
609 1564 822 1602 Apostolicam,
842 1565 878 1595 ita
891 1564 988 1594 debite
1004 1565 1188 1602 punirentur,

145 1604 205 1635 uod
226 1603 336 1642 Poena,
350 1603 410 1642 ipfis
431 1603 592 1641 inferenda,
610 1604 708 1635 futuris
729 1604 923 1650 temporibus,
945 1603 1003 1632 aliis
1025 1602 1137 1633 cederet
1158 1604 1188 1632 in

122 1615 313 1681 Exemplum,
329 1641 363 1672 &
383 1641 461 1678 quod
478 1641 588 1672 Praelati
605 1642 764 1681 hujusmodi
779 1641 930 1680 scandala,
948 1641 978 1671 in
995 1641 1101 1678 Regno
1116 1651 1189 1679 prie-

121 1681 220 1720 dieto,
239 1681 257 1711 si
277 1690 337 1712 non
358 1680 423 1710 zelo
435 1679 575 1719 Justitiae,
592 1681 698 1711 timore
715 1690 811 1711 tamen
826 1679 929 1710 Poenae
943 1680 1109 1719 praedict-ae,
1127 1690 1190 1711 me-

121 1728 233 1752 tuerent
244 1719 387 1750 seminare.

162 1759 241 1798 Quae
260 1758 358 1790 omnia
372 1756 560 1796 injunximus,
583 1757 691 1788 dilecto
707 1756 827 1788 Clerico
844 1756 958 1795 nostro,
979 1756 1120 1796 Magistro
1137 1755 1190 1794 Jo«

121 1797 209 1828 hanni
230 1796 267 1827 de
290 1795 445 1833 stratford,
464 1795 679 1827 Archidiacono
699 1795 861 1827 Lincolniae
884 1797 990 1834 (quem
1003 1797 1036 1826 ad
1053 1795 1189 1826 Sanetam

122 1836 288 1866 Romanam
312 1833 448 1872 Curiam,
467 1844 520 1872 pro
539 1834 674 1874 Negotiis
689 1834 746 1864 istis
760 1859 770 1872 ,
789 1834 893 1866 &aliis
900 1857 910 1873 ,
929 1845 981 1865 nos
994 1835 1189 1870 contingenti-

122 1875 196 1912 bus,
220 1882 309 1910 nuper
331 1872 545 1910 destinavimus)
565 1873 652 1905 ‘dieto
671 1872 808 1903 Domino
828 1873 956 1904 Summo
976 1873 1129 1911 Pontifici,
1154 1873 1188 1904 &

120 1912 221 1950 vobis,
239 1910 363 1941 seriofius
375 1911 549 1949 exponenda.

157 1951 223 1988 Set,
239 1959 272 1980 ut
284 1949 472 1980 affectionem
481 1973 492 1989 ,
528 1959 597 1980 uam
609 1951 637 1980 in
657 1950 793 1990 Negotio
807 1950 946 1988 praeditfim
958 1950 1100 1990 gerimus,
1120 1958 1191 1981 atte-

120 1988 227 2020 stentur
250 1987 352 2019 Preces
374 1989 496 2026 iteratae,
540 1990 717 2020 aternitatem
733 1989 892 2020 affec‘tuosis
907 1987 1041 2019 Precibus
1057 1989 1191 2029 depreca-

122 2038 205 2065 mur,
223 2028 353 2065 quatinus
373 2035 406 2056 ut
428 2027 647 2064 Lincolnienfis,
664 2028 699 2058 &
714 2027 904 2058 Bathoniensis
918 2030 951 2059 &
966 2027 1130 2065 Wellenfis,
1149 2027 1190 2058 E-

143 2066 228 2104 iscopi
250 2067 353 2103 (quOS,
372 2065 407 2095 &
428 2066 574 2104 praecipue
595 2065 707 2096 distum
727 2066 978 2104 Lincolniensem,
994 2066 1030 2097 de
1044 2066 1190 2106 praemiffis

156 2114 204 2134 eos
231 2103 441 2142 comperimus)
458 2103 536 2140 juxta
557 2104 683 2142 ipsorum
702 2104 839 2135 demerita
879 2106 1009 2135 uniantur
1023 2128 1032 2143 ,
1062 2106 1096 2136 &
1116 2113 1191 2135 extra

122 2142 265 2180 Regnum
286 2140 419 2171 nostrum
437 2141 470 2172 ad
485 2141 550 2172 loca
564 2143 614 2172 alia
627 2143 673 2178 (in
689 2143 841 2182 Ecclefiis,
886 2143 1068 2182 incolniensi,
1086 2143 1191 2174 Batho-

123 2180 211 2211 nienfi
232 2180 266 2211 &
285 2179 437 2218 Welleusi,
476 2180 612 2219 raeditstis,
630 2181 686 2212 aliis
707 2180 833 2212 Personis
852 2183 973 2220 idoneis,
993 2183 1075 2213 nobis
1087 2183 1193 2222 gratio-

125 2220 175 2257 sis,
191 2219 259 2249 loco
278 2218 424 2249 diritorum
447 2190 657 2258 sspiscopmum
677 2220 844 2259 subrogatis)
863 2222 1058 2252 transferantur
1076 2227 1142 2259 (ut,
1161 2222 1190 2251 in

122 2258 268 2295 futurum,
287 2256 422 2287 scandala
442 2257 600 2295 hujusmodi
620 2258 744 2289 cessent)
761 2259 852 2289 velitis
870 2269 932 2298 erga
952 2259 1063 2290 didrum
1084 2260 1192 2291 Domi-

123 2306 197 2326 num
225 2295 382 2326 Summum
406 2294 580 2326 Pontificem
606 2297 673 2329 (cui
702 2296 782 2337 super
803 2297 861 2328 hoc
880 2297 1006 2328 similiter
1028 2298 1191 2335 scribimus)

125 2344 196 2365 cum
218 2334 301 2364 omni
320 2332 448 2364 efficacia
466 2334 645 2372 interponere
664 2343 754 2375 partes
774 2335 900 2373 vestras;
924 2337 961 2366 sic
981 2336 1078 2375 quod,
1096 2337 1193 2368 vestiis

125 2372 314 2403 mediantibus
329 2373 476 2410 juvamine
492 2373 527 2404 &
549 2373 666 2404 consilio
679 2375 844 2413 oportunis,
865 2374 941 2413 quod
954 2375 983 2404 in
1001 2376 1073 2405 votis
1088 2376 1126 2407 sic
1142 2387 1194 2412 ge-

125 2412 233 2448 rimus,
249 2410 473 2449 consequamur,
493 2421 542 2449 per
563 2412 641 2450 quod
659 2414 743 2445 vobis
762 2422 907 2444 teneamur
930 2412 964 2444 ad
981 2422 1071 2451 grates
1086 2415 1120 2446 &
1134 2412 1193 2454 spe-

124 2449 239 2480 cialium
253 2458 370 2480 munera
383 2451 543 2489 gratiarum.

200 2517 274 2550 Dat.
285 2518 360 2559 apud
374 2517 525 2557 Newerk,
540 2513 665 2551 secundo
679 2520 725 2551 die
738 2519 891 2552 Februarii.

305 2595 418 2626 Eodem
431 2595 521 2627 modo
536 2596 665 2629 scribitur
676 2597 852 2637 subscriptis,
870 2597 1001 2630 videlicet
1010 2622 1019 2638 ,

162 2675 280 2704 Domino
292 2676 456 2711 Berengario
469 2672 632 2713 Tiefiulano,
895 2676 918 2748 Ι

163 2714 280 2742 Domino
296 2715 332 2741 B.
353 2712 510 2752 Portuenfi,
933 2713 1080 2755 Episcopis
1093 2715 1196 2748 Cardi-

163 2753 282 2797 Domino
297 2753 325 2780 V
325 2750 390 2780 itali
403 2750 574 2790 Albanenfi,
891 2751 916 2826 J
932 2754 1047 2784 nulibus.

169 2791 287 2818 Domino
300 2791 382 2818 Petro
396 2788 574 2829 Penestrenfi,

169 2866 286 2894 Domino
300 2867 336 2895 B.
349 2867 457 2895 Sanc‘lae
473 2869 578 2895 Mariae
591 2869 621 2896 in
636 2869 763 2907 Aquiro,
886 2865 904 2896 Ἰ

168 2905 285 2933 Domino
298 2906 336 2933 L.
352 2906 460 2935 Sancft'ae
476 2907 579 2934 Mariae
594 2908 623 2935 in
639 2908 668 2936 V
668 2907 697 2936 id
713 2905 812 2945 Lata,

170 2943 288 2971 Domino
303 2944 345 2972 A.
358 2943 453 2979 sanein
465 2942 622 2983 Eustachii,

171 2982 289 3010 Domino
304 2983 346 3010 N.
366 2982 461 3010 Sancti
476 2983 620 3021 Adriani,

171 3021 289 3048 Domino
308 3018 346 3057 J.
362 3021 458 3049 sanai
472 3020 618 3059 Theodori,

171 3058 287 3087 Domino
302 3060 336 3087 P.
351 3060 448 3088 sanai
464 3057 568 3095 Angeli
577 3082 583 3088 .

173 3096 289 3125 Domino
306 3099 341 3126 G.
358 3098 469 3127 Sandi‘ae
483 3099 577 3127 Luciae
592 3100 621 3127 in
632 3096 713 3127 Cilica
722 3120 732 3136 ‚

174 3135 291 3163 Domino
307 3137 341 3164 R.
354 3136 463 3166 Sand't‘ae
477 3138 581 3166 Mariae
597 3139 708 3175 Novae,

176 3174 294 3202 Domino
308 3175 342 3202 P.
359 3174 439 3204 tituli
452 3176 547 3205 Sanffl
562 3178 660 3205 Ciriaci
674 3178 704 3205 in
717 3176 833 3212 Termis,

175 3212 342 3278 ΒονηίίῦοωΡ
378 3212 455 3243 tituli
483 3215 579 3244 Saum
604 3213 733 3253 Stephani
754 3217 784 3243 in
810 3213 890 3244 coelio

278 3259 290 3278 σ
324 3260 354 3286 e,

173 3289 288 3333 Domino
304 3290 331 3316 S.
349 3287 427 3335 tituli
440 3291 549 3336 Sandlfe
563 3289 660 3329 Prifiae
673 3313 683 3330 ,
909 3289 915 3338 1

172 3327 289 3355 Dommo
302 3328 338 3355 B.
354 3326 427 3356 titul:
439 3330 533 3358 Sanllz
548 3331 577 3358 V
577 3328 654 3358 italis
663 3352 674 3368 ,
893 3340 912 3370 J

905 3083 910 3094 ¹
930 3076 1092 3113 Presbiteris
1122 3082 1194 3115 Car-

909 3142 913 3152 ,
929 3116 1079 3151 dinalibus.

172 3404 290 3432 Domino
303 3404 345 3433 A.
362 3404 469 3434 Sanb'i'ae
483 3408 586 3435 Mariae
599 3408 629 3435 in
643 3407 771 3445 Portica,

172 3443 288 3472 Domino
303 3445 340 3472 B.
354 3443 462 3473 Sanaae
475 3443 599 3481 Agathae
608 3467 619 3482 ,
937 3445 1076 3478 Diaconis
1097 3447 1170 3479 Car-

171 3481 289 3509 Domino
305 3483 340 3510 R.
355 3482 464 3510 Sanrflae
479 3484 582 3512 Mariae
597 3485 627 3512 in
641 3480 798 3522 Cosmedyn,
937 3484 1083 3517 dinalibus.

173 3520 289 3549 Domino
303 3518 340 3558 J.
355 3520 450 3550 Sam‘li
464 3522 586 3559 Gregorii
596 3521 637 3551 ad
645 3520 737 3552 Velum
750 3523 886 3552 Aureum.

232 3655 292 3692 Ad
306 3659 416 3706 Regem
436 3659 583 3695 Franciae,
602 3657 694 3705 fhper
713 3657 882 3702 Exccffibus
901 3662 932 3692 in
947 3659 1103 3706 Vasconia.

224 3741 361 3780 Agnifico
381 3742 528 3782 Principi,
546 3742 685 3774 Domino
707 3743 746 3774 K.
770 3744 829 3776 Dei
851 3746 936 3785 gratia
979 3745 1054 3784 Regi
1075 3746 1202 3778 Franciae

236 3781 270 3812 &
291 3781 432 3813 Navarrae
453 3782 568 3820 Illustri,
588 3782 676 3813 Fratri
696 3782 745 3812 suo
759 3783 920 3823 karissimo,
938 3769 1110 3823 Edwardus,
1132 3785 1202 3826 ejus-

140 3817 208 3849 dem
225 3821 326 3859 gratia,
351 3821 415 3852 Rex
439 3821 574 3861 Angliae,
598 3821 661 3852 &c.
682 3820 812 3861 salutem,
829 3824 881 3862 &,
903 3823 940 3855 ad
959 3832 1042 3862 vota,
1065 3823 1203 3862 successus

141 3856 286 3902 prosperos
299 3870 333 3890 ac
345 3860 450 3891 felices.

179 3894 267 3939 Apgit
288 3908 340 3928 iios
352 3899 466 3930 interius
479 3899 622 3930 Turbatio
636 3908 686 3939 per
700 3897 844 3929 Officiales
858 3901 890 3931 &
908 3899 1057 3931 Ministros
1071 3900 1178 3932 vestros
1193 3924 1204 3940 ,

119 3935 126 3942 ⁸
143 3932 230 3976 nobis.
244 3935 277 3965 ὃς
297 3936 420 3968 Subditis
440 3938 543 3969 nostris
563 3937 694 3969 Ducatsis
717 3937 844 3976 praedicti
865 3940 1003 3977 irrogata,
1024 3940 1204 3979 angustamur

140 3977 222 4000 etiam
241 3982 275 4002 ex
295 3983 348 4014 eo,
363 3976 444 4015 quod
465 3976 712 4017 Magnificentiam
735 3976 855 4007 vestram
875 3977 1036 4015 hujusmodi
1048 3979 1205 4009 occasioni-

137 4008 206 4046 bus,
221 4009 360 4054 Νμῑιείἰς,
378 4016 412 4046 &
432 4015 567 4046 Precibus
590 4015 689 4053 saepitis
703 4025 868 4053 oneramus‘,
885 4015 940 4055 set,
956 4016 1205 4056 multiplicantibus

135 4046 314 4081 Officialibus
325 4051 360 4083 &
371 4051 509 4085 Ministris
520 4053 619 4087 vestris
630 4054 763 4093 iniurias,
780 4055 813 4087 &
830 4053 1013 4087 Gravaminia
1026 4055 1204 4095 hujusmodi,

1234 145 1715 200 PUBLICA.
2238 162 2285 205 6‘1

1228 235 1262 264 ad
1279 240 1345 282 vos,
1365 248 1417 275 pro
1434 239 1626 273 Correc‘tione
1641 245 1674 275 &
1688 244 1910 277 Reformatione
1922 246 2107 285 eorumdem,
2123 243 2142 267 ²*
2158 250 2237 279 tanto
2255 249 2290 279 fi-
2306 241 2382 278 Ann.
2399 241 2440 279 i).

1225 273 1336 304 deutrus
1354 280 1526 313 recurrimus
1540 304 1550 318 ,
1582 286 1690 320 quanto
1713 294 1743 314 ea

1225 312 1369 343 credi-nus
1384 316 1502 346 inmari
1758 308 1767 322 ,
1790 294 1889 323 praeter
1909 284 2034 316 vestram
2058 284 2288 326 Conscientiam,

1309 329 1314 341 1.
1443 339 1461 353 0
1506 341 1511 346 ¹

2327 292 2410 325 1321.

2308 330 2373 352 Emi).
2396 337 2407 353 z

1264 349 1345 394 Ctim
1367 353 1460 401 igitur.
1472 356 1506 399 ad
1519 366 1601 401 aures⁴
1609 358 1713 389 nostras
1725 361 1784 399 jam
1799 363 1971 400 pervenerit,
1989 363 2078 401 quod,
2099 372 2198 401 praeter
2209 363 2285 394 Gra-
2305 362 2319 379 ³*
2341 366 2394 392 III.

1227 398 1341 419 vamina
1363 394 1397 421 oc
1418 391 1532 429 [niurias
1553 395 1730 436 hujusmodi,
1747 401 1828 430 nobis
1843 402 1875 430 ὃς
1890 400 2013 431 Subditis
2026 401 2142 441 nostris,
2159 404 2188 433 in
2202 401 2285 433 dietis
2304 412 2370 437 99¹-

1227 428 1366 471 partibus,
1385 429 1422 474 fic
1443 431 1516 462 illata
1536 436 1608 471 (pro
1629 437 1729 477 quibus
1749 438 1946 479 fi-pmovendis
1970 439 2071 470 Preces
2090 440 2198 472 nostras
2212 441 2288 479 prius

1228 465 1311 509 vobis
1327 466 1477 513 direximus
1493 472 1636 514 speciales)
1656 475 1724 505 dicti
1750 476 1876 507 ministri
1894 478 1975 508 vest-:i
1990 480 2057 516 alia,
2076 481 2214 524 prioribus
2228 489 2290 519 gra-

1228 514 1399 573 Viora,33am
1423 518 1451 551 in
1472 510 1552 540 dieto
1573 511 1687 542 Ducatu
1710 514 1792 544 nobis
1811 517 1843 545 ὃς
1858 516 1980 551 Subditis
1995 517 2109 555 nostris,
2128 528 2227 559 praeter
2240 528 2290 550 ve-

1230 541 1315 572 stram
1362 544 1559 589 onscientiarn,
1580 559 1610 579 ut
1625 552 1819 592 premuntur,
1838 555 1940 585 inferre
1955 566 2014 586 non
2027 556 2177 595 deiistunt3

1267 581 1469 630 Excellentiain
1493 587 1613 630 vestram
1637 589 1792 620 affec‘ruosis
1815 591 1945 623 Precibus
1969 596 2135 633 requirimus
2155 597 2188 627 &
2210 604 2292 635 roga-

1231 629 1315 658 mus,
1337 630 1484 659 quatinus,
1511 635 1541 654 in
1564 627 1724 666 praemiffis,
1750 638 1803 668 pro
1824 631 1920 660 nostro
1938 632 2005 671 Jure
2026 634 2233 671 conservando,
2257 635 2290 665 &

1229 659 1323 696 quiete
1343 659 1530 692 Subditorutn
1552 664 1713 695 nostrorum
1736 669 1939 704 praedictorum
1953 693 1963 708 ,
1979 672 2079 709 jubere
2098 673 2194 704 velites
2215 671 2292 703 festi-

1230 706 1302 726 num
1321 698 1354 728 ὃς
1367 708 1533 737 competens
1548 701 1725 734 Remedium
1739 705 1880 744 adhiberi,

1254 735 1321 779 ,¹5⁸³
1338 737 1446 768 (11166113
1468 739 1501 769 &
1525 740 1663 784 fidelibus
1682 743 1797 782 nostris,
1817 744 1977 775 Venerabili
1992 746 2081 786 Patri,
2096 749 2124 788 J.
2138 742 2240 779 Eliensi
2253 747 2293 778 E-

1230 778 1350 812 plicOpO
1359 798 1367 813 ,
1380 776 1414 806 &
1427 777 1572 822 Almarico
1585 780 1621 810 de
1636 779 1783 812 Credonio
1799 782 2016 823 Consanguineo
2027 788 2125 817 nostro
2141 788 2292 826 cariffim0,

1230 822 1265 843 ac
1281 822 1380 858 eorum
1401 815 1495 854 alteri,
1510 819 1540 847 in
1560 819 1626 855 hiis,
1645 829 1709 858 quae
1730 831 1779 850 vos
1796 831 1830 850 ex
1849 832 1925 859 parte
1939 824 2031 854 nostra
2044 828 2228 864 requilierint,
2248 828 2292 857 vel

1232 853 1384 888 requisierit
1398 876 1408 891 ,
1427 853 1514 884 fidem
1533 857 1679 887 indubiam
1695 859 1842 898 adhibere,
1859 862 1891 890 ὃς
1911 864 2076 900 requirenda
2085 875 2133 902 per
2141 866 2227 903 ipsos,
2246 865 2291 895 vd

1230 899 1332 921 eorum
1348 892 1464 923 alterurn
1475 917 1485 932 ,
1521 896 1643 926 ratioiiiis
1657 899 1793 928 exaudire.

1309 929 1375 961 Dat.
1391 931 1464 970 apud
1516 934 1629 972 ewerk,
1647 934 1773 966 secundo
1787 937 1833 967 die
1848 936 1870 967 F
1872 938 1963 969 ebruai
1970 940 1998 968 ii.

1269 1005 1441 1039 Consimiles
1454 1008 1558 1041 Literae
1574 1010 1661 1049 fiunt,
1676 1011 1726 1042 sub
1738 1015 1859 1044 nornine
1873 1015 1981 1052 praefati
1995 1015 2146 1054 Episcopi,
2161 1020 2212 1054 'pro
2223 1019 2259 1048 se:

1267 1082 1336 1125 Dat.
1350 1093 1380 1115 ut
1396 1085 1483 1124 supra,

1483 1226 1542 1257 Pro
1555 1228 1630 1272 Rege
1643 1252 1652 1268 ,
1675 1219 1711 1259 de
1730 1228 1889 1273 Confeffore
1900 1226 2043 1262 habendo.

1233 1300 1282 1367 P
1291 1306 1317 1337 A
1325 1305 1349 1337 P
1359 1307 1400 1339 AE
1415 1308 1479 1339 Rex
1493 1309 1595 1342 devota
1608 1311 1712 1349 pedum
1724 1313 1818 1344 oscula
1829 1313 1987 1344 beatorum.

1335 1345 1415 1377 Olim
1430 1348 1529 1379 vestrae
1543 1349 1721 1389 Benignitatis
1736 1352 1894 1391 affluentia,
1908 1352 2010 1383 nostris
2026 1352 2164 1384 Precibus
2179 1355 2295 1386 inclina-

2314 1330 2390 1364 Ann.
2407 1331 2448 1362 D.

1233 1394 1276 1423 ta,
1295 1386 1379 1414 nobis
1399 1389 1518 1422 gratiose
1530 1389 1684 1426 conceffit,
1705 1391 1784 1429 quod
1799 1391 1921 1429 aliquem
1935 1392 2088 1422 discretum
2106 1392 2293 1423 presbiterum
2317 1381 2432 1437 [11132136.

1234 1425 1263 1454 111
1287 1422 1490 1467 Confess'orem
1507 1428 1589 1457 nobis
1603 1428 1745 1465 possemus
1755 1429 1872 1469 eligere,
1892 1431 1958 1468 qui,
1976 1431 2060 1471 usque
2073 1430 2107 1460 ad
2121 1431 2165 1461 sex

1234 1462 1327 1506 audita
1347 1461 1534 1508 Confeffiorie
1556 1467 1668 1505 nostrii,
1688 1469 1815 1505 quotiens
1835 1478 1906 1507 opus
1929 1469 2013 1507 esset,
2033 1470 2132 1509 nobis,
2148 1470 2183 1501 de
2206 1470 2299 1501 Com-

1235 1500 1340 1545 misiis,
1356 1500 1560 1534 Poenitentiiim
1583 1506 1738 1545 injungeret
1759 1506 1902 1537 ialutarem
1913 1530 1922 1545 ,
1940 1518 1973 1538 ac
1989 1508 2162 1539 beneficium
2182 1509 2302 1540 Absolu-

1236 1547 1320 1570 tionis
1333 1541 1523 1580 impenderet,
1541 1544 1626 1573 etiam
1641 1545 1658 1574 si
1675 1552 1679 1569 1
1693 1546 1769 1582 quod
1785 1546 1869 1582 absit)
1885 1547 1948 1576 talia
1963 1548 2222 1588 committeremus,
2237 1558 2305 1586 pro-

1235 1586 1299 1617 pter
1314 1587 1379 1616 quae
1394 1579 1463 1610 effer
1477 1580 1561 1612 Sedes
1575 1582 1742 1620 Apostolica
1758 1584 1937 1615 consulenda.

1279 1616 1405 1655 Verum,
1425 1619 1490 1655 quia
1509 1627 1620 1658 tempus
1636 1622 1807 1661 praedic‘tum
1827 1625 1941 1661 jamque
1963 1625 2062 1662 majori
2087 1634 2164 1664 parte
2175 1624 2217 1656 est
2229 1625 2304 1665 elap-

1238 1655 1315 1693 sum,
1333 1666 1400 1693 nos,
1419 1657 1495 1687 saluti
1514 1660 1618 1690 animae
1633 1660 1737 1690 nostrae
1750 1661 1899 1698 providere
1912 1663 2072 1702 cupientes,
2092 1664 2239 1695 Sanstitati
2255 1674 2305 1695 ve-

1239 1692 1506 1739 stzzesupplicamus
1526 1696 1669 1729 humiliter
1686 1700 1720 1730 Sc
1733 1699 1854 1735 devote.
1874 1702 2002 1738 quatinus
2017 1703 2176 1740 hujusmodi
2191 1704 2306 1742 gratiam

1238 1733 1326 1764 velitis
1339 1735 1368 1764 iii
1383 1743 1493 1772 tempus
1506 1734 1629 1776 longius,
1649 1748 1702 1776 pro
1716 1738 1815 1769 vestrae
1830 1738 2028 1779 Dispofitionis
2043 1742 2172 1780 arbitrio,
2191 1742 2308 1780 prolon-

1237 1781 1319 1810 gare,
1337 1773 1371 1803 ὃς
1390 1774 1473 1803 nobis
1493 1775 1560 1804 inde
1579 1775 1683 1806 vestras
1705 1777 1882 1814 Apostolicas
1899 1778 2007 1809 Literas
2021 1781 2198 1820 concedere,
2216 1781 2266 1819 &,
2286 1781 2306 1812 si

1238 1811 1345 1850 placet,
1363 1813 1546 1843 transmittere
1558 1824 1606 1853 per
1618 1816 1792 1856 praesentium
1809 1816 1990 1848 Portitorem.

1277 1849 1452 1890 conservet,
1472 1852 1532 1882 &c.

1275 1926 1345 1959 Dat.
1360 1928 1435 1966 apud
1452 1927 1701 1961 Pontemfraetum
1714 1955 1723 1971 ,
1740 1932 1848 1962 octavo
1862 1932 1906 1963 die
1924 1930 2076 1965 Februarii.

1355 2066 1568 2102 Ordinationes
1588 2069 1680 2116 fitper
1696 2073 1787 2103 Statu
1801 2073 1837 2109 ὠ·
1858 2072 2011 2117 Regimirze
2027 2072 2182 2117 Vafivniae.

1304 2151 1330 2182 E
1347 2152 1405 2183 Roi
1416 2163 1450 2222 sal
1459 2160 1530 2184 touz
1549 2163 1634 2194 ceux,
1652 2166 1707 2195 que
1720 2154 1806 2186 cestes
1819 2155 1956 2195 presentes
1967 2156 2059 2188 lettres
2072 2165 2187 2190 verront
2201 2167 2241 2189 ou
2255 2168 2305 2189 or—

1314 2201 1395 2230 ront,
1427 2204 1441 2222 a
1454 2201 1498 2223 uz.

1276 2230 1386 2260 Sacliez
1399 2241 1471 2270 que,

1279 2266 1377 2299 Come
1398 2270 1524 2309 plusours
1548 2270 1619 2302 foirz
1639 2268 1762 2302 euffoms
1782 2272 1830 2302 fait
1844 2267 1975 2310 debatre,
1996 2281 2045 2310 par
2062 2272 2158 2304 nostre
2172 2272 2306 2312 Consail,

1241 2317 1346 2338 aucuns
1367 2309 1484 2349 pointz,
1502 2311 1621 2340 tochant
1642 2310 1781 2341 l’estau&
1795 2310 2019 2341 l’amendement
2034 2310 2072 2341 du
2086 2310 2255 2351 Guyement
2271 2311 2308 2342 de

1241 2345 1339 2376 nostre
1359 2346 1475 2378 Duchie
1491 2347 1528 2378 de
1550 2348 1695 2388 Guyenne
1715 2359 1751 2379 au
1772 2348 1898 2379 darreine
1919 2359 1936 2379 a
1957 2349 2116 2389 Everwyk,
2135 2360 2163 2381 as
2185 2350 2310 2392 Oytaves

1242 2385 1278 2416 de
1293 2385 1317 2415 13
1331 2383 1409 2416 Seint
1425 2385 1560 2425 Martyn,
1578 2388 1632 2417 l'an
1649 2388 1686 2418 de
1699 2396 1782 2418 notre
1797 2386 1902 2427 Regne
1917 2388 2048 2426 seszime,

1282 2423 1388 2454 Furent
1409 2425 1447 2455 les
1465 2427 1566 2464 pointz
1585 2425 1724 2456 susescritz
1742 2426 1864 2456 debatuz
1883 2426 1917 2457 &
1937 2426 2079 2466 affentuz‚
2096 2436 2112 2457 a
2132 2426 2172 2458 fin
2189 2437 2243 2467 que
2256 2437 2311 2459 eux

1242 2462 1332 2493 soient
1347 2471 1434 2494 tenuz
1449 2464 1482 2495 ὃ(
1497 2462 1619 2494 ferment
1631 2465 1751 2502 garda,
2185 2501 2187 2503 ,

1279 2500 1303 2531 Ρ
1313 2510 1336 2532 R
1346 2510 1355 2530 1
1367 2509 1393 2531 M
1405 2512 1421 2533 a
1432 2512 1455 2532 R
1465 2512 1483 2533 i:
1494 2511 1521 2533 M
1532 2512 1548 2532 a
1558 2511 1580 2533 N
1592 2511 1630 2541 T,
1649 2514 1705 2541 que
1727 2505 1765 2534 les
1787 2502 1987 2541 ordenances‚
2003 2512 2060 2539 que
2081 2502 2230 2544 n’adgaires
2252 2505 2313 2536 feis-

1245 2549 1305 2570 mes
1323 2550 1339 2569 a
1363 2541 1516 2580 Ambiens,
1536 2542 1673 2572 touchant
1696 2542 1720 2572 la
1739 2542 1818 2572 State
1837 2542 1874 2572 de
1890 2543 1915 2572 la
1929 2543 1987 2572 dite
2002 2541 2138 2581 Duchie,
2153 2544 2186 2575 &
2203 2543 2239 2574 de
2254 2554 2315 2575 noz

1245 2577 1393 2609 Ministres
1412 2581 1546 2620 illoeques
1562 2582 1570 2615 (
1579 2581 1603 2611 la
1614 2590 1716 2612 tenour
1730 2580 1778 2611 des
1792 2580 1886 2619 queles
1899 2580 1940 2610 est
1955 2590 2081 2611 annexez
2095 2592 2110 2612 a
2126 2582 2232 2619 cestes)
2258 2583 2313 2613 soi-

1245 2625 1293 2647 ent
1315 2617 1485 2649 fermement
1505 2618 1601 2657 gardes
1621 2621 1655 2651 &
1672 2628 1785 2658 tenues,
1808 2630 1844 2650 en
1866 2623 1925 2651 tant
1946 2629 2035 2651 come
2055 2620 2110 2651 eles
2130 2630 2167 2651 ne
2179 2620 2252 2652 soint
2265 2626 2315 2659 pas

1245 2657 1398 2687 contraires
1411 2668 1426 2688 a
1438 2659 1476 2688 les
1489 2659 1584 2696 points
1596 2658 1742 2689 susescritz.

1283 2693 1353 2726 ITE
1364 2703 1407 2733 M,
1431 2707 1486 2737 que
1501 2696 1620 2727 deshore
1634 2697 1672 2727 les
1685 2696 1853 2728 Seneschalx
1863 2696 2035 2736 d'AgeneYS,
2057 2698 2091 2729 &
2107 2696 2143 2728 de
2159 2694 2314 2737 Xandion',

1244 2733 1279 2764 &
1297 2733 1333 2764 de
1356 2733 1499 2775 Pergorz,
1517 2736 1552 2766 de
1575 2735 1725 2774 Laundez,
1745 2736 1778 2766 &
1798 2736 1824 2766 le
1847 2735 1926 2766 Meir
1942 2735 1978 2765 de
1994 2736 2140 2775 Burdeux,
2158 2737 2233 2768 eient
2247 2737 2312 2768 Iour

1243 2771 1454 2805 Commiffions
1468 2774 1563 2805 desusz
1576 2775 1602 2805 Ie
1614 2775 1674 2806 Seal
1686 2776 1723 2806 de
1738 2774 1891 2805 Gascoine.

1282 2809 1354 2842 ΙΤΕ
1365 2820 1411 2852 M,
1431 2824 1483 2852 pur
1502 2824 1574 2852 ceo,
1593 2824 1649 2852 que
1669 2814 1696 2844 le
1709 2813 1866 2843 Constable
1880 2812 1915 2842 de
1929 2812 2059 2844 Burdeux
2073 2821 2152 2850 tent,
2168 2823 2205 2843 en
2219 2812 2313 2852 chief,

1243 2860 1258 2880 a
1280 2859 1361 2888 tout,
1381 2862 1396 2880 a
1419 2862 1490 2882 nous
1513 2853 1550 2882 de
1568 2861 1640 2883 tores
1661 2852 1796 2884 lesiiss'ues
1809 2851 1844 2883 de
1861 2851 1886 2882 la
1910 2850 2042 2882 Duchie:
2060 2862 2113 2890 pur
2128 2852 2188 2891 plus
2201 2861 2314 2883 overte—

1243 2898 1323 2920 ment
1344 2889 1429 2921 Sauer
1450 2891 1474 2922 la
1495 2891 1574 2921 value
1594 2890 1630 2921 de
1649 2891 1673 2921 la
1691 2890 1807 2921 Duchie
1826 2891 1935 2928 permie
1949 2891 1973 2921 sa
1996 2890 2165 2931 respounce3
2190 2891 2241 2929 &,
2260 2897 2313 2929 pur

1243 2928 1352 2959 eschuir
1370 2928 1409 2958 les
1429 2929 1558 2969 damages
1573 2929 1606 2960 &
1623 2929 1746 2968 dispens,
1766 2939 1821 2968 que
1835 2930 1949 2959 vienent
1963 2939 2016 2966 pur
2031 2939 2102 2967 ceo,
2122 2939 2177 2967 que
2190 2929 2314 2967 plusours

1241 2967 1324 3006 sont,
1349 2976 1364 2996 a
1385 2977 1453 3006 ore,
1478 2968 1636 2998 Tresoriers
1658 2970 1692 2999 &
1714 2968 1882 2999 Receivoirs
1902 2968 1938 2998 de
1956 2967 1982 2998 la
2001 2967 2058 2998 dite
2079 2967 2220 3005 Duchie,·
2246 2967 2311 2998 Ac-

1243 3015 1288 3035 co
1299 3015 1322 3036 R
1332 3014 1353 3034 D
1363 3015 1381 3036 E
1391 3014 1411 3035 z
1432 3006 1474 3037 est
1490 3018 1559 3046 que,
1577 3005 1713 3044 deshore,
1733 3005 1782 3038 nul
1793 3007 1928 3038 Tresorer
1943 3017 1979 3037 ne
1992 3005 2157 3037 Receivour
2173 3016 2209 3036 ne
2222 3005 2311 3037 soient

1244 3053 1281 3074 en
1306 3044 1422 3083 Agent,
1442 3044 1614 3085 Peregortz,
1629 3056 1665 3076 ne
1682 3046 1794 3077 aillouis
1814 3056 1850 3076 en
1871 3046 1895 3075 la
1910 3045 2046 3083 Duchie,
2062 3047 2120 3075 fors
2133 3053 2203 3075 ceux
2218 3051 2272 3082 que
2283 3044 2310 3075 le

1243 3083 1402 3113 Constable
1422 3084 1457 3114 de
1480 3084 1609 3116 Burdeux
1629 3085 1725 3116 voldra
1738 3093 1840 3115 mettra
1852 3095 1867 3115 a
1880 3084 1928 3115 son
1940 3084 2020 3123 peril:
2041 3084 2075 3115 &
2088 3093 2176 3119 ceux,
2192 3092 2247 3120 que
2261 3093 2311 3113 ore

1242 3121 1323 3160 sont,
1339 3121 1428 3152 soient
1448 3123 1546 3163 ostez,
1562 3125 1595 3155 &
1609 3133 1658 3164 per
1681 3125 1708 3154 le
1726 3123 1767 3155 dit
1789 3122 1961 3154 conestable
1979 3123 2053 3154 tieux
2069 3123 2138 3160 mis,
2155 3131 2203 3160 per
2216 3131 2310 3161 queux

1241 3160 1261 3190 il
1278 3160 1364 3191 vodra
1379 3161 1546 3201 respoundre
1559 3174 1575 3194 a
1588 3163 1637 3194 son
1652 3163 1730 3201 peril.
2064 3195 2065 3198 ,
2219 3194 2222 3198 ,
2290 3197 2295 3204 ,

1279 3198 1407 3238 ITEM,
1445 3211 1473 3231 ei*
1494 3211 1565 3241 ceo,
1584 3212 1637 3243 que
1657 3202 1684 3232 le
1698 3202 1864 3242 Guyement
1879 3200 1913 3231 de
1928 3200 1951 3230 13
1968 3198 2101 3235 Duchie,
2119 3198 2152 3229 &
2167 3198 2204 3228 les
2217 3198 2308 3229 busor·

2181 1432 2297 1471 Annos,
2320 1454 2347 1477 E.
2367 1459 2393 1475 Ζ.

2322 1493 2389 1515 Rom.
2410 1487 2451 1514 16:

2322 1531 2351 1553 E.
2372 1536 2398 1553 2.

2323 1574 2357 1592 m.
2375 1564 2401 1590 S-

2326 2162 2402 2197 Ann.
2417 2165 2458 2196 D,

2325 2249 2379 2273 An.

2327 2288 2358 2312 Ε.
2376 2293 2402 2310 2.

2329 2322 2393 2358 Vnst.
2417 2320 2460 2348 16.

2328 2365 2359 2388 E.
2378 2370 2404 2386 2.

2327 2408 2363 2427 m.
2382 2408 2426 2426 io.

1242 3246 1310 3276 gnes
1323 3261 1333 3277 ,
1358 3247 1426 3270 touc
1448 3249 1494 3271 ant
1521 3251 1591 3272 nous
1616 3242 1649 3271 Sc
1673 3240 1769 3271 nostre
1791 3240 1895 3278 Poeple
1915 3239 2027 3276 illoeqes
2041 3260 2051 3276 ,
2082 3237 2100 3257 *¹
2118 3237 2307 3268 s'amendront
2327 3239 2341 3255 ¹*
2361 3235 2416 3268 iii,

1243 3277 1331 3315 molt,
1353 3277 1372 3307 si
1396 3289 1434 3310 un
1455 3279 1541 3310 Clerc
1556 3279 1673 3310 suffisaiit
1690 3279 1745 3310 fust
1760 3278 1939 3309 Chaucellicr
1951 3277 1985 3307 &
2001 3275 2127 3307 Gardein
2143 3276 2179 3306 du
2194 3276 2256 3306 Seel
2270 3276 2306 3306 de
2325 3283 2393 3313 992.

1243 3315 1268 3345 la
1289 3315 1422 3356 Duchie:,
1444 3318 1574 3348 AccoR
1585 3328 1606 3348 D
1617 3326 1663 3349 uz
1679 3318 1720 3348 est
1739 3328 1794 3357 que
1814 3327 1852 3346 un
1868 3315 1989 3346 suffisant
2003 3315 2110 3353 home,
2128 3315 2198 3354 fages
2214 3324 2249 3358 en
2264 3314 2307 3354 lcy

1243 3354 1340 3393 escrit,
1349 3355 1401 3386 soit
1410 3356 1650 3388 Chauncelleir&
1660 3356 1787 3387 Gardein
1800 3355 1837 3385 du
1853 3356 1892 3386 dit
1908 3353 1984 3386 Seal:
2004 3355 2037 3385 &
2051 3364 2107 3393 que
2118 3353 2178 3383 face
2193 3352 2308 3391 registet-

1244 3393 1281 3422 les
1289 3392 1394 3425 Proces
1403 3396 1435 3426 &
1445 3396 1481 3426 les
1490 3393 1715 3426 Remembrantz
1723 3418 1732 3433 ,
1739 3403 1792 3433 que
1800 3394 1935 3424 touchant
1945 3393 2006 3423 cele
2013 3392 2113 3431 gardez
2120 3400 2205 3421 corne
2212 3391 2308 3435 nostre

1244 3430 1350 3462 Tresor
1361 3443 1413 3473 por
1422 3444 1493 3465 nous
1509 3437 1541 3466 ὅ(
1556 3444 1607 3474 pur
1621 3434 1714 3464 nostre
1727 3434 1840 3473 poeple:
1860 3433 1893 3463 &
1908 3442 1962 3470 que
1979 3431 2053 3460 ledit
2067 3430 2256 3474 Chauncelier
2271 3430 2307 3462 δέ

1244 3469 1390 3511 Gardein,
1408 3483 1460 3511 por
1481 3474 1505 3503 sa
1524 3473 1701 3512 sustenance,
1716 3473 1840 3512 preignie
1859 3472 1885 3501 16
1905 3470 1989 3508 profit
2008 3467 2118 3499 surdant
2138 3467 2177 3498 du
2190 3468 2231 3500 dit
2245 3468 2308 3500 Seal

1246 3510 1280 3552 ξε
1300 3510 1336 3541 de
1357 3511 1526 3550 l'escripture
1546 3511 1654 3552 d’ycel,
1674 3511 1759 3542 saunz
1782 3511 1902 3550 prendre
1923 3517 2009 3538 autres
2012 3515 2104 3575 &it->ges
2118 3505 2154 3536 de
2166 3516 2255 3546 nous;
2273 3509 2308 3539 δί

1246 3549 1297 3578 ioit
1315 3560 1353 3580 un
1373 3551 1428 3590 tyel
1450 3560 1511 3589 mys
1532 3560 1581 3588 per
1592 3550 1765 3582 l‘avisement
1781 3549 1821 3580 du
1833 3546 1996 3584 Senesclial,
2062 3543 2204 3585 nestable,
2221 3547 2256 3578 &
2271 3546 2311 3578 1ae

1246 3595 1339 3619 autres
1352 3588 1391 3619 du
1406 3588 1520 3620 Conseil
1534 3589 1650 3626 pardela.
1882 3623 1887 3629 ·
2085 3617 2087 3619 .

1286 3625 1331 3657 Ιτ
1341 3636 1413 3667 ΕΜ,
1432 3638 1486 3668 por
1509 3638 1562 3658 ceo
1584 3638 1638 3666 que
1662 3627 1688 3656 le
1709 3625 1816 3663 Pcople
1829 3624 1855 3655 se
1867 3630 1937 3655 rient
1953 3620 2025 3653 mult
2039 3621 2115 3666 eesez.
2125 3631 2175 3662 per
2187 3619 2213 3654 16
2227 3619 2310 3662 8661,

1248 3674 1303 3704 que
1325 3665 1366 3696 est
1390 3668 1512 3706 deputez
1531 3676 1546 3696 a
1560 3665 1687 3696 Burdeux
1703 3674 1719 3693 a
1733 3663 1900 3700 Contraitz,
1919 3670 1967 3700 pai·
1979 3661 2006 3691 la
2020 3660 2109 3704 raison
2121 3671 2176 3699 que
2191 3662 2312 3693 l'execu<

1249 3706 1311 3736 tion
1326 3707 1351 3737 se
1367 3706 1415 3736 fait
1429 3705 1528 3742 ankes,
1541 3714 1626 3734 come
1640 3704 1675 3733 de
1688 3702 1772 3732 chose
1786 3701 1821 3731 de
1836 3700 1936 3732 record
1960 3699 2044 3730 saunz
2057 3699 2137 3738 plait·
2159 3699 2262 3730 Acco
2272 3710 2312 3731 R-

1250 3752 1325 3775 DEz
1341 3744 1381 3774 est
1396 3754 1452 3782 que
1465 3754 1499 3773 au
1515 3744 1584 3772 tieus
1599 3742 1672 3772 Seals
1685 3741 1774 3770 ibient
1789 3749 1866 3779 mys,
1887 3740 1921 3770 &
1934 3722 2056 3776 deputez
2071 3748 2098 3782 as
2139 3738 2278 3778 ommia,
2296 3751 2312 3771 a

1250 3783 1387 3821 Blaynez,
1405 3793 1419 3812 a
1442 3781 1593 3820 Leyburn,
1611 3791 1626 3811 a
1643 3779 1722 3810 Seint
1741 3777 1886 3815 Makaire,
1904 3778 1937 3808 &
1953 3777 2007 3819 ala
2021 3775 2129 3807 Bastide
2143 3777 2179 3807 de
2192 3777 2314 3816 Croon,

1251 3823 1284 3852 ὅτ
1304 3831 1359 3859 que
1375 3822 1411 3850 les
1426 3819 1563 3850 Noteires
1573 3841 1581 3856 ,
1601 3828 1656 3856 que
1669 3817 1809 3847 receivent
1824 3817 1861 3847 les
1874 3816 2071 3854 obligations,
2087 3815 2172 3846 seient
2185 3815 2312 3847 estroite-

1251 3868 1331 3890 ment
1353 3859 1477 3894 chargez
1498 3867 1547 3898 per
1570 3857 1690 3887 serment
1713 3855 1749 3885 de
1773 3855 1837 3885 faire
1859 3855 1897 3884 les
1918 3854 2099 3893 Obligations
2118 3853 2179 3884 sutz
2202 3854 2240 3885 les
2253 3855 2314 3885 ditz

1251 3897 1341 3935 Seals,
1358 3899 1392 3928 &
1413 3898 1449 3926 de
1461 3894 1607 3935 Registrer
1622 3895 1659 3925 les
1673 3895 1821 3931 dueiiient,
1837 3895 1870 3924 &c
1884 3893 1920 3922 de
1934 3892 2082 3931 respondre
2096 3902 2112 3922 a
2125 3901 2203 3923 nouz
2218 3893 2314 3930 plene-⁴

1252 3946 1331 3967 ineiit
1356 3936 1391 3966 de
1412 3943 1483 3965 touz
1506 3933 1628 3973 profitz,
1645 3934 1775 3964 surdantz
1794 3932 1842 3962 des
1859 3932 1919 3963 ditz
1933 3931 2025 3970 Seals,
2044 3931 2078 3963 &
2092 3941 2148 3969 que
2163 3931 2314 3975 mesurable

1251 3976 1315 4006 Tax
1334 3974 1385 4005 soit
1405 3984 1439 4003 au
1460 3980 1710 4003 commencenient
1725 3981 1772 4008 par
1783 3981 1856 4002 acun
1871 3980 1962 4009 temps
1977 3971 2020 4001 sur
2030 3970 2105 4001 celes
2117 3970 2314 4008 Obligatioris,

1252 4023 1352 4051 tanque
1374 4013 1401 4043 16
1420 4012 1527 4049 Poeple
1545 4011 1598 4042 soit
1619 4012 1685 4042 bien
1704 4009 1918 4046 accustumetz,
1935 4010 1969 4041 &
1989 4009 2028 4039 eit
2042 4008 2120 4039 sentu
2134 4009 2159 4038 le
2170 4007 2252 4045 profit
2264 4005 2313 4036 des

1252 4053 1430 4092 obligations
1449 4050 1516 4082 faire
1534 4050 1631 4082 desutz.
1654 4050 1691 4081 les
1712 4050 1771 4119 diIt-irl.
1790 4047 1885 4125 3Seals,
1902 4050 1935 4081 ὃ(
1959 4047 2067 4079 adoncs
2085 4054 2152 4087 peut
2172 4046 2313 4113 litgkrssngig
