2562 4279
148 161 197 200 52

593 135 1396 189 coNvENTloNES‚

1453 138 1842 185 LITERAE,

1 229 79 260 Anti.
93 227 134 259 D.
149 232 263 264 voloms
279 238 417 270 governer
432 227 526 259 nostre
540 226 648 270 Poeple
658 225 757 256 solone
772 224 910 256 Droiture
923 226 957 256 &
972 224 1088 262 Reson,
1103 223 1210 254 sicome
1249 223 1299 262 sd,
1316 222 1416 262 Sigillis
1428 223 1557 269 Magistri
1570 226 1683 271 Henrici
1693 224 1725 270 ase
1737 222 1817 264 Clyf,
1835 223 2002 271 effi-'Domini
2016 224 2129 271 hienrici
2153 226 2186 256 de
2206 228 2314 258 Edene-
2328 221 2405 253 Ann.
2414 221 2458 254 D.

27 277 111 307 1330.
150 279 254 310 appetit
273 280 288 299 a
310 268 405 299 nostre
427 267 528 297 Roiale
548 264 687 302 Dignite,
705 264 739 294 ὃε
755 274 810 302 que
823 264 865 309 les
873 263 1043 301 Bosoignes,
1061 272 1118 301 que
1139 271 1213 292 nous
1243 261 1343 307 stone,
1361 261 1538 300 clericorum,
1566 269 1681 301 ignata,
1699 274 1729 308 in
1742 266 1861 308 Camer}
1874 262 1949 309 zpfios
1964 265 2076 292 Domrm
2087 266 2186 309 Regis,
2203 269 2233 295 in
2256 269 2315 296 Pa·
2354 269 2439 302 1330.

5 312 62 336 Eav
93 315 120 343 3-
151 309 307 345 touchent,
324 308 358 337 δε
382 305 468 336 l'estat
488 304 524 334 de
547 302 643 333 nostre
656 302 808 340 Roialmc,
826 303 916 334 soient
929 302 1042 333 mesnez
1056 311 1105 339 par
1126 310 1213 331 com-
1250 300 1318 330 latro
1330 299 1381 339 fito
1401 301 1475 339 apud
1492 303 1540 331 W
1564 300 1770 340 monasterium,
1786 300 1832 330 ubl
1855 300 2074 331 Parltamentum
2085 302 2315 341 Regu-summoni-
2326 303 2395 331 Edv.
2416 310 2442 337 3·

153 357 224 378 mun
239 345 354 376 Conseil
369 345 417 375 des
433 342 546 373 Grantz.
566 341 603 372 de
620 340 718 372 nostre
739 340 890 380 Roialme,
906 341 941 372 &
965 341 1061 371 nemie
1081 349 1118 370 en
1135 347 1213 370 autre

150 394 263 417 manere

188 423 226 454 Et
241 408 294 460 pu’r
309 431 363 451 ceo
384 430 456 451 vous
477 418 647 456 mandoms,
665 417 828 449 firmement
848 419 1047 457 enjoignantz,
1065 426 1121 456 que
1138 415 1214 447 ceste

149 461 244 493 nostre
268 463 282 477 ³⁶
304 459 450 490 intention
471 458 550 488 facez
571 457 680 495 publier
701 458 808 495 parmie
831 457 924 487 vestre
943 456 1037 487 Baillie
1051 481 1060 495 ,
1091 455 1215 486 dedeinz

150 498 326 567 Franccliiises,
344 499 377 529 δε
388 497 508 536 dehors,
525 495 602 527 iffint
617 506 672 535 que
684 504 727 527 tut
741 496 768 526 le
781 495 890 534 Poeple
903 495 929 526 le
945 495 1214 535 puiffepleinement

150 547 235 569 enten
258 547 295 567 re.

189 576 227 608 Et
243 575 356 607 voloms
368 574 455 605 ausint
469 583 525 613 que
536 584 608 605 vous
619 573 701 604 facez
715 572 848 604 defendre
863 583 911 612 per
926 580 987 604 tote
1001 571 1093 605 vestre
1107 571 1214 616 Baillie,

151 626 209 654 que
228 614 292 651 nul,
310 614 346 643 de
368 613 450 651 quele
472 612 622 644 condition
644 612 691 651 q'il
705 612 774 651 soit,
793 612 846 643 soit
858 613 878 643 fi
891 611 1002 649 hardie,
1020 612 1062 642 sur
1076 620 1160 649 peine
1177 609 1214 639 de

152 653 299 685 forfeirure
318 652 354 682 de
375 652 430 683 Vic
447 653 481 684 δε
502 652 538 682 de
561 652 716 690 Membre,
730 651 767 682 de
779 661 867 682 coure
880 651 923 681 sur
935 650 1003 681 altre
1017 660 1070 687 pur
1086 658 1215 692 occuper

151 693 275 729 Terres,
300 691 396 729 Biens,
420 701 461 722 ou
482 689 655 727 Chatteaux,
675 701 712 721 ne
729 699 806 721 autre
827 690 913 720 chose
933 690 1000 720 faire
1019 698 1054 718 en
1072 686 1215 719 blemiffe-

154 739 234 761 ment
249 731 285 761 de
300 729 396 760 nostre
410 729 496 768 Pecs,
514 741 554 761 ou
567 740 603 760 eti
617 728 697 760 affrai
710 728 746 759 de
757 728 853 759 nostre
865 728 988 766 People,
1006 766 1011 771 ἡ
1113 766 1118 771 ·
1183 764 1188 769 ι

188 769 240 807 Et,
260 769 280 799 si
298 769 347 799 nul
365 769 417 800 soit
439 769 459 799 si
478 768 558 799 hardi
579 768 616 799 de
636 768 662 798 le
684 768 752 799 faire
767 767 815 805 (de
829 767 911 805 quele
926 766 1075 797 condition
1091 764 1130 803 qil
1141 763 1214 809 soit)

153 818 226 838 nous
239 807 355 838 voloms
367 818 423 846 que
436 807 492 838 due
505 807 698 845 puniffement
714 816 750 837 en
763 806 816 837 soit
834 807 898 843 fait,
915 805 1014 836 solone
1025 804 1076 848 ¹les
1094 804 1161 834 Leis
1182 802 1216 834 ὃ(

154 847 193 878 les
207 846 268 878 Usa
288 857 316 877 es
330 846 366 877 de
378 846 475 877 nostre
487 846 624 877 Roialme
633 869 642 884 ,
660 846 724 876 sanz
737 845 849 882 desport
863 844 931 874 faire
942 854 957 874 a
973 843 1046 874 nuli:
1113 880 1118 887 Ι

193 885 250 924 Et,
279 898 287 916 i
306 896 378 922 vous
390 885 513 916 troeffez
527 885 575 916 nul
591 886 620 924 qi
632 884 695 915 face
705 894 740 914 au
753 883 910 921 contraire,
926 881 1071 920 adonques
1081 880 1121 911 lui
1131 879 1218 924 'sacez

154 924 256 956 arester
274 925 359 955 saunz
375 924 445 955 delai
467 925 533 965 (priS
552 934 568 954 a
587 934 641 954 ceo
663 923 742 960 poair
765 921 802 952 du
819 920 936 952 Counte
949 921 969 951 si
986 920 1084 950 mestit
1097 918 1161 955 soit)
1183 918 1218 949 &

153 964 318 1032 sauvengent
331 963 430 1002 garder
442 973 479 994 en
491 962 586 993 nostre
600 962 715 1000 Prison,
729 969 834 1000 tanque
845 970 917 992 vous
931 961 993 990 eiez
1014 958 1084 990 altre
1102 955 1218 987 mande-

152 1011 236 1033 ment
270 1012 286 1031 e
301 1012 382 1032 nous.

193 1040 232 1071 Et
251 1041 299 1071 des
319 1050 413 1071 nouns
430 1040 478 1071 des
497 1049 586 1077 ceux,
612 1049 669 1078 que
686 1049 760 1070 vous
778 1046 880 1069 averez
901 1037 975 1068 iffint
995 1036 1104 1068 arestuz
1145 1043 1219 1066 nous

154 1078 304 1117 certefiez‚
323 1079 360 1110 de
373 1088 463 1116 temps
476 1089 512 1109 en
527 1087 635 1117 tempS,
653 1077 864 1109 distinctement
876 1076 982 1108 desouz
996 1075 1089 1108 vestre
1100 1059 1172 1106 §eal-

5 460 22 476 2
39 460 92 486 iv.

4 507 69 534 453-

156 1196 178 1227 b
194 1157 277 1188 Don.
292 1156 362 1187 souz
376 1155 474 1187 nostre
488 1155 582 1187 Grant
597 1155 657 1188 Seal
673 1164 688 1186 a
703 1155 904 1196 Notingham,
922 1155 948 1185 le
964 1163 1002 1184 xx
1011 1154 1078 1191 jour
1094 1151 1220 1183 d'Ocio·

179 1206 216 1226 re.

847 1271 901 1300 Per
914 1269 997 1309 ipſsem
1009 1271 1115 1307 Regem}

197 1349 244 1379 En
262 1349 368 1380 mesine
389 1350 414 1380 la
435 1358 549 1380 manere
563 1348 604 1379 est
619 1346 742 1378 mauride
755 1356 771 1377 a
785 1354 855 1378 touz
870 1347 909 1377 les
923 1346 1076 1378 Viscounts
1087 1342 1221 1383 d’Engle-

159 1395 243 1420 terre.

165 1511 215 1544 De
245 1511 370 1557 querelis
387 1522 490 1543 comm
509 1510 714 1543 Parliamento
740 1509 924 1555 deferendis,
949 1513 986 1548 οὺ·
1007 1507 1140 1550 duobus,
1174 1508 1228 1540 vel

206 1557 388 1601 fidilitibus,
418 1559 470 1592 vel
481 1557 707 1601 Servientibus‚
733 1558 769 1591 de
774 1558 893 1605 singulo
919 1560 1094 1601 comitatu,
1117 1560 1222 1589 maxi-

207 1605 423 1652 mefidclibns,
445 1607 490 1640 ad
503 1605 618 1640 dic'lum
632 1607 875 1640 Parliamentum
894 1605 1046 1653 eligendis.

16 1691 93 1721 Ann.
103 1688 133 1720 D
218 1693 244 1724 E
258 1692 320 1724 Roi
333 1703 350 1723 a
365 1692 521 1724 Viscounte
533 1692 570 1723 de
582 1692 734 1723 Lancastre
746 1692 851 1724 Salutz.

38 1740 49 1759 ¹
58 1738 113 1767 330
260 1731 318 1762 Pur
333 1742 367 1762 ce
381 1742 436 1770 quc
451 1742 524 1762 nous
535 1741 634 1762 avoms
645 1731 804 1769 entenduz,
821 1741 877 1769 que
890 1730 1008 1761 diverses
1023 1731 1228 1771 Opprcffions,

15 1774 69 1796 Aa·
80 1779 108 1804 4-
163 1771 197 1802 &
212 1770 353 1809 Duretes,
367 1778 438 1801 ount
452 1770 510 1800 este
524 1769 599 1801 faites
612 1771 656 1800 sur
670 1770 795 1807 plusours
809 1769 911 1800 Gentz
924 1769 961 1799 de
972 1769 1069 1800 nostre
1088 1770 1208 1801 Realme
1217 1795 1227 1809 ,

165 1819 215 1847 per
229 1819 336 1839 aucuns
349 1809 448 1846 q'ount
463 1807 521 1839 este
532 1817 592 1838 rioz
605 1807 751 1838 Ministres
764 1819 800 1838 en
815 1808 936 1838 diverses
950 1807 1116 1844 Offices,&
1132 1810 1229 1841 auxint

142 1865 149 1871 -
166 1858 214 1886 par
234 1858 339 1878 aucuns
360 1848 473 1878 Grantz
492 1846 528 1877 de
549 1846 645 1877 nostre
667 1846 804 1886 Realme,
820 1847 950 1877 auxibien
968 1855 1028 1876 noz
1044 1846 1230 1886 Conseillers‚

122 1906 127 1910 -
165 1896 251 1918 come
266 1895 372 1924 autres,
387 1894 445 1916 tant
458 1895 545 1916 come
558 1894 619 1916 noz
633 1884 804 1925 Bosoignes,
822 1895 873 1923 pet
888 1885 970 1915 reson
984 1884 1058 1916 dela
1071 1886 1230 1917 tenderess'e

163 1925 200 1956 de
220 1924 315 1954 nostre
333 1924 414 1963 Age,
431 1932 503 1955 ount
523 1923 581 1955 este
604 1933 725 1963 menez,
743 1934 794 1963 per
811 1933 920 1955 aucuns
933 1923 1051 1964 Gentz‚
1069 1935 1086 1956 a
1099 1924 1231 1966 Damage

164 1964 198 1995 ὃ(
212 1963 406 1993 Deshonoure
418 1962 455 1994 de
470 1972 542 1993 nous
551 1984 561 2000 ‚

203 2001 244 2031 La
259 2001 340 2040 quele
357 2001 442 2032 chose
456 2011 528 2032 nous
542 2011 578 2031 ne
589 2001 705 2032 voloms
718 2000 817 2032 defore
829 2000 965 2039 soeffrer,
982 2002 1017 2032 &
1032 2011 1106 2033 nous
1130 2013 1233 2034 avoms

164 2049 248 2070 mout
261 2049 342 2080 grant
355 2040 426 2070 defit
441 2051 497 2079 que
509 2048 582 2071 tot&
596 2040 694 2071 choses
708 2039 828 2071 feussent
840 2041 893 2070 mis
907 2050 944 2070 en
957 2039 1026 2072 estat
1040 2040 1114 2080 due,
1133 2043 1168 2074 ὃς
1192 2043 1232 2073 les

164 2079 262 2112 Tortz
275 2080 309 2111 &
324 2078 500 2117 Misprisions
513 2079 670 2118 redreffez,

205 2117 286 2148 Vous
299 2117 450 2149 mandoms
464 2119 498 2150 &
514 2119 685 2157 chargeoms
700 2128 736 2149 en
748 2120 774 2151 la
786 2117 846 2156 foi,
864 2127 921 2157 que
933 2128 1006 2150 vous
1027 2129 1100 2150 nous
1122 2119 1232 2164 devez,

164 2164 222 2194 que
246 2155 458 2195 hastivement,
482 2157 548 2188 sanz
565 2156 652 2196 delai,
679 2157 747 2189 faitz
765 2159 838 2188 crier
864 2159 974 2196 permie
1000 2158 1094 2190 vestre
1122 2159 1232 2198 Baillie,

165 2194 295 2226 auxibien
311 2195 395 2226 deinz
411 2196 573 2235 Franchise,
590 2206 676 2228 corne
699 2196 820 2236 dehors,

205 2233 275 2273 Qie
288 2242 358 2265 touz
373 2244 462 2274 ceux,
480 2237 527 2275 qui
543 2235 569 2267 se
584 2236 717 2268 vodreint
732 2235 859 2275 pleindre
874 2235 922 2267 des
941 2235 972 2267 O
994 2235 1149 2278 preffions,
1167 2237 1234 2268 Du-

167 2280 256 2311 reteS,
273 2282 312 2303 ou
334 2282 423 2304 autres
445 2274 596 2306 Gtevauns
629 2285 646 2306 a
666 2285 721 2307 eux
732 2276 826 2315 faites,
844 2284 965 2307 countre
1028 2277 1133 2315 citare,
1148 2276 1234 2309 &les

169 2310 258 2379 Εἷς,
277 2312 311 2342 &
325 2312 363 2343 les
377 2312 484 2352 Usages
496 2313 531 2344 de
553 2298 650 2344 nostre
668 2314 808 2354 Realme,
828 2315 965 2355 veignont
983 2325 999 2345 a
1018 2315 1200 2357 Wymostier
1219 2325 1235 2345 a

167 2359 202 2380 ce
241 2349 336 2381 nostre
347 2351 485 2390 prochein
498 2352 678 2392 Parlement,
695 2354 730 2386 &
745 2353 888 2393 mostrent
895 2354 1033 2392 illoeques
1052 2354 1116 2385 lour
1138 2354 1235 2384 Plein-

169 2396 209 2418 tes
231 2397 247 2417 a
268 2396 339 2417 nous
372 2395 412 2415 ou
434 2395 449 2415 a
470 2396 541 2416 ceux
565 2402 620 2425 que
634 2402 706 2417 nouo
719 2393 840 2418 ferroms
855 2389 923 2418 faire
937 2391 1095 2422 covenable
1107 2394 1142 2422 &
1155 2391 1238 2423 hastis

169 2425 318 2463 Remede,
335 2409 405 2455 dont
418 2423 449 2454 ils
461 2424 487 2454 se
500 2424 615 2456 devient
626 2434 739 2464 aggreer
755 2436 804 2464 par
818 2425 907 2457 reson.
979 2452 981 2454 .

210 2463 249 2493 Et
266 2473 316 2500 pur
332 2473 366 2493 ce
383 2472 456 2500 que,
470 2471 552 2493 avant
565 2473 611 2493 ces
627 2464 745 2502 heures,
759 2474 845 2495 actms
859 2465 908 2495 des
923 2463 1086 2507 Chivalers‚
1105 2477 1162 2507 que
1174 2468 1236 2501 sont

171 2510 268 2533 venuz
280 2511 308 2531 as
323 2500 501 2531 Parlementz
511 2508 566 2539 ‘pur
578 2501 616 2532 les
629 2501 862 2534 Communautee
871 2503 920 2534 des
932 2504 1069 2543 Conna,
1087 2516 1159 2538 ount
1178 2508 1237 2540 este

173 2539 275 2570 Gentz
288 2538 324 2568 dc
339 2540 500 2583 coveigiie,
519 2540 553 2570 &
568 2539 765 2572 Maintenours
779 2542 815 2572 de
829 2542 914 2572 fauses
928 2543 1122 2583 Qereles,&
1138 2546 1237 2578 n'ount

174 2579 216 2608 mi
235 2576 359 2608 soeffreit
379 2587 434 2615 que
456 2577 494 2607 les
516 2578 606 2608 bones
630 2578 730 2610 Gentz
750 2581 847 2618 poient
867 2582 1011 2613 monstret
1029 2582 1068 2613 les
1085 2584 1238 2616 Grevaun—

173 2626 221 2647 ces
234 2615 273 2646 du
286 2625 427 2647 commun
442 2615 567 2655 Poeple,
584 2627 621 2647 ne
634 2617 672 2647 les
689 2619 786 2649 choses
806 2629 863 2657 que
883 2619 1012 2652 deuffent
1030 2632 1096 2654 aver
1117 2623 1175 2654 este
1196 2635 1240 2655 re-

171 2655 282 2725 ‹Iljresselz
301 2666 337 2686 eii
360 2654 535 2694 Parlemenr‚
553 2664 569 2686 a
588 2655 685 2688 Grant
705 2657 837 2698 Damage
856 2658 894 2689 de
915 2669 1005 2699 nom,
1031 2661 1066 2691 &
1086 2662 1123 2694 de
1143 2662 1240 2694 nostre

199 2705 236 2726 oe
266 2705 281 2725 e

211 2706 478 2763 VEus'maundoms
490 2734 523 2764 δε
537 2734 703 2772 chargeoms
720 2741 775 2771 que
788 2743 861 2764 vous
874 2736 954 2765 facez
972 2737 1066 2774 essire‚
1085 2745 1135 2775 par
1156 2746 1240 2768 com-

177 2780 248 2801 mun
261 2771 351 2802 affent
365 2770 401 2802 de
414 2771 506 2802 vestre
521 2770 737 2811 Counte,deux
750 2771 798 2802 des
832 2773 872 2803 lus
885 2773 964 2805 leaux
978 2774 1012 2805 &
1028 2774 1088 2813 plus
1101 2775 1241 2807 suffisauns

179 2808 345 2848 Chivalers,
363 2821 402 2840 ou
418 2811 575 2848 Serjeantz,
594 2820 629 2841 en
642 2811 748 2841 mesme
762 2811 789 2841 le
834 2821 939 2851 ounte‚
958 2814 1006 2850 qui
1018 2814 1106 2845 soient
1121 2817 1178 2846 mie
1187 2817 1242 2848 sus-

179 2849 334 2884 pccionous
356 2848 392 2878 de
411 2850 482 2879 male
503 2850 662 2880 couveione
680 2860 718 2880 ne
739 2860 893 2881 commutis
906 2850 1104 2884 Maintenours
1116 2854 1165 2885 des
1179 2855 1245 2886 Par-

178 2886 231 2915 ties
244 2909 254 2924 ,
279 2885 378 2916 d’estre
399 2897 413 2916 a
435 2886 532 2917 nostre
550 2888 590 2918 dit
607 2874 787 2927 Y’arlement,
812 2889 911 2920 solonc
932 2889 958 2921 la
977 2891 1071 2922 forme
1091 2892 1128 2923 de
1146 2894 1243 2925 nostre

180 2923 407 2962 Maundement,
426 2936 482 2962 que
497 2936 570 2956 vous
582 2936 618 2956 en
630 2936 716 2958 avez:

176 2961 355 3040 dgtggnne
368 2962 454 2994 leffez
465 2963 485 2993 si
498 2973 584 2995 come
599 2975 670 2996 vous
685 2966 788 2997 voillez
803 2967 933 2998 escheure
947 2967 1044 3000 nostre
1057 2970 1124 3009 gref
1139 2971 1172 3004 ὃς
1194 2971 1243 3003 In-

198 3013 206 3031 i
248 3012 263 3032 a
328 3024 335 3032 .

221 3077 304 3109 Don.
319 3089 335 3109 a
352 3078 554 3119 Wodekoste,
570 3079 598 3111 le
610 3081 648 3119 iij.
663 3081 730 3120 jour
743 3081 778 3113 de
789 3082 824 3113 N
827 3086 973 3117 ovembre2

874 3163 927 3191 Per
941 3161 1023 3202 ipſsan
1034 3166 1139 3202 Regem.
1198 3201 1200 3203 ‚

224 3229 338 3263 Eodem
353 3234 444 3265 modo
457 3235 585 3267 scribitur
596 3235 709 3275 singulis
724 3233 949 3267 Vicecomitibus
963 3247 1011 3274 per
1026 3237 1168 3277 Angliain.

39 3317 122 3343 ²1¹3.
227 3308 246 3327 *
267 3311 322 3338 Pro
343 3312 443 3340 Comite
465 3312 496 3340 de
518 3310 616 3349 Julers
627 3310 708 3350 fiaeper
727 3315 889 3341 Annuitate
909 3314 1117 3350 Nongentarum
1131 3318 1247 3345 Marco-

39 3364 105 3388 45-4-
189 3355 266 3386 rum,
285 3356 367 3387 nuper
374 3348 429 3389 fibi
436 3358 486 3388 pro
501 3349 566 3379 bono
582 3354 701 3380 Servitia
715 3350 902 3389 conceffizrum,
913 3350 1058 3389 solvendti.

39 3398 103 3418 (sian
119 3414 124 3418 .
165 3411 172 3417 .

41 3434 70 3457 Ε,
94 3407 118 3465 3¹.
136 3399 318 3456 1‡.Tcste
329 3423 413 3464 Rege
423 3425 494 3464 apud
510 3426 677 3458 Wodestok
685 3450 696 3467 ,
714 3435 813 3466 quarto
825 3427 871 3458 die
884 3427 1072 3460 Novembri&

46 3477 54 3492 I
63 3477 75 3485 “
82 3489 87 3494 .

42 3497 144 3534 Ibidem,
227 3502 280 3529 Pro
292 3501 425 3545 Jolsanne
446 3504 478 3533 de
501 3502 652 3543 Hanonici,
662 3504 743 3545 firper
768 3504 896 3545 Penfione
913 3505 996 3536 Mille
1015 3509 1178 3537 Mari-arum
1194 3507 1248 3547 fibi

43 3552 79 3569 η’.
100 3545 140 3571 ib'.
181 3535 326 3575 sslvenda.

225 3614 315 3646 Teste
327 3625 359 3647 ut
371 3618 465 3657 supra,
483 3618 559 3651 sexto
574 3620 618 3651 die
632 3620 821 3653 Novembris.

192 3755 242 3787 De
271 3761 388 3803 Alagma
418 3764 521 3809 Sigillo
542 3762 667 3797 liberato
679 3790 688 3805 ,
711 3765 748 3798 de
765 3764 913 3799 Brevi'bus
926 3766 971 3800 ad
987 3767 1133 3814 Lapidem
1148 3771 1249 3802 Mar-

43 3808 120 3839 Ann.
133 3808 175 3844 D,
581 3825 714 3846 morcum
720 3815 858 3861 stgnatis.

72 3857 155 3887 1330.

44 3888 97 3914 An.
112 3898 139 3922 4.
197 3886 457 3948 MEmorandum
470 3895 556 3935 quod,
575 3897 738 3927 Venerabilis
751 3901 854 3936 Pater,
872 3902 1006 3931 Henricus
1021 3901 1169 3932 Lincolniae
1183 3905 1251 3941 Epi-

46 3929 75 3952 Ξ.
95 3935 120 3962 3.
282 3925 390 3966 scopus,
408 3932 586 3963 cancellarius

64 3954 77 3975 ,Υ
344 3965 350 3969 ἃ
611 3939 724 3965 Domini
736 3947 768 3965 no
793 3941 817 3967 ri
830 3941 923 3978 Regis,
940 3941 983 3969 die
994 3943 1144 3979 Mercurii,
1156 3945 1250 3979 proxi-

46 3964 133 4000 Craus.
149 3974 178 4000 4.
197 3975 237 3993 mo
252 3972 316 3994 ante
323 3966 423 4004 sesti-(m
434 3971 526 3998 samri
548 3974 670 4003 Andreae
692 3979 755 4012 Apo
778 3975 830 4013 oli,
847 3977 990 4017 videlicet,
1008 3979 1111 4017 xxviij.
1129 3980 1170 4009 die
1191 3982 1251 4009 No-

73 4022 77 4026 .
97 4011 121 4036 3.
143 4013 178 4032 m.
196 4003 332 4049 vembris,
351 4009 437 4050 Anno
460 4008 541 4042 Regni·
563 4010 627 4039 diat·
648 4011 759 4041 Domini
776 4016 853 4050 Regis
872 4015 1002 4054 Quarto,
1017 4016 1149 4047 liberavit
1167 4019 1251 4048 eidem

50 4039 92 4066 16.
106 4040 131 4068 cl.
198 4044 314 4073 Domino
329 4044 393 4081 Regi
407 4046 539 4082 Magnum
552 4047 672 4084 Sigillum
683 4050 759 4088 ipfius
775 4054 887 4082 Domini
900 4056 1030 4093 Regis,1'n
1044 4055 1162 4096 quddam
1178 4060 1251 4087 Bur-

1253 346 1312 368 tum
1350 342 1406 377 uit,
1429 343 1459 369 in
1475 338 1622 380 praefi‘ntia*
1645 342 1822 369 Dominarum
1864 338 2007 369 Willielmi
2026 340 2059 369 de
2080 343 2179 370 Monte
2203 345 2317 384 Acuta,

1253 376 1319 407 Wil
1326 376 1398 408 relmi
1410 377 1442 407 de
1457 377 1588 427 Clytium,
1608 376 1720 407 Roberti
1735 377 1766 407 de
1780 363 1889 416 Ufflird,
1908 376 1946 412 ὠ·
1968 377 2082 408 aliorum
2103 378 2202 409 ibidem
2222 380 2318 420 astan-

1253 424 1333 485 tmgi
1355 455 1425 485 idem
1444 458 1576 485 Dominus
1595 457 1657 485 Rex
1678 454 1778 484 dilium
1796 453 1919 491 Sigillum
1938 453 1957 483 ἃ
1968 453 2089 495 praefato
2102 455 2227 496 Epifiopo
2248 468 2320 488 rece-

1247 495 1309 532 pit,
1334 491 1372 528 &
1392 492 1464 523 illud
1481 493 1633 524 venerabili
1653 495 1736 523 Patri
1755 492 1886 532 Johanm’
1907 494 2088 536 Wyntonienfi
2106 494 2232 534 Episcopo
2251 496 2319 527 lihe-

1254 538 1369 609 raggii,
1382 567 1505 647 prsslito
1524 574 1697 601 Sacramenta
1713 571 1745 600 de
1764 569 1857 609 Officio
1873 569 2089 601 Cancellariatiis
2096 570 2222 612 fideliter
2243 584 2321 604 exer-

1255 610 1351 647 cendo,
1366 615 1399 637 ut
1412 619 1426 637 e
1465 612 1563 648 moris,
1580 611 1681 639 dib‘t'um
1692 613 1828 647 Magnum
1841 608 1962 646 Sigillum
1975 621 1994 638 a
2003 609 2125 649 prefato
2137 613 2254 641 Domino
2268 616 2322 643 Re-

1252 659 1285 685 ge
1306 650 1418 685 recepit,
1435 645 1474 681 &
1494 647 1564 677 illud
1575 648 1664 685 secum
1687 649 1727 677 ad
1745 648 1895 687 Hospitium
1909 647 1990 686 fimm
2003 651 2033 678 in
2045 649 2188 678 Suthwerk
2204 649 2324 691 defi-rri,

1257 684 1296 720 ῤ’
1315 686 1357 715 die
1377 684 1495 724 crastina*
1518 688 1626 716 Brevia
1647 687 1680 716 de
1693 688 1768 726 cursu
1779 687 1855 725 apud
1865 685 2124 727 Wstmonasterium
2135 688 2177 719 ad
2187 689 2323 727 Lapidem

1258 727 1446 754 Marmoreum
1457 723 1602 764 confignari
1609 724 1690 764 fi’cit.

1260 850 1319 882 Pro
1344 846 1503 881 Edwardo
1529 847 1566 881 de
1580 850 1691 883 Monte
1710 851 1869 884 IJermerii
1885 850 1922 886 de
1937 848 2130 894 Restitutione
2144 853 2328 888 Tkrrarmm‘

1264 931 1383 988 REX
1396 932 1573 965 vicecomiti
1584 932 1736 966 Northon.
1756 934 1890 967 Salutem.
2340 939 2417 973 Ann.
2430 943 2474 976 D.·

1361 971 1444 1002 Licet
1463 982 1554 1010 nuper
1574 972 1676 1003 Terras
1697 974 1732 1004 &
1754 973 1952 1013 Temenitem,
1968 974 2047 1007 Bona
2067 976 2101 1008 &
2125 977 2249 1017 Catalla,
2267 977 2327 1008 Ed·
2362 991 2449 1022 1330·

1260 1009 1349 1039 wardi
1364 1009 1400 1040 de
1415 1009 1522 1040 Monte
1535 1010 1696 1049 Hermerii,
1733 1020 1848 1042 raetextu
1862 1012 2026 1050 Suspirionis
2058 1025 2124 1054 quae
2138 1016 2175 1047 de
2187 1016 2246 1054 ipso
2257 1025 2327 1048 tunc
2339 1024 2392 1049 An.
2409 1031 2439 1057 4.

1260 1046 1416 1079 habebatur
1427 1048 1510 1087 quod
1523 1048 1580 1087 ipse
1593 1048 1709 1080 Edmun
1730 1060 1751 1080 o
1763 1060 1853 1088 nuper
1874 1049 1985 1082 Comiti
2037 1055 2121 1084 antiae
2139 1065 2238 1086 contra
2259 1055 2328 1086 Nos
2341 1063 2372 1087 E.
2395 1070 2421 1097 3.

1261 1085 1403 1118 adhaefifl'e
1413 1087 1564 1125 debuerat,
1582 1089 1645 1126 capi
1656 1088 1808 1119 fecerimus
1820 1091 1850 1119 in
1864 1099 1982 1120 manum
2002 1090 2145 1132 nostram,
2163 1094 2197 1125 &
2221 1093 2254 1125 eti
2276 1104 2329 1126 oc-
2343 1099 2430 1136 Claus.
2445 1107 2478 1133 4.

1262 1125 1375 1156 casione
1389 1125 1481 1157 adhuc
1496 1127 1525 1156 in
1538 1136 1624 1157 manu
1636 1126 1732 1157 nostra
1747 1127 1882 1166 existant3
2342 1141 2376 1164 f..
2396 1148 2420 1175 3.
2439 1147 2478 1166 m.

1309 1165 1387 1203 Qiia
1406 1172 1501 1195 tamen
1520 1165 1691 1203 praedictum
1713 1165 1886 1197 Edwardum
1905 1165 1942 1196 de
1962 1167 2109 1204 praemiffis
2130 1172 2254 1202 omnino
2276 1172 2332 1202 im-
2350 1186 2393 1212 17.

1263 1213 1382 1234 munem
1402 1213 1579 1242 reputamus,
1593 1203 1780 1234 Restituimus
1800 1205 1828 1235 ei
1847 1205 1945 1235 omnia
1958 1205 2062 1236 Terras
2084 1207 2118 1238 &
2131 1208 2332 1249 Tenemenm,

1264 1242 1346 1273 Bona
1364 1243 1400 1274 &
1419 1242 1527 1273 Catalla
1545 1243 1607 1281 sua,
1625 1243 1766 1281 praemissa
1780 1243 1932 1275 occasione
1943 1244 1973 1274 in
1986 1254 2104 1276 manum
2120 1246 2248 1279 nostram
2261 1259 2333 1288 cap-

1264 1289 1304 1311 ta:

1304 1319 1341 1350 Et
1360 1319 1427 1350 ideo
1447 1320 1499 1350 tibi
1519 1321 1700 1357 praecipimus
1717 1321 1796 1358 quod
1817 1320 1912 1352 eidem
1926 1320 2087 1361 Edwardo‚
2105 1322 2152 1354 vel
2165 1324 2222 1362 ejus
2235 1324 2335 1359 Attor-

1265 1367 1332 1388 nato
1353 1359 1384 1388 in
1404 1358 1460 1388 hfic
1517 1367 1573 1397 rte,
1598 1360 1696 1389 omnia
1718 1359 1823 1390 Terras
1846 1361 1881 1392 &
1901 1360 2100 1400 Tenementa,
2124 1361 2203 1393 Bona
2223 1364 2257 1394 ὅτ,
2277 1364 2336 1396 Ca-

1266 1397 1329 1427 talla
1347 1397 1392 1427 sua
1412 1407 1470 1434 prae
1492 1396 1561 1434 ieta,
1580 1398 1609 1426 in
1630 1396 1775 1428 Custodia
1795 1397 1844 1429 turi
1863 1397 2025 1437 existentia,
2043 1401 2100 1430 una
2123 1411 2194 1432 cum
2209 1401 2338 1434 Exitibus

1265 1436 1305 1505 <ciffi
1319 1436 1416 1482 Terris
1437 1435 1471 1466 &
1489 1436 1678 1467 Tenementis
1697 1436 1854 1475 praediffls,
1871 1447 1921 1477 per
1937 1446 1966 1468 te
1979 1439 2137 1478 perceptis,
2156 1439 2280 1473 restituas
2292 1442 2338 1479 in->

1306 1484 1360 1506 ate.

1305 1551 1396 1584 Teste
1410 1550 1493 1592 Rege
1507 1551 1581 1591 apud
1596 1551 1905 1592 westmonasterium,
1923 1554 2007 1585 tertio
2023 1554 2071 1586 die
2081 1553 2264 1588 Decembris.

1761 1635 1816 1663 Per
1828 1631 1910 1672 ipJu'm
1922 1633 2019 1671 Regem
2031 1631 2070 1668 ὠ·
2083 1633 2238 1664 Concilium.

1268 1704 1384 1737 Eodem
1406 1705 1498 1737 modo
1517 1706 1683 1739 mandatum
1696 1707 1738 1739 est
1752 1708 1981 1741 Vicecomitibus
1993 1709 2173 1749 subscriptis-2
2192 1708 2346 1751 videlicet3

1308 1787 1338 1813 V
1338 1786 1464 1813 icet-omiti
1476 1784 1626 1814 Cornubiae.

1309 1825 1337 1851 V
1340 1825 1465 1852 icecomiti
1479 1822 1624 1852 Suththon.

1307 1863 1336 1891 V
1335 1863 1462 1891 icecomiti
1476 1863 1518 1890 W
1518 1861 1590 1901 ¹7²?ss

1271 1989 1331 2025 Ad
1358 1993 1494 2038 Papam,
1511 2001 1568 2037 pro
1592 1991 1794 2036 Univerfitate
1822 1994 1965 2035 Oxoniae,
1982 1993 2074 2037 ficper
2098 1993 2185 2026 Aera
2208 1994 2350 2034 Reconcif

1549 2040 1681 2073 liationis
1698 2040 1826 2084 Ecclesia
1842 2044 1880 2080 ὠ·
1899 2042 2065 2075 Cimiterii.

1275 2124 1425 2187 PAPAE
1438 2125 1505 2157 Rex
1518 2126 1622 2157 devota
1635 2125 1748 2158 Pedum
1762 2126 1858 2159 oscula
1869 2127 2032 2160 beatorum:
2362 2127 2440 2160 Ann.
2455 2128 2501 2166 Dg

1364 2165 1412 2197 Ut
1432 2165 1541 2203 semper
1558 2165 1690 2205 haberet,
1709 2166 1796 2198 Alma
1817 2165 1934 2206 Mater,
1952 2165 2081 2198 Ecclesia
2095 2166 2268 2198 continuum
2282 2165 2350 2197 Do-
2387 2177 2475 2209 1330.

1275 2203 1377 2235 ‹Strinae
1388 2203 1472 2235 sacrae
1486 2205 1668 2243 fomentum,
1687 2214 1740 2244 pro
1756 2204 1888 2237 Patribus
1898 2206 1955 2236 nati
1967 2205 2032 2237 sunt
2044 2206 2071 2236 ei
2087 2204 2169 2243 Filii,
2188 2206 2237 2245 qui
2259 2205 2351 2237 coele-
2365 2211 2420 2237 An.
2433 2218 2464 2245 4.

1275 2242 1325 2275 stis
1345 2241 1499 2275 Doctrinae
1519 2242 1664 2274 Pabulum
1678 2267 1688 2282 ,
1711 2245 1796 2277 novis
1815 2243 2033 2275 succedentibus
2052 2242 2172 2282 Populis
2187 2267 2199 2284 ‚
2220 2244 2300 2284 quod
2321 2245 2352 2275 in
2366 2251 2398 2275 Ε.
2419 2256 2449 2285 3.

1278 2279 1424 2320 Patribus,
1440 2280 1573 2312 obstante
1587 2281 1755 2314 conditione
1769 2283 1951 2322 coruptibili,
1969 2284 2129 2323 perpetuari
2142 2292 2203 2314 non
2222 2290 2353 2323 poterat,
2366 2289 2437 2314 Rom.
2447 2289 2481 2323 4.·

1278 2319 1382 2351 Novae
1392 2319 1484 2350 Prolis
1497 2319 1735 2360 amplificatione,
1752 2321 1956 2353 ministrentur.
2367 2327 2398 2351 Ε.
2422 2333 2450 2361 3.
2465 2327 2503 2361 ng

1317 2358 1384 2389 Hae
1401 2358 1529 2397 denique
1546 2359 1773 2390 consideratione
1789 2368 1900 2399 motus,
1921 2359 2040 2392 celebris
2059 2361 2228 2400 memoriae,
2245 2360 2354 2391 Domi-
2370 2370 2396 2391 2.

1280 2406 1332 2427 nus
1344 2396 1380 2427 E.
1400 2396 1483 2428 Pater
1499 2398 1519 2417 ²*
1532 2396 1646 2436 noster,
1663 2399 1695 2428 in
1707 2397 1904 2430 Universitate
1917 2398 2063 2438 Oxoniae,
2076 2399 2114 2430 ad
2124 2399 2269 2430 honorem
2287 2398 2354 2429 Vir-
2372 2400 2389 2417 ⁴*
2403 2401 2457 2430 lv.

1280 2436 1352 2475 ginis
1373 2435 1517 2467 Gloriosae
1530 2460 1541 2474 ,
1565 2435 1732 2477 Collegium
1751 2437 1900 2476 quoddam
1919 2438 2082 2470 Scolarium
2101 2437 2218 2468 Artium
2238 2436 2357 2468 Libera-
2368 2447 2438 2475 455.

1280 2475 1351 2505 lium
1368 2485 1402 2506 ac
1420 2474 1515 2507 Sacrae
1536 2475 1710 2515 Theologiae
1731 2477 1780 2514 pic
1802 2476 1949 2508 constituit
2001 2486 2018 2506 a
2037 2484 2098 2513 quo
2112 2497 2123 2512 ,
2155 2474 2354 2506 deficientibus

1281 2513 1414 2544 moderni
1425 2514 1563 2553 temporis
1577 2513 1775 2553 Doctoribus,
1795 2514 1933 2546 Ecclesiae
1954 2500 2013 2558 suae
2030 2513 2076 2557 An
2097 2512 2196 2557 licanae
2215 2513 2306 2558 educi,
2319 2515 2355 2546 δε

1281 2552 1532 2622 zlrgsgftennispossent,
1549 2562 1603 2591 pro
1624 2553 1693 2584 loco
1710 2554 1746 2584 &
1764 2561 1914 2592 tempore,
1935 2550 2065 2582 Ministri
2123 2551 2198 2590 tiles,
2216 2553 2251 2584 δε
2274 2552 2356 2584 Fidei

1392 2601 1463 2622 ores.

1330 2628 1489 2660 Ecclesiam
1501 2628 1612 2666 insuper
1626 2627 1720 2659 Baetae
1733 2627 1786 2659 Vir
1808 2628 1814 2635 ‘
1837 2628 1907 2666 is,in
1921 2627 2019 2659 medio
2035 2627 2192 2667 Municipii
2205 2628 2290 2660 dic'tae
2301 2628 2354 2660 U-

1285 2668 1450 2698 niversitatis
1463 2666 1665 2704 constitutam,
1683 2676 1750 2705 quae
1764 2677 1780 2697 a
1814 2666 1927 2703 Viginti
1939 2668 1974 2697 &
1987 2676 2042 2698 tres
2056 2666 2169 2697 Marcas
2189 2676 2278 2699 taxata
2292 2667 2354 2708 est,

1286 2707 1320 2737 &
1336 2705 1373 2736 dc
1387 2705 1436 2735 suo
1450 2705 1604 2736 Patronatu
1616 2704 1725 2744 existit,
1740 2715 1794 2743 pro
1807 2705 2016 2737 Sustentatiorie
2030 2705 2177 2736 dictorum
2192 2706 2357 2738 Scolarium

1285 2744 1447 2782 deputavit,
1465 2744 1500 2774 &
1515 2743 1640 2774 contulit
1654 2744 1835 2782 auctoritate,
1854 2743 2028 2774 Venerabilis
2042 2743 2147 2782 Patris,
2166 2744 2357 2777 Lincolnien,

1287 2784 1320 2814 sis
1335 2782 1489 2821 Episcopi,
1502 2781 1672 2820 &Capituli
1685 2782 1824 2821 ejusdem,
1842 2781 2084 2822 Appropriatione
2100 2782 2175 2815 fast&
2188 2783 2358 2822 subsequen-

1288 2830 1341 2854 ter.

1325 2860 1454 2898 Verum,

1329 2900 1408 2939 Qia
1422 2901 1452 2930 in
1465 2898 1536 2931 dieti
1551 2898 1677 2940 Collegii
1691 2899 2013 2938 constitutione,di6ius
2026 2898 2109 2930 Pater
2120 2898 2219 2930 noster
2232 2900 2358 2931 modum

1288 2937 1431 2983 adhibuit,
1448 2938 1549 2976 quod,
1567 2939 1755 2970 crescentibus
1774 2939 1952 2970 facultatibus
1969 2938 2052 2977 ipfius
2065 2961 2076 2977 ,
2100 2947 2236 2968 numerus
2256 2937 2358 2975 Scolaf

1289 2977 1507 3054 rluffioijffivdiiirnn
1518 2986 1708 3060 adffiieffartiis
1726 3016 1815 3048 nostri
1837 3016 2020 3055 Propofitum
2042 3013 2175 3058 prosequi
2193 3016 2341 3054 cupientes
2352 3020 2360 3027 “

1290 3055 1504 3087 Advocationes
1525 3054 1661 3086 Ecclesiae
1679 3055 1716 3086 de
1734 3055 1879 3087 Aberford
1893 3079 1903 3092 ‚
1922 3054 2055 3097 Eborum
2068 3052 2221 3097 Dicecese,
2233 3064 2306 3099 ‚quae
2320 3037 2357 3086 aci

1288 3093 1441 3126 sexdecim
1455 3094 1554 3124 Libras
1563 3117 1573 3133 ,
1591 3095 1625 3126 &
1639 3094 1776 3126 Ecclefiae
1789 3095 1826 3124 de
1838 3093 1969 3131 Coleby,
1988 3091 2183 3122 meolnlenfi
2197 3091 2356 3132 Dioecese,

1289 3143 1356 3171 quae
1371 3132 1405 3162 ad
1419 3132 1552 3169 Triginta
1563 3134 1597 3164 δε
1612 3133 1746 3172 Qatuor
1762 3133 1877 3168 Libras,
1891 3129 2061 3174 Tresdecim
2075 3130 2202 3169 Solidos‚
2221 3131 2256 3163 &
2273 3132 2357 3171 Qia-

1289 3180 1353 3202 tuor
1374 3171 1515 3201 Denarios
1528 3195 1538 3210 ,
1562 3180 1689 3202 taxantur
1713 3172 1758 3208 (&
1779 3179 1898 3208 quarum
1915 3168 1984 3199 didit
2006 3168 2135 3200 scolares
2143 3169 2208 3213 sunt
2222 3169 2354 3208 Patroni)

1289 3209 1499 3247 concessimus,
1517 3218 1657 3246 quantum
1669 3210 1698 3239 in
1712 3209 1797 3238 nobis
1811 3207 1853 3238 est
1867 3230 1878 3246 ,
1902 3207 2022 3245 praefatis
2042 3207 2205 3239 Scolaribus
2215 3230 2227 3247 ‚
2243 3209 2273 3239 in
2285 3219 2357 3247 pro-v

1289 3250 1364 3287 prios
1379 3249 1454 3286 usus,
1471 3248 1610 3284 perpetuo
1625 3245 1811 3283 possidendas.

1328 3286 1440 3316 Vestrae
1456 3286 1553 3324 itaque
1574 3284 1717 3315 Sai-ic'titati
1732 3308 1742 3324 ,
1769 3295 1834 3323 quae
1846 3285 1890 3325 pia
1904 3284 2048 3316 Fidelium
2063 3294 2132 3317 vota
2145 3285 2271 3316 Paternis
2283 3284 2357 3316 affess

1288 3323 1381 3354 c‘ribus
1395 3324 1441 3361 pie
1454 3323 1628 3361 prosequitur
1637 3325 1720 3363 ,totis
1735 3324 1874 3355 desideriis
1887 3323 2090 3364 supplicamus,
2099 3326 2229 3364 quatinus
2242 3324 2354 3354 dietum

1290 3362 1455 3401 Collegium
1469 3361 1636 3400 Apostolicfi
1651 3362 1815 3394 auctoritate
1828 3365 1984 3402 approbare
1997 3373 2004 3393 t
2031 3362 2220 3402 Praepofitum
2234 3364 2269 3395 &
2280 3361 2353 3392 Sco·

1289 3401 1359 3432 lares
1373 3400 1496 3439 ejusdem
1510 3399 1652 3439 Collegii,
1671 3401 1731 3432 Res
1745 3402 1779 3433 &
1790 3401 1981 3433 Poffeffiones
1992 3402 2164 3434 eorumdem
2179 3425 2190 3441 ,
2207 3403 2237 3432 in
2249 3400 2355 3438 specia-

1289 3441 1347 3471 lem
1368 3439 1583 3471 Protedtionem
1605 3440 1639 3471 ὃς
1660 3440 1834 3472 Tuitionem
1853 3441 2013 3479 suscipere:
2046 3439 2354 3482 Apropriationemque

1290 3478 1427 3510 Ecclesiae
1441 3479 1533 3511 Beatae
1547 3479 1670 3519 Virginis
1682 3480 1711 3510 su
1732 3479 1847 3511 radietae
1862 3480 2033 3511 confirmare
2049 3490 2055 3510 ε
2073 3490 2128 3511 nec
2141 3487 2201 3509 non
2212 3476 2354 3520 Ecclesias

1290 3517 1326 3548 de
1347 3518 1492 3549 Aberford
1511 3519 1545 3550 &
1568 3517 1682 3558 Coleby
1721 3519 1785 3549 iffls
1805 3519 1967 3550 Scolaribus
1987 3519 2190 3558 appropriare3
2214 3514 2334 3559 1ps1sque

1291 3556 1450 3594 Praeposito
1471 3558 1505 3588 &
1525 3557 1705 3596 Scolaribus,
1725 3558 1755 3587 iri
1769 3558 1838 3597 hiis,
1857 3567 1922 3597 quae
1936 3559 1966 3587 in
1980 3555 2144 3596 praetniffis,
2159 3554 2193 3585 &
2209 3562 2310 3598 praetni
2335 3563 2352 3585 a

1291 3593 2116 3674 g&Ge1femggnffimmpstg0n,us
2129 3591 2354 3668 Prst1ffl

2121 3654 2131 3668 ³
2352 3663 2356 3667 ,

1292 3672 1702 3749 ωιῗάρὶξξὲῗίξζῑὶῗὲαηᾶε
1715 3735 1725 3749 ,
1750 3713 1821 3743 curn
1833 3711 1869 3743 ad
1889 3710 1996 3741 dietam
2009 3706 2166 3750 Ecclesiam
2178 3704 2270 3736 Boetae
2285 3706 2356 3739 Ma?

1293 3750 1341 3779 riae
1362 3750 1396 3780 &
1417 3749 1601 3780 Cimiterium
1620 3749 1744 3788 ejusdem
1758 3775 1768 3789 ,
1794 3758 1929 3787 tanquam
1949 3746 1983 3777 ad
1997 3747 2061 3777 loca
2075 3745 2206 3789 publica,
2220 3745 2354 3791 frequens

1292 3787 1458 3818 Hominum
1473 3788 1505 3818 sit
1519 3787 1660 3827 accessus,
1679 3799 1729 3826 per
1741 3788 1821 3827 quod
1836 3786 1992 3818 Ecclesiam
2004 3786 2039 3815 ὃς
2051 3783 2236 3826 Cimiterium
2251 3784 2354 3828 pmedi.

1294 3826 1340 3856 &a
1358 3826 1491 3865 sanguinis
1512 3826 1653 3857 effusione
1691 3827 1760 3858 ollui
1779 3827 1851 3865 saepe
1872 3824 2033 3863 contingit3
2055 3822 2090 3852 &
2105 3819 2267 3866 Dloecespni
2280 3833 2356 3860 prae-

1292 3864 1390 3902 sentia,
1408 3875 1522 3902 propter
1539 3875 1585 3895 arn
1606 3865 1656 3897 litu
1680 3867 1756 3896 'nem
1774 3863 1915 3895 Dioecesis
1926 3885 1936 3901 ‚
1967 3870 2022 3899 pro
2034 3858 2284 3892 Reconciliatione
2299 3861 2356 3893 hu-

1293 3903 1438 3941 jusmodi,
1455 3904 1491 3934 de
1503 3903 1613 3935 difficii
1628 3905 1792 3935 multotiens
1802 3903 1962 3945 optinetur:
2057 3936 2064 3942 ·
2280 3939 2286 3944 ’
2351 3940 2357 3945 ⁴

1329 3940 1543 3973 Providentiam
1557 3943 1637 3974 Sedis
1651 3941 1828 3980 Apostolicae
1841 3939 1970 3969 duximus
1985 3936 2199 3976 requirendam,
2212 3939 2356 3977 quatinus,

1294 3979 1457 4010 Venerabili
1470 3980 1563 4019 Patri,
1580 3979 1774 4011 Lincolniensi
1787 3977 1893 4015 Episco
1947 3974 2106 4019 concedere
2117 3976 2208 4020 velitis
2222 3977 2258 4008 de
2272 3977 2360 4017 grani

1293 4018 1415 4058 speciali,
1433 4028 1464 4049 ut
1480 4037 1533 4042 ---
1552 4018 1660 4049 Abbati
1674 4017 1711 4047 de
1724 4016 1871 4054 Oseneye,
1917 4013 2006 4057 ‘rdinis
2028 4013 2124 4057 Sation
2138 4015 2306 4053 Augustini,
2320 4015 2357 4046 &

1294 4074 1346 4081 ---
1362 4057 1468 4089 Abbati
1482 4057 1519 4088 de
1533 4056 1637 4095 Regali
1650 4055 1720 4086 loco
1730 4055 1808 4092 juxta
1823 4051 1970 4083 Oxoniam
1986 4074 1996 4089 ,
2013 4050 2130 4084 Ordinis
2150 4051 2358 4089 Cistertienfis‚

2288 4099 2362 4127 COR:
