2562 4279
193 126 217 167 8
648 97 1897 154 CONVENTIONES,LITERAE,

45 209 126 242 'Amr
140 209 181 240 D.
197 219 264 242 teras
277 206 419 247 speciales,
437 204 565 235 duximus
577 196 793 238 requirendum,
811 201 842 225 ut
853 192 889 224 ad
903 202 974 231 nos,
991 192 1022 223 in
1035 189 1157 231 Anglia,
1175 199 1256 222 acce·

71 258 155 287 1312.
198 249 263 280 dere
276 249 360 285 velit,
379 243 529 275 nobiscum
544 241 711 281 locuturus.

49 290 116 316 Ede.
139 298 164 318 ζ,
234 287 360 323 Veram,
377 284 457 314 Pater
469 280 588 315 Sancte,
607 284 671 314 quia
685 272 796 303 mitum
808 270 963 309 Nepotem
977 268 1123 306 vestrum,
1139 268 1174 299 ad
1194 276 1254 298 tam

195 331 317 357 ‘remoras
333 331 421 361 partes
456 330 471 350 a
487 317 585 349 vestr-:e
606 312 762 344 §inuitatis
783 310 944 348 praesentia,
960 308 1068 352 absque.
1081 307 1180 352 vestr-2
1200 305 1255 337 Be-

193 365 333 396 nionitatis
349 346 476 395 licentia,
495 365 554 386 nori
573 352 686 383 deceret
705 350 854 386 elongare,
871 348 974 379 vestrae
994 345 1159 390 Beatitudini
1182 344 1254 375 affe-

195 390 297 433 Cti’iosis
320 400 447 436 precibus
465 393 665 432 supplicamus,
691 389 820 427 quatinus
841 395 1003 430 memorato
1022 384 1139 430 Nepoti
1158 383 1254 427 vestro

195 439 348 472 accedendi
367 437 401 467 ad
420 444 490 471 nos,
508 433 586 470 juxta
605 428 736 459 nostrum
755 434 885 467 rogatum
901 449 911 463 ,
934 425 1076 456 licentiam
1096 424 1254 461 dignemini

197 477 355 511 concedere
367 471 489 514 gratiose.

235 557 394 589 Conservet
407 555 468 584 &a
480 592 487 601 .

236 636 305 668 Dat.
323 633 396 673 apud
408 632 595 668 Berewycutn
609 629 689 668 super
697 627 855 665 Twedam,
872 626 949 658 sexto
963 625 1010 656 die
1020 623 1097 663 Julii.

423 767 482 804 Ad
496 765 671 802 cardinales
683 777 738 813 pro
751 765 873 813 praefato
894 767 1018 811 negotio.

262 861 401 895 Enerabili
412 861 440 890 in
455 856 574 889 Christo
586 854 679 893 Patri,
697 854 832 885 Domino
851 853 882 883 B.
900 852 993 883 Tituli
1013 852 1184 884 Sandiorum
1202 850 1254 890 Jo-

196 866 260 928 V
279 903 374 934 hannis
387 901 419 931 &
435 897 531 935 Pauli,
550 895 710 926 Presbitero
731 891 889 928 Cardinali,
907 892 1001 921 amico
1019 891 1069 922 suo
1092 889 1254 933 karissimo,

198 943 322 974 Domini
344 940 428 976 Papae
450 934 631 971 Camerario,
648 931 815 969 Edwardus,
842 931 903 961 &c.
927 929 1058 969 salutem,
1084 931 1117 961 &
1140 932 1255 959 {incerae

46 987 76 1016 Σ.
99 998 124 1015 2.
197 980 355 1013 dileciionis
368 975 515 1017 affeetum.
603 1011 608 1015 Ι
782 1009 788 1013 -
1203 1006 1208 1011 Ι

47 1030 106 1054 Rom
127 1024 160 1057 (5-
235 1020 314 1051 Cum
333 1027 385 1048 nos
405 1012 551 1045 Nobilem
571 1008 675 1040 Virum
694 1008 861 1039 Dominum
875 1006 1060 1038 Bertrandum
1076 1006 1112 1036 de
1126 1005 1256 1044 Saubiat,

45 1068 77 1092 Fr
97 1048 152 1099 §.E
197 1059 348 1090 Comitem
371 1054 407 1085 de
426 1051 540 1082 Chaum
576 1047 637 1085 nia,
658 1047 811 1085 Nepotem
829 1044 999 1076 Sanetiffimi
1019 1046 1050 1076 in
1069 1043 1187 1088 Christo
1202 1043 1256 1087 Pa-

49 1086 177 1140 2.}71.23.
198 1100 247 1129 tris
281 1093 405 1127 Domini
418 1090 530 1122 Summi
570 1085 705 1124 ontificis,
723 1094 755 1116 ut
770 1084 805 1115 ad
819 1094 871 1127 nos
883 1085 912 1114 iri
927 1084 1045 1123 Anglia,
1062 1084 1140 1122 super
1155 1083 1253 1120 aliqui-

196 1122 379 1174 bus’negotiis
391 1128 551 1168 specialibus
560 1148 570 1164 ,
581 1135 645 1163 quae
660 1123 788 1154 Consilio
803 1124 886 1160 iplius
902 1121 1026 1155 Comitis
1039 1122 1254 1153 communicare

195 1174 396 1208 desideramus,
414 1166 563 1198 nobiscum
579 1164 723 1193 locuturus
739 1162 854 1205 accedat
862 1171 868 1190 :

235 1212 272 1243 Et
286 1209 409 1242 eundem
423 1205 588 1236 Dominum
601 1202 754 1232 Summum
770 1199 958 1237 Pontificem,
977 1206 1007 1229 ut
1028 1199 1120 1230 eidem
1139 1198 1255 1235 Nepoti

197 1252 249 1283 suo
272 1249 412 1280 licentiam
432 1244 469 1274 sic
490 1242 524 1273 ad
539 1251 591 1284 nos
604 1240 737 1271 veniendi
750 1238 880 1279 dignetur
895 1237 1068 1277 concedere,
1085 1247 1135 1277 per
1147 1237 1255 1268 nostras

197 1291 299 1322 litteras
313 1298 345 1318 ro
365 1284 504 1316 averirnus
516 1279 645 1323 speciales
651 1290 661 1316 ·,
734 1317 739 1322 .
883 1316 889 1322 .
918 1316 922 1321 ι

235 1327 304 1359 Nos
360 1335 376 1354 e
388 1321 490 1354 vestrae
503 1318 661 1350 dilectionis
679 1324 797 1355 puritate
816 1315 967 1353 specialiter
984 1314 1177 1354 confidentes,
1194 1314 1256 1352 spe-

195 1349 340 1403 rantesqiie
356 1360 434 1401 quod
448 1369 497 1396 ea,
516 1366 580 1395 quae
593 1354 693 1385 nostris
704 1354 853 1385 affectibus
868 1353 1019 1391 specialiter
1034 1353 1168 1392 infident,
1185 1353 1254 1385 veli-

195 1407 230 1436 tis
246 1403 325 1434 solita
337 1397 519 1432 sollicitudine
535 1394 592 1425 fieri
606 1403 773 1431 procurare,
835 1431 840 1436 ·
858 1431 863 1436 ¹
1236 1430 1241 1436 ¹

234 1442 364 1474 Vestram
376 1436 571 1469 Paternitatem
584 1431 751 1462 karissimam
763 1438 929 1469 requirimus
946 1431 979 1462 &
1000 1441 1148 1470 rogamus,
1167 1438 1256 1469 quati-

196 1492 249 1513 nus
269 1490 331 1520 erga
354 1482 543 1509 memoratum
561 1471 676 1502 Patrem
701 1469 857 1508 sanetum,
874 1478 906 1500 ut
920 1470 1058 1508 praedi&0
1074 1470 1123 1501 Ne
1144 1471 1186 1500 oti
1205 1469 1255 1499 suo

187 1512 342 1553 “licentiam
353 1512 510 1555 hujusmodi
524 1511 646 1548 benigne
659 1509 726 1540 velit
750 1508 926 1547 concedere,
945 1508 1055 1547 velitis,
1071 1519 1111 1541 no
1138 1509 1174 1539 ris
1193 1517 1256 1546 pre-

196 1560 296 1598 cibus,
313 1565 381 1588 cum
394 1552 476 1585 omni
491 1548 617 1580 efficacia
629 1549 807 1586 interponere
821 1554 908 1585 partes
922 1546 1034 1578 vestras.

49 870 176 904 Ann.D.

75 914 158 950 1312.

47 954 99 978 An.
122 959 145 984 5.

235 1638 304 1669 Dat.
322 1634 397 1676 apud
409 1632 596 1671 Berewycum
609 1629 689 1668 super
701 1626 860 1666 Twedam,
878 1626 955 1659 sexto
967 1627 1012 1658 die
1019 1627 1095 1668 Julii.

368 1718 483 1751 Eodem
497 1714 587 1748 modo
599 1714 728 1746 scribitur
741 1711 914 1751 subscriptis,
933 1712 1080 1750 videlicet,

234 1805 350 1834 Domino
363 1802 397 1829 R.
416 1799 523 1829 Sanelae
542 1798 645 1826 Mariae
661 1795 754 1823 Nova·
774 1795 889 1822 Diacono
903 1793 1062 1831 Cardinalt',

234 1844 347 1872 Domino
363 1842 399 1868 Β.
419 1838 526 1867 8αηέῖ.ε
541 1837 644 1865 Mariae
659 1835 687 1862 in
702 1834 810 1862 Portica
822 1834 943 1861 Diacono
955 1830 1106 1861 Cardinali.

198 1979 225 2005 ὃ*
252 1981 300 2013 De
319 1974 424 2011 Vadiis
441 1977 477 2012 ὠ·
499 1969 659 2018 Stipendiis
675 1967 866 2016 quorundam
879 1995 889 2011 ,
915 1969 953 2003 de
973 1966 1102 2003 exitibus
1114 1968 1256 2016 Templa-

47 1996 64 2013 ·
81 1995 136 2023 ΠΙ.
575 2022 691 2051 riorum
700 2016 864 2063 filvendis.

50 2042 116 2071 331·

48 2119 126 2152 Anu.
136 2117 177 2148 D.
200 2113 313 2175 REX
328 2112 433 2145 dile&o
447 2110 563 2142 Clerico
575 2107 625 2139 suo
638 2106 800 2151 Willielmo
815 2105 851 2136 de
867 2105 1034 2146 Spanneby,
1052 2104 1177 2150 Custodi
1190 2105 1257 2136 Do-

76 2166 161 2197 1312.
274 2153 338 2185 mus
351 2151 584 2189 Templariorum
599 2147 635 2177 de
648 2146 746 2184 Eicle,
765 2156 795 2175 in
812 2154 899 2175 manu
921 2144 1019 2177 nostra
1033 2144 1199 2183 quibusdam
1219 2144 1258 2175 de

47 2200 99 2226 An.
115 2206 142 2232 5.
196 2193 282 2224 causis
296 2191 450 2227 existentis,
468 2188 593 2218 salutem.
891 2222 897 2228 .

47 2239 78 2264 Ξ.
99 2245 126 2262 2.
236 2231 315 2269 Qiia
333 2239 382 2266 per
397 2226 648 2260 certificationem,
667 2233 716 2260 per
732 2222 949 2253 Thesaurarium
963 2222 997 2252 &
1010 2221 1132 2252 Baiones
1144 2220 1258 2252 nostros

47 2273 136 2310 claus.
153 2278 180 2305 5.
197 2269 234 2300 de
246 2269 411 2304 Scaccario,
428 2265 510 2295 nobis
526 2264 554 2292 iu
569 2261 741 2292 Cancellaria
755 2260 850 2289 nostra
869 2260 990 2298 saetam,
1009 2267 1193 2297 compertum
1213 2259 1256 2289 est

47 2316 79 2340 ΣΕ.
95 2321 121 2340 2.
135 2321 174 2340 m.
198 2307 278 2346 quod
290 2307 422 2337 Thomas
435 2303 471 2333 de
484 2300 624 2339 Wygesse
637 2298 804 2337 Capelianus
816 2298 991 2338 perciperet,
1008 2297 1042 2327 ad
1056 2305 1147 2327 totam
1165 2299 1256 2328 vitam

49 2358 78 2377 2.
168 2377 171 2380 ,
197 2347 291 2383 suam,
308 2346 338 2374 in
352 2342 452 2374 eadem
466 2340 570 2370 Domo
579 2361 589 2376 ,
607 2337 735 2375 quolibet
748 2336 812 2374 die,
825 2344 880 2366 tres
894 2335 1021 2379 denarios
1036 2345 1089 2374 pro
1103 2336 1182 2367 vidia
1194 2335 1256 2375 suo,

196 2385 230 2417 δε
242 2383 392 2419 deserviet,
409 2381 477 2410 loco
492 2376 651 2415 Capeliani,
667 2375 799 2414 quamdiu
813 2382 930 2418 poterit:
1023 2413 1028 2418 .
1097 2413 1101 2418 ,
1124 2412 1130 2418 .
1235 2414 1240 2418 .

235 2422 272 2454 Et
285 2421 419 2460 percipiet
432 2416 559 2456 quolibet
580 2425 672 2452 anno,
691 2413 761 2444 dum
780 2412 918 2443 deserVire
939 2420 1057 2449 poterit,
1074 2413 1174 2450 viginti
1191 2412 1256 2443 soli-

185 2460 266 2500 dos,
285 2470 337 2499 pro
350 2458 455 2490 caeteris
470 2453 641 2491 necessariis,
657 2451 691 2482 ad
706 2452 842 2483 terminos
858 2450 954 2481 Sanffl
977 2450 1127 2482 Michaelis
1148 2452 1182 2483 &
1203 2451 1257 2482 Pa-

247 2509 285 2530 ae:

196 2500 275 2569 schEt
290 2534 404 2575 quando
423 2533 560 2564 deservire
572 2540 633 2561 non
653 2529 775 2568 poterit,
793 2535 896 2558 extunc
917 2528 1051 2566 percipiet
1069 2537 1155 2558 unam
1175 2527 1256 2558 Mar-

198 2586 263 2609 cam
276 2583 386 2607 tantum
400 2582 449 2611 per
463 2579 586 2607 annum,
604 2579 657 2607 pro
673 2567 779 2598 eisdem
794 2566 964 2605 necessariis,
981 2566 1016 2597 ad
1031 2565 1143 2597 eosdem
1157 2567 1258 2598 termi-

197 2626 274 2684 m’'lsit
296 2651 479 2683 nihilominus
499 2647 609 2678 vietum
629 2644 725 2682 suurn,
743 2644 777 2674 ad
798 2652 889 2675 totam
910 2644 998 2674 vitam
1013 2643 1090 2674 suam
1103 2643 1260 2682 percipiet;

197 2694 234 2726 &
248 2690 379 2722 medietas
389 2689 537 2718 bonorum
552 2685 684 2722 suorum,
701 2684 730 2713 in
745 2683 826 2713 obitu
838 2682 905 2720 suo,
924 2682 1018 2713 eidem
1033 2681 1149 2712 Domui
1167 2691 1259 2712 rema—

199 2732 329 2799 nezigbis
343 2764 508 2796 mandamus
523 2761 603 2800 quod
618 2760 712 2792 eidem
726 2760 855 2790 Thomae
870 2758 950 2789 vadia
964 2759 997 2789 δε
1010 2758 1144 2799 stIpendia
1165 2758 1260 2797 hujus-

200 2807 299 2844 modi,
316 2805 352 2834 de
365 2804 482 2834 exitibus
496 2799 613 2831 Domus
637 2798 799 2837 praedit‘iae,
815 2799 847 2828 ὃ(
868 2807 969 2827 eorum
990 2799 1139 2836 arreragia,
1158 2797 1178 2827 si
1196 2808 1260 2836 quae

199 2846 320 2881 fuerint,
339 2853 354 2872 a
369 2850 515 2879 ternpore,
534 2849 593 2877 quo
613 2836 770 2868 custodiam
791 2835 911 2874 ejusdem
931 2835 1080 2873 habuistis,
1098 2836 1201 2866 habere
1220 2837 1262 2867 fa-

202 2884 280 2915 ciatis
302 2883 331 2912 in
351 2880 443 2910 forma
460 2877 611 2916 praedidla,
630 2877 663 2907 ὃ(
685 2885 738 2904 nos
761 2876 842 2906 vobis
858 2874 925 2904 inde
938 2875 966 2904 in
981 2873 1133 2912 Compoto
1148 2875 1260 2914 vestro,

204 2922 241 2953 de
260 2920 377 2952 exitibus
399 2917 538 2955 praedietis
557 2915 680 2945 debitam
695 2914 891 2943 allocutionem
908 2913 1009 2943 habere
1025 2913 1176 2951 faciemus,
1194 2923 1263 2955 prp-

205 2960 266 2994 viso
281 2957 359 2998 quod
373 2956 450 2987 idem
465 2955 595 2986 Thomas
606 2954 635 2983 in
647 2951 722 2983 dicta
736 2951 840 2982 Domo
856 2950 990 2983 deserviat
1006 2959 1036 2982 ut
1047 2950 1169 2982 debebit.

240 3038 332 3072 Teste
343 3037 427 3076 Rege
440 3033 513 3074 apud
528 3031 716 3070 Kirkestede,
734 3039 761 3070 ς.
781 3032 826 3063 die
835 3031 912 3071 Julii.

242 3119 385 3163 Subscripti
392 3120 535 3157 percipient
551 3114 637 3145 vadia
653 3111 690 3148 ὠ·
698 3112 832 3153 stipendia
839 3111 990 3153 fitbscripta
998 3114 1045 3152 ,in
1056 3112 1185 3143 Domibus
1192 3112 1261 3154 fich-

272 3161 398 3199 scriptis,
418 3155 555 3193 videlicet,

245 3239 349 3271 Alanus
362 3237 397 3268 de
411 3236 555 3276 Suaynton
571 3233 722 3271 percipiet,
740 3231 775 3262 ad
788 3240 877 3275 totam
889 3232 977 3261 vitam
1002 3231 1076 3261 suam
1112 3233 1140 3261 in
1163 3232 1263 3263 eadem

207 3278 334 3315 Domo,
347 3275 473 3314 quolibet
484 3275 546 3312 die,
561 3273 631 3302 duos
642 3271 769 3301 denarios
783 3280 834 3308 pro
850 3269 928 3300 victu
941 3270 1006 3313 suo,
1025 3271 1057 3300 &
1071 3255 1205 3313 deserviet
1223 3272 1263 3301 ei-

206 3317 275 3347 dem
297 3315 410 3346 Domui
431 3313 468 3344 de
487 3312 582 3351 aliquo
603 3310 692 3340 libero
710 3308 841 3347 servitio,
857 3307 989 3347 quamdiu
1005 3316 1108 3346 poterit
1122 3309 1260 3340 laborare:

206 3354 341 3393 Proviso,
356 3351 417 3388 &C-

246 3433 392 3465 Robertus
417 3431 606 3468 Thurgetton
635 3427 801 3466 Capellanus
821 3427 955 3465 percipiet
971 3449 981 3465 ,
1013 3426 1048 3456 ad
1068 3434 1158 3458 totam
1177 3428 1265 3457 vitam

209 3472 304 3510 suam,
322 3475 350 3502 in
365 3472 468 3502 Domo
483 3468 716 3507 Templariorum
730 3466 765 3495 de
779 3465 917 3504 Assakby,
933 3464 1061 3502 quolibet
1073 3465 1135 3503 die,
1150 3475 1204 3495 tres
1215 3466 1266 3496 de-

211 3512 304 3541 narios
319 3520 371 3547 pro
386 3509 466 3540 vic‘tu
478 3508 543 3539 suo:
563 3508 596 3538 &
608 3506 705 3546 viginti
718 3504 820 3534 solidos
834 3513 885 3541 pro
899 3505 996 3533 ceteris
1019 3504 1174 3534 neccssariis
1195 3503 1265 3542 suis,

212 3549 249 3579 ad
271 3549 405 3578 terminos
424 3546 519 3576 Sancti
536 3545 687 3576 Michaelis
701 3543 735 3573 δί
749 3542 880 3580 Paschae,
895 3542 931 3570 ita
943 3541 1020 3579 quod
1034 3542 1179 3578 deserviat,
1198 3542 1267 3572 loco

213 3585 372 3623 Capellam,
388 3585 520 3622 quamdiu
540 3585 643 3621 poterit
662 3581 810 3612 deservire:
837 3581 870 3610 &
891 3580 1185 3622 medietas-bonorum
1204 3580 1268 3610 suo·

215 3634 299 3661 rum,
316 3625 346 3653 in
361 3623 441 3653 obitu
453 3623 521 3659 su0,
534 3623 618 3653 distin
633 3621 746 3652 Domui
759 3626 912 3650 remaneat:
929 3617 1063 3657 Provno,
1079 3617 1139 3653 &c.

256 3701 413 3733 Richardus
434 3702 556 3742 Garewy
575 3703 724 3740 percipiet,
742 3700 777 3730 ad
800 3707 890 3730 totam
913 3700 1001 3729 vitam
1014 3699 1108 3737 suam,
1126 3700 1154 3728 in
1170 3698 1269 3729 eadem

218 3740 342 3779 Domo,
363 3741 487 3778 quolibet
501 3740 560 3777 die,
578 3740 648 3769 duos
662 3740 789 3770 denarios
804 3748 857 3776 pro
872 3738 949 3768 victu
965 3737 1028 3769 suo:
1049 3739 1082 3768 &
1095 3747 1179 3768 unam
1203 3737 1270 3767 Ro-

218 3779 289 3810 bam
310 3788 358 3816 per
376 3788 480 3807 annum
500 3778 535 3808 de
555 3778 637 3808 Sec'tii
653 3779 804 3808 liberorum
819 3777 1003 3813 servientum,
1022 3777 1055 3806 &
1071 3778 1195 3814 quinque
1206 3775 1270 3805 soli-

220 3817 273 3847 dos
287 3827 335 3854 per
347 3826 452 3846 annum
465 3816 498 3845 ad
512 3817 647 3846 terminos
662 3816 758 3846 Sancti
772 3814 920 3845 Michaelis
935 3816 967 3846 δε
980 3814 1111 3853 Paschae,
1130 3816 1163 3845 &
1182 3813 1272 3844 deier-

221 3857 280 3887 viet
295 3854 429 3893 quamdiu
443 3856 557 3894 poterit:
574 3854 710 3893 Proviso,
725 3851 785 3887 &c.

257 3934 404 3965 Robertus
419 3934 455 3965 de
470 3933 603 3964 Carleton
618 3933 653 3962 de
666 3931 825 3963 Cranewell
844 3935 994 3973 percipiet,
1014 3934 1049 3964 ad
1071 3941 1162 3965 totam
1183 3933 1273 3964 vitam

222 3973 317 4010 suam,
337 3974 365 4002 in
387 3973 491 4003 Domo
511 3972 545 4001 de
566 3972 684 4008 Bruera,
703 3973 828 4009 quolibet
848 3972 912 4009 die,
936 3981 988 4002 tres
1009 3972 1135 4003 denarios
1154 3982 1208 4010 pro
1229 3973 1273 4001 vi-

218 4012 268 4044 ἑὶυ
281 4011 346 4045 suo:
365 4012 399 4043 δε
413 4012 483 4042 duos
497 4011 623 4042 denarios
636 4019 688 4048 pro
704 4010 782 4042 virilu
796 4009 950 4041 Garcionis
962 4011 1014 4042 sui:
1033 4012 1069 4043 &
1081 4019 1169 4043 unam
1190 4009 1273 4042 Mar-

1293 194 1359 216 cam
1382 187 1542 224 annuatim,
1558 185 1595 217 ad
1613 186 1703 218 natale
1723 185 1848 217 Domini
1868 194 1921 224 pro
1940 184 2011 216 roba
2031 182 2097 221 (Πᾶς
2114 183 2148 227 ξε
2166 193 2255 228 unam
2274 184 2357 216 Mar-
2373 187 2450 218 Ami.
2465 187 2508 220 D.

1294 233 1431 294 {szth
1452 234 1561 255 annum
1579 234 1634 263 pro
1656 225 1862 263 calciamentis,
1880 224 1916 255 ad
1935 223 2016 255 Festa
2036 221 2133 254 San&
2155 221 2304 254 Michaelis
2322 225 2357 256 δι
2374 235 2489 296 132122

1333 342 1494 382 Robertus,
1513 344 1605 375 diibus
1620 343 1649 374 le
1673 343 1830 375 Mareschal
1850 340 1886 373 de
1899 340 2071 381 Roustone,
2087 341 2239 380 percipiet,
2255 341 2291 372 ad
2310 349 2356 373 to-

1296 388 1356 412 tam
1369 383 1458 412 vitam
1470 383 1546 413 suam
1555 406 1565 421 ,
1583 383 1654 413 duos
1665 383 1793 413 denarios
1806 391 1860 419 pro
1872 381 1951 412 vidtu
1963 381 2012 412 suo
2021 405 2031 419 ,
2048 381 2176 419 quolibet
2187 380 2250 418 die,
2266 381 2296 410 in
2311 390 2356 411 ea-

1295 420 1363 450 dem
1377 420 1498 451 Domo:
1517 422 1551 452 &
1565 420 1666 452 decem
1681 421 1783 452 solidos
1797 430 1848 458 per
1859 428 1965 449 annum
1980 430 2034 458 pro
2047 418 2120 450 roba
2139 418 2198 449 sua:
2217 419 2253 450 &
2274 420 2359 457 quin-

1297 467 1355 496 que
1367 458 1470 489 solidos
1480 469 1530 499 per
1543 469 1651 489 annum
1664 461 1782 490 nomine
1800 457 1945 496 stipendii,
1960 458 1995 488 ad
2015 458 2154 488 tei-minos
2174 456 2271 488 Sanffl
2292 456 2356 487 Mi-

1297 496 1400 527 chaelis
1413 497 1448 528 &
1460 497 1590 536 Paschae3
1607 500 1641 529 &
1660 498 1814 535 deserviet,
1832 497 1901 527 loco
1921 495 2001 526 liberi
2022 495 2181 535 servientis,
2197 497 2228 526 in
2248 494 2356 526 Domo

1296 534 1434 572 praedietfa
1449 536 1583 573 quamdiu
1597 536 1757 567 commode
1771 536 1874 574 poterit
1885 533 2031 572 laborare,
2044 535 2095 572 &,
2110 534 2131 565 si
2143 534 2282 566 deservire
2294 543 2356 565 non

1296 575 1417 612 poterit,
1435 581 1504 604 tunc
1517 575 1628 605 vietum
1640 575 1720 606 suum
1734 583 1845 606 tantum
1859 573 2010 614 percipiet:
2033 571 2167 611 Proviso,
2184 571 2245 608 &a

1329 652 1520 692 Willielmus,
1545 653 1630 685 Filius
1650 653 1787 685 Richardi
1807 653 1845 685 de
1863 653 2012 692 Templo,
2032 653 2185 692 percipiet,
2208 653 2244 684 ad
2263 662 2356 686 totam

1293 692 1382 722 vitam
1404 692 1497 730 suam,
1513 693 1542 721 in
1561 693 1661 723 eadem
1681 693 1802 731 Domo,
1821 692 1949 731 quolibet
1970 691 2035 730 die,
2057 691 2130 722 duos
2152 691 2279 723 denarios
2301 703 2355 730 pro

1292 730 1373 760 viilu
1392 731 1458 761 suo:
1477 732 1512 761 &
1531 729 1633 761 decem
1653 731 1772 770 solidos,
1788 731 1920 769 quolibet
1940 740 2031 768 anno,
2049 739 2149 761 contra
2169 728 2274 761 Natale
2289 731 2358 762 Do-

1297 769 1385 805 mini,
1403 779 1457 806 pro
1472 768 1543 798 robii
1556 769 1618 800 sua:
1635 771 1668 800 δε
1685 769 1862 814 quadraginta
1877 768 2024 807 denarios,
2039 769 2168 806 quolibet
2180 778 2356 808 anno,con-

1292 815 1334 837 tra
1354 806 1541 850 Pentecosten
1562 817 1616 846 pro
1637 807 1754 839 Tumca
1765 808 1837 846 sua,
1861 808 1895 839 &
1915 808 2042 847 quinque
2061 807 2164 838 solidos
2178 817 2227 845 per
2245 816 2355 839 annum

1294 855 1349 882 pro
1365 846 1423 875 aliis
1435 845 1601 877 necessariis.

1331 926 1503 957 Willielmus
1524 925 1617 965 Ryvel
1637 926 1673 958 de
1692 927 1805 967 Wyma
1823 925 1975 965 percipiet,
1991 925 2027 957 ad
2046 933 2137 958 totam
2157 928 2246 958 vitam
2259 927 2356 965 suam,

1294 965 1323 995 iri
1341 965 1439 996 eadem
1461 965 1585 1004 Domo,
1603 966 1730 1004 quolibet
1749 966 1813 1004 die,
1832 973 1886 995 tres
1905 964 2032 995 denarios
2054 975 2109 1002 pro
2129 966 2209 996 victu
2228 965 2295 996 suo:
2319 966 2355 996 ὃς

1295 1013 1380 1033 unam
1395 1003 1527 1035 Marcam
1536 1027 1546 1043 ,
1564 1014 1614 1042 per
1626 1014 1750 1043 annum,
1765 1014 1820 1042 pro
1832 1003 1942 1033 caeteris
1956 1002 2132 1041 necessariis,
2149 1004 2184 1034 ad
2199 1004 2278 1034 Festa
2284 1004 2357 1035 San-

1294 1041 1334 1072 ἂὶ
1350 1041 1500 1074 Michaelis
1510 1043 1544 1074 &
1557 1042 1670 1074 Paschae
1678 1067 1687 1081 ,
1702 1052 1752 1081 per
1765 1041 1884 1081 :equales
1895 1041 2054 1078 portiones:
2074 1041 2109 1072 &
2122 1042 2250 1079 quolibet
2263 1052 2357 1081 anno,

1294 1080 1329 1110 ad
1343 1080 1446 1112 Natale
1462 1080 1583 1112 Domini
1618 1091 1709 1113 unum
1724 1089 1805 1112 vetus
1825 1079 2041 1116 indumentum,
2058 1077 2096 1108 de
2115 1080 2255 1110 veteribus
2275 1081 2357 1111 indu-

1294 1121 1397 1163 mentis
1416 1120 1560 1151 Fratrum:
1579 1105 1601 1139 *Ξ
1620 1121 1655 1151 &
1675 1119 1804 1158 quolibet
1825 1118 1872 1148 die
1891 1117 1963 1147 duos
1976 1117 2107 1161 denarios
2119 1127 2173 1155 pro
2187 1118 2266 1148 victu
2281 1118 2357 1150 Gar-

1295 1159 1386 1188 cionis
1399 1158 1454 1188 sui:
1475 1159 1509 1190 &
1524 1159 1651 1197 quinque
1662 1157 1782 1197 solidos,
1800 1167 1850 1196 per
1865 1165 1990 1194 annum,
2007 1165 2060 1194 pro
2074 1155 2216 1194 stipendio
2232 1157 2355 1195 ejusdem

1295 1195 1464 1235 Garcionis,
1482 1197 1522 1228 set
1536 1197 1612 1227 idem
1623 1197 1733 1228 Garcio
1747 1195 1883 1227 deserviet
1897 1195 1926 1224 in
1940 1193 2045 1224 Domo
2057 1193 2121 1232 illa;
2137 1204 2189 1232 pro
2201 1195 2300 1235 viginti
2321 1197 2356 1227 δε

1295 1243 1414 1272 quatuor
1433 1235 1516 1266 Acris
1535 1236 1638 1266 Terrae
1658 1237 1692 1267 &
1712 1234 1789 1265 Prati
1811 1235 1841 1264 in
1859 1233 2044 1272 Suthwyme,
2069 1242 2138 1270 quas
2154 1232 2231 1264 dedit
2251 1234 2356 1265 eisdem

1293 1272 1479 1312 TemplariiS,
1505 1273 1539 1305 &
1558 1273 1636 1306 dabit
1656 1276 1696 1305 eis
1714 1282 1801 1304 unam
1822 1272 1959 1303 Marcam
1977 1271 2008 1302 in
2027 1271 2109 1302 obitu
2126 1270 2195 1302 suo:
2221 1271 2356 1312 Proviso,

1295 1309 1356 1347 ὥς.

2375 1132 2392 1149 ‘
2406 1133 2462 1161 ΙΙΙ.

2377 1179 2443 1208 332.

1333 1392 1481 1425 Robertus
1494 1392 1530 1424 de
1541 1392 1690 1424 Burstowe
1703 1393 1839 1433 percipiet
1852 1392 1883 1423 in
1902 1391 2008 1423 Domo
2026 1391 2064 1422 de
2083 1388 2224 1430 Chippele
2258 1391 2293 1422 ad
2311 1400 2358 1423 to-

1295 1440 1353 1462 tam
1373 1433 1462 1465 vitam
1481 1431 1576 1471 suam,
1594 1432 1722 1470 quolibet
1739 1432 1802 1470 die,
1819 1430 1891 1462 duos
1912 1430 2042 1461 denarios
2061 1439 2115 1473 pro
2126 1431 2206 1473 victu
2221 1415 2286 1461 iiio:
2307 1431 2357 1461 de-

1296 1480 1361 1501 cem
1376 1470 1479 1504 solidos
1493 1480 1542 1509 per
1556 1480 1680 1509 annum,
1696 1480 1750 1509 pro
1766 1469 1838 1500 roba
1851 1467 1914 1500 sua:
1931 1469 1965 1499 &
1977 1468 2112 1498 deserviet
2126 1478 2156 1498 in
2168 1468 2268 1499 eadem
2290 1468 2358 1500 Do-

1297 1520 1349 1540 mo
1370 1509 1504 1550 quamdiu
1524 1517 1624 1549 potens
1643 1509 1743 1548 suerit,
1759 1509 1794 1539 ὃ(
1807 1507 1827 1538 fi
1841 1507 1980 1539 deservire
1991 1516 2053 1536 non
2069 1507 2191 1546 poterit,
2209 1506 2358 1539 nihilomi—

1297 1558 1349 1580 nus
1363 1548 1499 1589 percipiet
1512 1546 1667 1587 praemissa:
1686 1545 1823 1585 Proviso,
1840 1543 1900 1581 ὡς.

1334 1628 1479 1668 Philippus
1492 1629 1529 1660 de
1543 1628 1662 1668 Gayton
1677 1628 1779 1666 Miles,
1792 1627 1951 1670 habebit-in
1966 1623 2073 1656 Domo
2088 1624 2125 1669 de
2137 1625 2254 1657 Belesale
2266 1636 2359 1658 unum

1296 1667 1483 1712 Capellanum
1501 1668 1681 1712 saecularem,
1698 1667 1890 1697 celebrantem
1911 1675 1940 1709 ¹¹¹.
1959 1662 2078 1708 Cape-115.
2098 1664 2222 1708 ejusdem
2236 1664 2359 1696 Domus

1298 1716 1389 1745 imper
1409 1716 1521 1738 eruum:
1540 1707 1574 1738 &
1590 1706 1666 1751 idem
1682 1705 1850 1749 Capelianus
1862 1702 2163 1747 percipietxquolibet·
2174 1702 2238 1742 die,
2253 1703 2290 1735 de
2312 1713 2359 1734 ea-

1296 1743 1367 1814 fielrrnn
1380 1744 1693 1825 prorglqigrgseczffgffis
1707 1754 1761 1783 pro
1773 1743 1854 1776 victu
1864 1743 1934 1781 suo·,
1948 1741 1983 1773 &
1998 1749 2099 1780 Viginti
2115 1740 2218 1773 solidos
2236 1752 2286 1780 per
2308 1752 2360 1779 anf

1333 1865 1510 1897 Willielmus
1522 1865 1644 1905 Deryng
1657 1864 1694 1895 de
1710 1864 1833 1895 Faxflete
1868 1864 2000 1903 ercipiet,
2014 1863 2050 1895 ad
2062 1870 2153 1894 totam
2168 1861 2257 1893 vitam
2271 1860 2360 1900 suam,

1296 1903 1327 1933 in
1345 1904 1444 1935 eadem
1464 1903 1589 1943 Domo,
1607 1904 1734 1952 quolibet
1754 1903 1819 1941 die,
1857 1912 1907 1933 uos
1920 1903 2048 1933 denarios
2064 1911 2119 1940 pro
2133 1900 2212 1944 victu
2229 1900 2291 1930 suo:
2311 1900 2364 1930 de-

1296 1951 1364 1972 cem
1380 1943 1483 1974 solidos
1497 1953 1550 1981 pro
1563 1943 1634 1974 roba
1647 1942 1693 1973 sua
1728 1952 1757 1972 er
1772 1950 1894 1972 annum:
1915 1940 2001 1979 quadr
2038 1942 2093 1970 'nta
2106 1939 2235 1970 denarios
2248 1949 2299 1977 per
2312 1949 2364 1969 an-

1294 1989 1369 2049 nsstm
1387 1991 1443 2025 pro
1462 1981 1578 2026 Tunica
1598 1980 1635 2012 de
1654 1952 1782 2019 AEssqate,
1801 1981 1835 2012 &
1858 1980 1985 2019 quinque
1994 1948 2098 2010 siffidos
2110 1988 2160 2017 per
2178 1987 2285 2008 annum
2306 1986 2363 2016 pro

1297 2027 1315 2048 c
1353 2029 1406 2049 eris
1421 2020 1588 2050 necessariis.

1298 2148 1357 2183 Ad
1376 2152 1492 2196 Papam
1503 2160 1560 2196 pro
1575 2149 1714 2194 Epifiopo
1733 2149 1837 2180 Sanfti
1853 2145 2002 2187 Andreae,
2026 2143 2109 2191 quod
2123 2144 2251 2177 Concilio
2269 2146 2365 2178 Gene-

1566 2198 1627 2230 rali
1643 2209 1700 2228 non
1715 2196 1855 2239 interfuit
1865 2220 1875 2236 ,
1900 2193 2100 2239 excusatoria.

1349 2284 1446 2314 APAE
1460 2284 1524 2314 Rex
1537 2284 1640 2316 devota
1655 2283 1762 2322 pedum
1774 2282 1868 2313 oscula
1881 2282 2042 2312 beatorum.
2383 2286 2512 2319 Annj),

1364 2362 1369 2367 ³
1385 2323 1510 2367 Nuper,
1532 2322 1615 2353 Pater
1634 2322 1836 2365 Sanctiffime,
1851 2330 1904 2359 pro
1925 2319 2090 2364 Venerabili
2109 2318 2207 2359 Patre,
2232 2318 2286 2351 W.
2304 2318 2364 2351 Dei
2402 2336 2489 2366 1312.

1300 2360 1391 2405 gratia
1402 2361 1546 2405 Episcopo
1557 2361 1654 2393 Saneti
1670 2360 1811 2398 Andreae,
1829 2369 1860 2389 in
1875 2358 1990 2396 scona,
2281 2397 2287 2402 ι
2383 2369 2438 2393 An.
2450 2375 2479 2401 5·

1334 2399 1393 2430 Cui
1414 2400 1520 2431 diversa
1539 2400 1573 2431 &
1595 2400 1679 2430 ardua
1694 2400 1828 2437 negotia,
1847 2397 1951 2427 statum
1963 2396 2066 2427 Terrae
2081 2395 2187 2428 nostrae
2201 2396 2364 2434 praedie'tae,
2382 2408 2412 2430 E.
2434 2414 2462 2431 2,

1297 2438 1331 2469 &
1350 2439 1492 2482 praecipue
1507 2438 1724 2476 tranquilitatem
1748 2437 1781 2468 &
1797 2437 1923 2476 quietem
1938 2435 2037 2475 populi
2049 2435 2172 2480 ejusdem
2186 2436 2288 2480 Terrae
2301 2443 2364 2465 tan·
2380 2441 2496 2475 Rom&

1297 2486 1410 2515 genua,
1427 2475 1534 2507 ibidem
1547 2475 1744 2515 promovenda
1759 2476 1793 2506 &
1809 2473 1972 2512 exequenda
1985 2473 2199 2512 commisimus3
2216 2482 2364 2513 injungen-
2381 2485 2422 2509 Fr.
2430 2485 2498 2517 5.}·:.

1297 2514 1336 2545 do
1355 2515 1448 2546 eidem
1468 2515 1549 2554 quod
1569 2515 1597 2546 se
1616 2525 1633 2545 a
1646 2515 1768 2553 partibus
1780 2513 1831 2543 illis
1844 2522 1904 2543 non
1918 2511 2085 2550 diverteret,
2101 2520 2218 2550 propter
2239 2512 2363 2551 pericula
2381 2529 2454 2548 2.m.
2471 2528 2515 2554 ¹9-

1297 2554 1471 2623 agiirlparum,
1489 2563 1572 2592 quae,
1590 2563 1640 2592 per
1653 2552 1805 2584 absentiam
1820 2551 1897 2582 suam
1910 2551 1946 2581 ab
1961 2549 2062 2582 eadem
2076 2551 2185 2588 Terra,
2199 2551 2312 2590 possent
2326 2550 2364 2582 de
2382 2557 2435 2587 dor.

1327 2603 1343 2623 c
1364 2601 1518 2631 ievenire,
1826 2629 1831 2635 ⁸
2124 2628 2130 2634 Ἴ
2299 2628 2305 2633 -

1299 2629 1598 2707 pisfiffir'iatogffi
1606 2630 1758 2713 &1323ss
1758 2639 1848 2707 ῗέἐίἑῗ
1855 2626 2316 2709 ἔξῗξῖῗῐῖέἑεῗὲἔῗὲἓῗέἒιὲξῖῗέ,
2323 2626 2367 2697 ’ἶὶ

1300 2708 1502 2746 intelleximus,
1520 2707 1800 2752 personaliter—fuerat
1812 2705 1956 2742 evocatus)
1972 2714 2007 2735 ex
2031 2704 2117 2749 causis
2137 2703 2291 2742 praedichs,
2309 2713 2365 2733 no-

1302 2745 1483 2785 strorumque
1502 2754 1682 2785 rogaminum
1702 2753 1880 2783 interventu,
1897 2744 2002 2774 habere
2021 2743 2181 2783 dignaretur
2204 2741 2295 2774 vestra
2317 2741 2367 2773 Sa·

1301 2785 1446 2817 crosaneta
1460 2784 1610 2815 Paternitas
1622 2784 1813 2816 favorabiliter
1826 2782 1991 2827 excusatam.
2053 2821 2058 2826 ¹
2081 2821 2086 2826 ι
2159 2820 2164 2825 ¹
2326 2819 2332 2824 Ι

1337 2824 1391 2862 Et,
1410 2824 1475 2863 quia
1490 2822 1686 2861 indempnitati
1698 2822 1806 2862 praefati
1819 2820 1955 2862 Episcopi
1969 2820 2088 2859 prospici
2101 2828 2248 2864 cupimus,
2266 2828 2304 2849 ne
2313 2828 2365 2862 ‚Ja-

1301 2863 1411 2894 cruram
1431 2871 1466 2893 ex
1486 2871 1540 2900 eo,
1560 2861 1642 2900 quod
1659 2871 1720 2891 non
1741 2860 1866 2891 interfuit
1880 2858 2025 2903 Concilio·
2051 2858 2194 2903 raehbato,
2210 2856 2365 2895 aliqualiter

1302 2902 1436 2970 patiaituQr,
1455 2900 1608 2969 praeserhtirm
1630 2900 1701 2969 cffm
1711 2898 1869 2970 {meseum}
1879 2897 1961 2966 ipasius
1974 2897 2026 2936 Epi
2026 2907 2107 2965 btgirpg
2118 2906 2149 2927 in
2159 2894 2256 2964 ’ἔξιτέ
2264 2893 2366 2970 {disertae

1323 2951 1336 2970 r
1381 2951 1389 2970 i
1421 2950 1437 2970 a
1479 2949 1508 2969 er
1529 2950 1547 2970 u
1615 2947 1647 2970 ut
1668 2949 1689 2969 is
1765 2947 1838 2967 nece
1863 2947 1901 2967 ari
1970 2946 2004 2966 ro

1301 2950 1398 3017 goaguli
1411 2949 1673 3016 Teit'raeqpraedidtae
1683 2975 1866 3014 procurandis
1881 2976 1914 3006 &
1923 2946 2067 3017 ’selivandis
2081 2944 2169 3016 (cul-2²
2183 2980 2249 3015 quae
2260 2980 2362 3014 curam

1301 3018 1468 3062 &operam
1481 3016 1610 3048 sollicitas
1624 3015 1750 3047 studiose
1765 3015 1910 3052 adhibuit,
1927 3014 1962 3045 &
1975 3012 2091 3044 adhibet
2104 3010 2157 3040 hiis
2169 3009 2279 3046 diebus)
2295 3017 2367 3040 exti-

1301 3054 1684 3138 teriiessstcrziiiistgltle’tmentiam
1703 3092 1803 3123 iteratis
1819 3090 1953 3135 'pre—cibus
1973 3088 2142 3132 requirimus
2164 3087 2198 3118 &
2212 3095 2363 3125 rogamus,

1300 3135 1446 3172 quatinus,
1463 3130 1743 3174 praemiffi-sPaterua
1757 3130 1932 3171 Benignitate
1946 3126 2077 3173 pensatiS,
2094 3125 2246 3169 absentiam
2260 3125 2362 3162 praefa-

1301 3174 1323 3203 ti
1335 3172 1466 3210 Episcopi
1480 3182 1495 3202 a
1509 3169 1646 3200 Concilio
1670 3175 1830 3198 memorato
1848 3167 1971 3204 benigne
1992 3166 2027 3197 &
2046 3163 2233 3197 favorabiliter
2254 3162 2360 3194 habere

1302 3211 1473 3250 dignemini,
1490 3208 1591 3239 nostris
1605 3207 1751 3245 precibus,
1769 3204 1933 3237 excusatam.

1341 3289 1516 3328 Conservet,
1533 3288 1595 3320 &c.

1342 3370 1411 3401 Dat.
1430 3369 1504 3408 apud
1519 3367 1712 3406 Mildenhale,
1730 3376 1775 3398 ιι.
1792 3365 1838 3396 die
1846 3363 1923 3404 Julii.

1425 3498 1484 3534 Ad
1500 3498 1674 3533 Cardinales
1686 3508 1740 3544 pro
1752 3496 1888 3544 praeditflo
1906 3497 2045 3544 Epifiopo
2066 3490 2242 3540 excusando.

1304 3584 1513 3647 VEnerabili
1525 3585 1555 3613 in
1569 3582 1688 3613 Christo
1700 3581 1777 3614 Pani
1792 3581 1926 3612 Domino
1942 3581 1978 3612 A.
1998 3580 2056 3612 Dei
2076 3577 2182 3622 gratia,
2198 3576 2269 3608 tituli
2288 3577 2359 3621 San-
2375 3581 2451 3613 Am,
2465 3582 2509 3614 1).

1390 3623 1445 3653 &ae
1461 3622 1561 3653 Mariae
1572 3623 1601 3651 iri
1618 3621 1737 3651 Porticu
1752 3619 1888 3651 Diacono
1902 3618 2063 3656 Cardinali,
2079 3625 2176 3663 arnico
2188 3615 2238 3646 suo
2251 3615 2359 3647 kariffi-
2404 3630 2491 3660 1312.

1306 3672 1359 3692 mo
1390 3661 1556 3699 Edwardus,
1571 3661 1632 3690 &c.
1649 3659 1766 3706 salutern
1779 3669 1847 3689 cum
1860 3659 2010 3703 dilectione
2024 3655 2137 3698 sincera.
2239 3692 2245 3698 .
2374 3663 2428 3687 An.
2443 3663 2473 3689 6,

1307 3685 2148 3774 &sisiaassises?iqszssscgsfestqizaeffiis
2156 3691 2360 3775 sagistas.-
2373 3703 2450 3764 aa
2459 3735 2496 3770 i

1308 3778 1413 3813 extitit,
1430 3777 1464 3807 ὃς
1476 3775 1569 3806 existit
1580 3775 1610 3804 in
1621 3774 1713 3805 Terra
1726 3774 1876 3814 praedicis,
1895 3782 1948 3811 pro
1960 3772 2041 3815 bono
2053 3779 2128 3813 pams
2144 3769 2178 3799 &
2191 3776 2285 3807 quiete
2305 3779 2361 3807 po·
2379 3779 2420 3802 Fr.
2436 3776 2464 3802 6,
2479 3778 2514 3802 Β,

1308 3816 1367 3853 puli
1379 3816 1481 3845 Terrae
1495 3813 1615 3852 ejusdem
1627 3813 1809 3851 procurandis
1825 3814 1858 3844 &
1871 3808 2115 3853 serva-ndisfficircla
2129 3816 2192 3846 quae
2207 3815 2306 3838 curam
2326 3808 2361 3839 &
2380 3823 2407 3841 2,
2423 3822 2460 3840 m,
2472 3821 2514 3848 ¹9-

1308 3853 1522 3884 sollicitudinem
1537 3851 1668 3882 studiosas
1682 3850 1824 3890 adhibuit,
1842 3851 1876 3880 &
1887 3847 2001 3879 adhibet
2012 3847 2064 3876 hiis
2076 3845 2188 3876 diebus:
2281 3885 2287 3889 Π
2383 3852 2439 3880 dor,

1350 3892 1394 3923 Ac
1414 3901 1527 3929 propter
1547 3890 1651 3920 diversa
1670 3891 1704 3920 &
1724 3890 1806 3920 ardua
1821 3887 1950 3926 negotia,
1968 3885 2071 3929 statum
2086 3884 2188 3914 Terrae
2201 3883 2363 3923 praedictae,

1310 3930 1345 3961 &
1360 3931 1504 3968 praecipue
1518 3928 1735 3966 tranquilitatem
1749 3929 1783 3959 δε
1796 3928 1926 3968 quietern¹
1973 3923 2031 3962 puli
2045 3921 2166 3961 eJufflem
2185 3921 2287 3966 Terrae
2305 3930 2368 3965 tan-

1311 3970 1407 4006 gentia
1422 3993 1436 4011 ,-
1458 3977 1522 4006 quae
1542 3967 1635 3997 eidem
1655 3967 1798 4004 Episcopo
1818 3972 1927 3995 commi
1939 3971 2049 3992 eramus
2066 3960 2252 3999 exequenda,
2277 3970 2370 4004 injun-

1310 4006 1407 4047 gendo
1419 4007 1470 4039 iibi
1482 4005 1561 4045 quod
1575 4005 1602 4038 se
1613 4016 1629 4038 a
1644 4005 1769 4046 partibus
1782 4002 1834 4035 illis
1847 4011 1908 4035 nou
1923 4001 2089 4039 diverteret,
2106 4007 2223 4063 propter
2235 3998 2372 4076 Perchiilalg}
