2562 4279
158 242 233 274 Ann.
248 243 291 274 D.

178 291 260 321 1323.

157 323 223 350 Edu.
245 331 270 349 2.

137 1333 214 1366 Ληη.
228 1334 269 1365 D.

163 1382 245 1413 132).

134 1415 186 1439 An.
211 1415 251 1439 16.

136 1455 165 1477 Σ.
189 1460 214 1477 2.

133 1490 269 1525 Claus.16.

136 1531 161 1553 Ε.
187 1537 213 1555 2.

132 1576 168 1593 m.
191 1575 218 1601 5.
238 1565 263 1593 d.

133 2144 148 2158 ”
166 2142 221 2170 ΠΙ.

123 2190 217 2208 '10220
247 2210 252 2216 ,

150 3462 198 3487 Pro
208 3464 265 3495 pra-

131 3498 265 3526 diHoHen-

132 3538 184 3562 rico
210 3545 264 3563 ma-

134 3576 241 3611 nucapti>
256 3593 263 3605 ‚

133 3611 190 3646 &a

136 3799 213 3829 Ann.
223 3795 255 3826 D

152 3845 239 3877 1323.
255 3820 271 3844 ⁴

125 3880 178 3904 An.
200 3877 242 3909 16,

125 3919 157 3942 Ε.
173 3924 198 3942 2.

126 3957 186 3981 Par.
200 3957 241 3985 16.

128 3996 161 4019 E.
182 4003 208 4020 2·

122 4037 149 4066 p.
169 4040 195 4058 2.

121 4076 159 4094 m.
171 4078 199 4103 9.

220 1382 232 1393 ‚
287 1325 352 1404 1.)

869 166 978 208 ET
1062 163 1329 206 ACTA

342 247 382 279 Et

303 272 398 332 stram³
412 259 448 319 ge
469 290 545 321 dieta
559 291 715 322 Praebenda
730 292 766 322 de
783 291 873 321 Stoke
886 315 895 329 ,
914 292 997 322 vobis
1010 291 1130 327 saetam,
1146 297 1293 325 acceptare
1311 296 1365 332 vo-

300 324 405 356 lueritis
420 350 430 365 ,
448 339 501 359 nec
517 340 570 367 ne,
588 340 639 360 vos
657 329 811 360 affectuose
824 331 991 368 requirimus
1013 329 1045 360 ὃ(
1061 337 1193 366 rogamus
1203 349 1213 365 ,
1228 334 1365 363 quatenus

302 373 353 400 per
367 365 470 397 vestras
489 367 613 407 Literas,
632 369 665 399 &
686 367 820 398 Latorem
834 368 1030 406 praesentium,
1049 367 1132 397 nobis
1147 365 1226 405 super
1241 364 1298 394 hoc
1311 372 1365 393 vo-

298 402 434 434 luntatem
450 405 568 436 vestram
585 406 738 446 significare
751 407 856 443 velitis,
1294 441 1299 446 ¹

337 442 504 483 Qoniam,
522 444 542 474 fi
558 455 619 475 earn
634 453 780 483 acceptare
792 444 936 474 nolueritis
947 466 956 482 ,
972 443 1018 473 alii
1032 442 1164 473 conferre
1179 449 1366 480 propommus

299 483 434 521 eandem,
449 483 483 513 &
493 483 512 521 J
515 493 544 512 us
560 483 689 514 nostrum
704 483 822 513 illaesum
837 482 1003 512 conservare
1020 483 1049 512 in
1063 481 1116 511 hac
1131 490 1217 518 parte.

338 519 384 550 Ad
399 521 463 551 haec
477 544 488 560 ,
508 522 580 552 intra
597 523 698 553 mentis
712 521 816 552 nostrae
831 520 986 560 praecordia
997 519 1176 550 revolventes
1220 527 1284 556 quae
1295 516 1366 547 No-

300 556 342 588 bis
361 559 395 590 &
417 559 524 599 Regno
546 559 644 591 nostro
667 560 845 598 protulerunt
861 557 1002 596 dispendia
1023 558 1155 596 quaedam
1178 541 1364 600 I3raelatorum

299 596 448 629 indiscreta
469 598 621 637 Regimina
634 622 644 637 ,
660 596 900 635 desiderantesque
917 596 1015 627 talibus
1030 620 1041 635 ,
1060 597 1202 635 majorum
1221 595 1363 635 praecxpue

300 634 452 667 Locorum
461 660 470 674 ,
489 636 548 670 &c.
558 645 640 675 prout
645 637 734 706 {upra
749 635 828 675 usque
841 635 898 664 haec
910 633 1016 671 verba,
1034 638 1098 665 viz.

334 673 376 705 Ita
417 675 476 705 uod
497 674 572 705 idem
593 675 644 705 Ro
666 683 738 705 ertus
750 696 761 712 ,
780 672 946 711 Apostolica
967 674 1128 712 provisione
1152 672 1187 704 ad
1216 672 1363 710 Regimen

296 712 385 743 dietae
395 685 536 744 ‘iicclefiae
550 714 719 753 assumptus,
737 711 832 742 vestro
855 710 989 742 Praefidio
1006 712 1166 751 mediante,
1184 721 1219 742 eo
1233 711 1314 741 nobis
1332 711 1362 740 in

293 751 445 791 dirigendis
460 752 528 783 dieti
543 753 570 782 R
608 753 635 782 ni
652 750 739 781 nostri
753 749 890 788 Negotiis
902 749 991 780 utilius
1003 750 1124 781 affistere
1138 751 1226 782 valeat
1240 773 1250 789 ,
1269 751 1302 781 &
1317 750 1363 779 in-

295 791 462 821 cumbentia
476 792 559 821 nobis
572 761 673 820 {nera
693 787 834 819 robustifis
846 788 1021 828 supportare,
1038 800 1097 828 quo
1112 789 1158 820 tali
1179 799 1213 820 ac
1227 787 1303 820 tanta
1319 789 1362 818 su-

295 828 429 860 blimatus
442 829 524 860 fuerit
538 828 688 866 dignitate,
703 828 775 864 juxta
788 826 901 858 suorum
915 828 1084 866 exigentiam
1098 830 1284 865 meritorum,

333 866 394 898 Has
414 868 519 898 nostras
540 873 634 905 preces
648 888 658 904 ,
675 866 758 896 vobis
779 865 829 895 sub
843 865 943 904 magnai
956 866 1128 898 confidentia
1138 867 1273 905 directas,
1289 874 1359 896 cum

293 905 371 935 tanta
389 903 528 945 diligentia
542 927 551 941 ‚
570 904 590 934 fi
610 904 701 943 placet
714 927 724 941 ,
742 903 919 934 advertentes
931 926 941 942 ,
958 904 1039 945 Briga
1053 905 1211 945 supradicta
1225 915 1286 935 non
1304 904 1359 934 ob-

293 943 384 975 stante
397 966 407 982 ‚
422 942 501 981 quod
525 952 576 972 vos
589 944 693 980 (quem
707 942 804 980 Regia
818 941 951 981 Majestas
965 943 1075 974 sinceris
1087 944 1233 976 affeetibus
1251 943 1359 983 ample-

292 985 389 1027 ?tatur)
408 982 511 1012 merito
524 981 575 1012 fibi
588 980 744 1020 specialiter
757 982 928 1022 conjungat,
945 982 979 1014 &
993 982 1044 1014 suis
1060 992 1163 1016 annuat
1176 982 1359 1021 beneplacitis

288 1030 320 1052 m
334 1028 484 1051 eventum·

328 1058 397 1090 Dat.
413 1043 487 1096 apud
501 1057 606 1100 Thorp
619 1058 836 1098 Episcopalem,
854 1058 892 1090 28
905 1058 951 1090 die
965 1058 1048 1091 Maii.

352 1194 403 1225 De
421 1194 555 1225 Henrico
576 1190 612 1225 de
637 1193 716 1225 Bello
732 1194 843 1226 Monte
856 1219 866 1235 ,
885 1201 1008 1240 propter
1033 1196 1190 1240 Consilium
1210 1197 1286 1243 Regi

574 1251 716 1288 negatum
734 1267 745 1285 ,
768 1241 892 1287 Prisbnae
912 1242 1068 1287 commisse.

362 1325 487 1358 Ominus
507 1325 602 1357 noster
622 1326 689 1358 Rex
705 1349 715 1366 ‚
734 1326 854 1358 existens
872 1327 945 1367 apud
962 1327 1162 1367 Bisshopthorp
1176 1329 1256 1367 'juxta
1275 1329 1353 1360 Ebo-

373 1375 436 1395 rum
453 1389 462 1404 ,
487 1365 649 1396 Tricefimo
670 1365 718 1396 die
739 1365 836 1403 Maii,
854 1366 943 1396 Anno
959 1366 1055 1405 Regni
1075 1367 1111 1396 sui
1128 1367 1330 1399 Sextodecimo
1346 1391 1355 1407 ,

287 1406 383 1436 vocari
398 1406 467 1436 fecit
484 1414 581 1436 coram
596 1404 672 1444 ipso,
688 1404 723 1436 ad
731 1403 901 1436 Concilium
915 1405 996 1436 suum
1010 1405 1137 1444 ibidem,

419 1481 598 1513 venerabiles
604 1481 699 1513 Patres
707 1506 717 1522 ,
850 1519 851 1522 Ἰ

325 1523 369 1551 W.
382 1521 612 1562 Archiepiscopum
626 1521 746 1552 Eborum
761 1520 875 1559 Angliae
889 1523 1057 1551 Primatem:

321 1560 357 1598 J.
378 1563 412 1590 N
411 1560 578 1599 orwicensem
591 1560 743 1600 Episcopum
757 1559 1057 1599 cancellariumficmn5

321 1601 366 1628 W.
386 1599 565 1639 Exonienftm
583 1599 737 1639 Episcopum
752 1598 1064 1637 Thesizurariumfitum‚·

319 1638 493 1667 Ea'mundmn
507 1641 634 1669 Comitem
649 1640 767 1668 Kantiae
781 1640 908 1667 Fratrem
919 1637 1014 1675 fitum5

320 1677 493 1706 Adomarum
507 1678 538 1706 de
552 1675 680 1706 Valentia
695 1679 824 1711 Comitem
839 1673 1036 1711 Pembrochiae3

319 1718 458 1752 Hugonem
471 1716 494 1745 le
510 1714 656 1754 Despenser
670 1718 798 1744 Comitem
813 1716 982 1754 PVyzrtoniae3

319 1755 425 1784 David
434 1754 465 1783 de
479 1752 617 1793 Strabolgy
634 1756 762 1782 Comitem
779 1751 926 1790 Athols'ae3

321 1795 460 1830 Hugonem
474 1792 498 1822 le
512 1791 657 1830 Despenser
672 1791 818 1829 Juniorem
826 1801 836 1828 ,·

320 1833 364 1861 W
362 1829 499 1861 illielmum
513 1832 544 1861 de
558 1834 611 1861 Ros
624 1831 656 1860 de
670 1829 808 1861 Hamelak
816 1840 827 1867 ,-

318 1907 357 1938 Et
371 1907 466 1939 Plures
481 1910 548 1940 alios
563 1908 684 1940 Barones
701 1909 735 1940 &
755 1906 882 1939 Nobiles
900 1907 936 1941 de
952 1908 1061 1948 Regno
1087 1907 1136 1938 suo
1148 1930 1158 1945 ,
1176 1917 1208 1937 ac
1220 1904 1353 1944 justicia-

282 1947 336 1977 rios
355 1947 417 1978 suos
437 1949 473 1978 de
495 1957 615 1988 utroque
635 1946 734 1978 Banco
749 1970 759 1985 ,
782 1946 903 1978 Barones
923 1946 960 1977 de
981 1946 1131 1978 Scaccario
1145 1969 1155 1985 ,
1175 1947 1208 1976 &
1227 1945 1295 1975 alios
1315 1944 1352 1974 de

284 1984 423 2017 Concilio
437 1987 504 2026 suo,

325 2061 369 2092 Ad
386 2063 583 2094 Traeiandum
600 2063 680 2102 super
697 2061 819 2102 quadam
840 2062 958 2103 Treuga
975 2066 983 2094 (
994 2064 1066 2094 inter
1078 2062 1169 2101 ipsum
1185 2061 1352 2091 Dominum

284 2099 400 2140 Regem
420 2103 452 2132 ὃς
476 2101 640 2132 Roberturn
663 2100 699 2131 de
723 2101 790 2132 Brus
803 2125 812 2138 ,
832 2101 946 2141 suosque
968 2100 1132 2139 Complices
1147 2100 1180 2131 &c
1193 2100 1327 2130 Fautores
1342 2122 1352 2137 ,

283 2149 382 2170 contra
396 2139 559 2170 Dominum
575 2140 688 2180 Regem
705 2140 722 2157 '¹‘
743 2140 779 2170 de
797 2139 909 2170 Guerra
929 2139 1091 2179 existentes,
1109 2137 1284 2178 praelocutA)
1306 2137 1354 2169 fir-

286 2177 410 2218 manda,
428 2179 472 2209 vel
489 2178 630 2232 neganda:

322 2216 399 2247 Inter
416 2227 488 2256 quos
502 2217 643 2255 nobiles,
661 2216 809 2248 Dominus
821 2216 964 2248 Henricus
974 2217 1010 2247 de
1025 2216 1102 2247 Bello
1121 2214 1244 2255 Monte,
1261 2215 1351 2254 Baro,

282 2255 316 2286 &
328 2255 364 2286 de
380 2254 494 2294 Magno
508 2257 540 2286 &
556 2255 671 2286 Secreto
686 2255 824 2286 Concilio
838 2256 917 2295 ipsius
931 2255 1055 2285 Domini
1070 2255 1158 2294 Regis
1167 2255 1294 2293 Juratus,
1317 2255 1350 2285 ὃς

283 2303 400 2324 vocatus
413 2295 481 2333 fuit,
501 2295 534 2325 &
547 2294 655 2325 ibidem
670 2295 808 2332 venitg&
821 2304 889 2324 cum
903 2294 995 2325 dietus
1010 2294 1158 2325 Dominus
1172 2293 1266 2323 noster
1276 2293 1352 2331 Rex,

283 2333 380 2362 volens
401 2333 468 2363 scire
488 2333 636 2363 consilium
657 2333 689 2362 &
713 2332 916 2363 avisamentum
937 2333 1069 2363 omnium
1085 2354 1095 2370 ,
1118 2331 1223 2361 ibidem
1251 2341 1350 2362 coram

282 2371 344 2409 ipso
365 2380 432 2401 tunc
456 2381 491 2401 ex
513 2371 590 2402 causa
610 2370 747 2411 praedicfftzi
760 2370 956 2410 existentium,
976 2371 1009 2401 &
1022 2370 1166 2408 cujussibet
1181 2380 1282 2400 eorum
1297 2370 1352 2400 sin-

281 2409 412 2446 gulariter
429 2433 438 2448 ,
456 2411 535 2447 super
554 2409 689 2449 Negotiis
726 2410 873 2447 raedistisz,
892 2410 942 2447 &,
964 2410 1036 2440 inter
1052 2418 1189 2446 caeteros,
1204 2409 1282 2446 plura
1301 2419 1351 2439 ore

281 2449 399 2518 goprio
417 2447 577 2479 inunxisset
593 2449 674 2479 dicito
688 2420 818 2479 ilenrico
835 2472 844 2486 ,
859 2449 892 2479 &
905 2449 996 2486 ipsum
1010 2447 1194 2487 requiliviffet
1210 2456 1239 2478 ut
1256 2447 1351 2478 eidem

316 2488 421 2517 omino
464 2488 508 2526 egi
526 2486 681 2518 consuleret
695 2488 724 2517 in
739 2487 793 2518 hac
808 2496 899 2525 parte:

317 2525 424 2556 Βὶἂυε
439 2525 598 2565 Henricus,
614 2525 741 2564 quodam
755 2535 838 2556 motu
855 2524 997 2557 excessivo
1003 2549 1012 2564 ,
1032 2526 1065 2557 &
1079 2526 1177 2555 animo
1195 2524 1268 2564 quasi
1284 2526 1350 2555 irre-

281 2565 406 2632 veiienti,
422 2564 502 2633 dlidto
517 2564 652 2595 Domino
665 2564 741 2604 Regi
756 2563 896 2604 respondit
911 2563 1027 2604 saepius,
1043 2564 1124 2604 quod
1138 2564 1188 2594 sibi
1204 2564 1349 2595 consulere

281 2612 322 2634 no
333 2612 373 2634 uit
386 2613 417 2633 m
452 2613 484 2634 ac
535 2612 589 2634 rte:

318 2641 369 2672 De
409 2641 443 2672 ua
456 2613 653 2681 Reissonfione
674 2641 750 2672 idem
765 2640 911 2672 Dominus
927 2640 993 2671 Rex
1007 2648 1173 2672 commotus
1187 2664 1197 2679 ,
1212 2642 1350 2681 praecepit

279 2680 360 2711 dieto
376 2651 508 2711 &enrico
524 2681 602 2720 quod
615 2680 784 2712 Concilium
797 2681 878 2712 suum
892 2682 992 2711 exiret:

315 2718 353 2749 Et
366 2719 442 2750 idem
458 2719 615 2758 Henricus,
633 2720 765 2750 exeundo
780 2719 949 2750 Concilium
965 2742 975 2759 ,
992 2718 1062 2750 dixit
1076 2718 1168 2749 modo
1183 2728 1243 2757 quo
1257 2719 1348 2758 prius,

279 2756 314 2800 βε
329 2758 410 2826 qugd
424 2757 486 2796 plus
507 2757 557 2788 fibi
567 2757 688 2798 placeret
700 2769 716 2790 a
737 2758 818 2790 dicito
832 2757 969 2789 Concilio
983 2757 1135 2797 absentari,
1152 2759 1236 2797 quam
1254 2757 1348 2788 eidem

281 2803 369 2825 intere
395 2806 429 2826 e:

318 2834 410 2871 Super
445 2834 525 2865 uibus
536 2835 614 2866 idem
629 2834 775 2866 Dominus
793 2834 860 2866 Rex
882 2836 1001 2874 praefatis
1015 2834 1198 2875 Magnatibus
1210 2858 1220 2874 ,
1237 2835 1271 2865 &
1290 2835 1349 2865 aliis

280 2871 318 2902 de
338 2872 434 2903 Conci
446 2874 475 2903 io
493 2873 542 2904 suo
555 2896 565 2912 ‚
582 2873 689 2904 ibidem
707 2872 905 2913 existentibus,
921 2875 1060 2914 praecepit
1075 2874 1156 2913 quod
1173 2873 1348 2905 consulerent

279 2909 315 2940 de
334 2910 451 2948 Judicio
471 2912 602 2942 faciendo
621 2912 656 2942 de
674 2912 755 2942 disto
773 2910 906 2944 Henrico
926 2915 956 2943 in
970 2913 1023 2943 hac
1056 2921 1132 2950 atteg
1150 2911 1256 2942 deficut
1271 2912 1347 2942 idem

279 2948 440 2988 Henricus‚
459 2949 563 2980 Homo
575 2950 635 2980 suus
649 2951 753 2989 ligeus,
769 2950 802 2981 ὃς
815 2950 903 2989 Baro,
921 2961 953 2982 ac
966 2951 1002 2981 de
1068 2951 1155 2981 ncilio
1168 2950 1217 2981 suo
1228 2950 1347 2981 Secreto

276 2988 381 3027 juratus
400 2988 474 3026 fuit,
493 2990 526 3020 &
550 2989 693 3027 requsltUS
711 2988 746 3017 de
758 2989 934 3020 consulendo
948 2989 1028 3020 dieto
1043 2988 1179 3020 Domino
1194 2989 1288 3028 Regi,
1306 2989 1348 3020 su-

280 3035 330 3095 ffr
350 3035 429 3058 tanto
451 3028 484 3058 &
507 3036 566 3058 tam
589 3027 676 3058 arduo
698 3026 831 3066 Negotio
846 3052 856 3066 ,
875 3028 966 3068 ipsum
992 3027 1160 3057 Dominum
1182 3027 1295 3067 Regem
1314 3028 1348 3059 &

313 3074 419 3104 egnum
439 3066 519 3098 suum
542 3066 578 3096 ita
591 3065 742 3102 specialiter
756 3074 902 3104 tangente,
920 3066 1013 3096 eidem
1028 3066 1065 3096 s1c
1085 3065 1249 3104 respondet,
1267 3067 1348 3104 quod

282 3103 376 3133 eidem
391 3100 527 3135 Domino
539 3103 615 3143 Regi
630 3103 775 3135 consulere
790 3104 898 3143 noluit,
916 3104 950 3135 &
963 3104 1013 3135 alia
1025 3105 1179 3142 opprobria
1193 3103 1276 3143 dixit,
1296 3105 1348 3136 fic-

282 3150 314 3173 ut
327 3142 497 3179 praedietum
511 3142 569 3181 est,
585 3144 617 3174 &
630 3142 707 3183 quod
719 3142 865 3180 Judicium
880 3143 947 3173 illud
961 3143 1101 3173 facerent:

319 3180 374 3220 Et,
391 3181 491 3212 habito
507 3181 574 3212 inde
589 3192 638 3220 per
659 3181 750 3212 dictos
764 3180 911 3221 Magnates
930 3184 963 3214 &
979 3182 1064 3220 alios,
1081 3181 1118 3212 de
1131 3180 1267 3212 Concilio
1280 3182 1348 3214 Do-

282 3220 353 3249 mini
372 3219 417 3249 Re
438 3220 458 3249 is
470 3244 479 3259 ,
494 3220 601 3250 ibidem
613 3220 779 3257 existentes,
796 3220 913 3251 tractatu
934 3221 967 3251 &
986 3221 1186 3251 deliberatione
1198 3219 1324 3259 diligenti
1338 3245 1348 3261 ,

280 3258 399 3302 praefato
413 3228 545 3302 ἕὶςηζίςο
557 3268 654 3289 coram
668 3260 748 3302 dieto
762 3259 898 3290 Domino
915 3259 1014 3298 Rege,
1032 3259 1227 3298 Magnatibus‚
1244 3261 1278 3291 &
1291 3261 1349 3291 aliis

279 3296 441 3334 supradic‘tis
453 3297 576 3336 ibidem,
594 3297 694 3328 eodem
715 3297 777 3336 die,
797 3297 983 3335 postmodum
1005 3306 1158 3336 revocato,
1177 3296 1347 3330 Considera-

280 3343 345 3365 tum
368 3334 408 3364 est
429 3345 479 3375 per
497 3336 563 3366 alios
583 3335 620 3366 de
639 3335 777 3366 Concilio
799 3336 958 3374 supradicto
972 3359 981 3374 ,
999 3337 1079 3375 quod
1096 3337 1189 3367 dietus
1201 3337 1346 3370 Henricus

280 3374 475 3405 committatur
488 3373 610 3405 Prisonae
624 3385 678 3413 pro
691 3383 861 3412 contemptu
875 3375 1113 3406 &inobedientia
1126 3375 1293 3414 supradietis.

319 3450 422 3481 Postea
436 3449 579 3481 Henricus
590 3451 626 3481 de
640 3450 749 3491 Percy,
767 3451 933 3491 Radulphus
946 3452 983 3482 de
1000 3452 1101 3482 Nevill
1118 3475 1127 3491 ,
1142 3452 1247 3484 Simon
1259 3453 1346 3483 VVar-

281 3489 333 3527 de,
349 3489 492 3519 Henricus
507 3489 590 3520 Filius
608 3489 742 3525 Hugonis
757 3513 765 3528 ,
784 3490 915 3530 Rogetus
927 3490 963 3520 de
977 3489 1144 3529 Somervill,
1163 3492 1197 3522 &
1214 3492 1345 3523 Thomas

282 3528 421 3565 Ugthred
434 3528 469 3558 de
483 3527 631 3558 Comitatu
648 3528 791 3558 Eborum:
808 3529 841 3559 ὃ(
856 3528 1031 3559 Willielmus
1044 3529 1146 3568 Ride1‚
1164 3531 1198 3560 ὃς
1214 3530 1345 3561 Thomas

283 3567 363 3607 Grey
378 3567 414 3597 de
430 3566 579 3601 Comitatu
592 3565 1065 3605 Northumbriae3manuceperunt
1100 3568 1248 3599 raedietum
1260 3569 1344 3600 Hen-

283 3606 375 3636 ticum
390 3605 426 3636 de
438 3605 516 3636 Bello
530 3605 652 3643 Monte,
670 3604 817 3644 videlicet,
832 3606 948 3644 quilibet
963 3615 1063 3636 eorum
1121 3616 1185 3644 rpus
1199 3616 1253 3645 pro
1267 3607 1344 3638 Cor-

281 3654 351 3682 pore
365 3667 375 3683 ,
390 3644 510 3675 habendi
531 3654 596 3675 eum
617 3653 716 3674 coram
737 3643 872 3674 Domino
889 3643 975 3682 Rege
993 3667 1003 3683 ,
1022 3645 1053 3675 in
1073 3645 1178 3675 eodem
1197 3645 1268 3676 statu
1285 3656 1343 3685 quo

280 3692 358 3713 nunc
375 3681 432 3722 est,
451 3692 521 3714 cum
537 3683 603 3714 inde
617 3683 718 3714 fuerint
734 3683 903 3720 praemuniti.

278 3832 391 3863 Forma
407 3832 526 3877 ‘Treugae
541 3857 551 3873 ‚
571 3841 626 3876 per
649 3827 807 3875 tresdecem
834 3829 956 3871 Annos,
982 3828 1027 3861 ad
1043 3829 1257 3876 requi'sttionem
1279 3833 1340 3864 Ro-

587 3876 664 3911 berti
672 3877 720 3920 *de
735 3880 812 3911 Brus
822 3903 832 3919 ,
857 3875 1028 3911 accordatae.

335 3960 441 4029 {lRoi
460 3973 477 3995 a
493 3972 565 3996 touz
584 3973 656 3996 ceux
669 3987 679 4003 ,
703 3963 751 4003 qui
772 3961 859 3993 cestes
878 3961 1015 4002 presentes
1033 3969 1150 3993 verront
1170 3971 1211 3994 ou
1223 3971 1338 4002 onom,

308 4008 504 4107 ὃῗῖῗιὲἶῧυεῤ
519 4050 606 4108 carne
619 4040 678 4073 Sire
694 4039 809 4072 Robert
823 4038 859 4070 de
874 4038 961 4080 Brus,
977 4038 1121 4081 nyadgairs
1133 4048 1206 4070 nous
1219 4039 1277 4071 eust
1293 4049 1337 4070 re·

355 4087 403 4106 om.
455 4099 462 4107 ι
507 4101 513 4108 ι
565 4100 573 4109 ι

1381 2008 1383 2010 -
1435 1984 1504 2024 Qe
1523 1985 1561 2015 les
1575 1985 1631 2016 dite
1652 1983 1817 2015 Soeffiance
1838 1984 1871 2014 &

1409 162 1884 209 PUBLICA.
2411 184 2463 226 73

1404 285 1467 314 nale
1513 295 1573 324 ees,
1588 287 1631 331 sur
1645 289 1683 332 les
1740 300 1812 320 erres
1824 312 1835 329 ,
1854 301 1932 322 mues
1952 300 2030 323 entre
2051 302 2122 323 nous
2135 293 2168 324 ὃ(
2190 296 2250 324 n'oz
2265 293 2368 325 suzmis
2380 294 2465 327 d'une

1405 332 1481 361 part,
1497 324 1530 355 &
1543 325 1569 356 le
1581 326 1623 357 dit
1635 327 1680 357 Sir
1723 328 1805 359 obert
1818 331 1851 360 ὅ(
1864 329 1902 360 ses
1916 330 2097 362 Adherauntz
2111 331 2217 362 d'autre
2229 340 2305 371 part:

1689 396 1729 434 Et
1745 404 1789 434 sur
1802 414 1871 443 ceo,
1889 415 1948 436 noz
1961 406 2041 438 chers
2052 408 2085 439 &
2101 407 2194 447 foia1s‚

1441 480 1546 516 Aymer
1556 477 1588 506 de
1601 477 1713 511 Valente
1727 484 1829 512 Counte
1842 482 1875 512 de
1889 483 2018 513 Pembrok
2033 484 2119 525 nostre
2137 483 2261 525 tresiltier
2274 483 2373 527 affin,

1439 515 1525 552 Hugh
1538 514 1563 544 le
1577 517 1722 558 Despenser
1736 518 1760 548 le
1792 517 1839 558 lz,

1440 553 1543 593 Mestre
1555 554 1658 584 Robert
1668 558 1699 586 de
1712 560 1755 586 Ba
1769 559 1816 587 doh·
1825 581 1834 595 ,
1852 558 2041 589 Archidiakne
2056 561 2087 590 de
2101 561 2272 602 Mia'dlefi’x,

1440 594 1483 622 W
1481 592 1569 622 illiam
1583 593 1614 622 de
1626 594 1709 624 Herle
1726 596 1873 634 Chivaler‚

1443 633 1486 660 W
1484 631 1573 660 illiam
1586 632 1618 661 de
1631 635 1802 673 Ayremynne
1818 634 1968 673 Chanoigne
1983 636 2155 679 d’Everwyk
2165 660 2175 678 ,
2188 637 2227 674 &-

1441 669 1544 708 Geffroi
1554 668 1578 698 le
1594 673 1687 709 Scrop,
1704 682 1756 702 nos
1774 672 1931 712 Messages:

1441 709 1485 737 Et
1501 707 1627 738 William
1639 710 1766 750 Evesque
1779 711 1811 740 de
1824 714 1900 740 Seint
1914 712 2059 751 Andrew,

1439 746 1554 777 Thomas
1568 747 1697 788 Randolf
1704 753 1805 779 Counte
1819 750 1851 779 de
1865 749 1995 791 Murref²

1438 784 1574 824 Johanne
1586 787 1618 816 de
1632 785 1776 817 Meneteth
1784 810 1795 827 ,

1439 823 1542 854 Robert
1558 826 1591 854 de
1603 826 1740 856 Lowedre
1753 825 1776 856 le
1790 827 1886 864 Piere,
1903 824 2066 865 chivalers,
2081 824 2119 862 &-

1438 861 1540 902 Mestre
1557 866 1671 894 quter
1687 865 1719 895 de
1732 866 1784 895 Tw
1800 864 1903 903 nham,
1923 864 2018 902 clerte,

1437 899 1579 941 Messages
1593 901 1629 933 de
1642 903 1683 934 dit
1697 903 1757 934 Sire
1802 903 1884 934 obert
1896 902 1932 933 de
1945 902 2028 940 Brus,

1438 978 1476 1008 Se
1490 977 1682 1011 aflemblasent
1701 991 1716 1011 a
1735 979 1831 1010 nostre
1852 979 1929 1010 Ville
1945 979 1982 1010 de
2002 978 2092 1009 Noef
2107 978 2230 1012 Chastiel
2249 979 2292 1011 sur
2310 981 2412 1023 Tyne²
2426 984 2461 1017 ὃς

1398 1015 1531 1057 illoeques
1543 1018 1673 1049 tretasent
1687 1019 1730 1049 sur
1746 1018 1817 1049 Pees
1829 1018 1909 1049 finale
1919 1042 1928 1057 ,
1946 1019 1989 1049 sur
2002 1018 2039 1048 les
2051 1027 2162 1057 guerres
2176 1019 2341 1050 avantdites:

1436 1055 1490 1094 Et,
1505 1065 1558 1096 pur
1570 1056 1675 1094 plusurs
1693 1056 1859 1095 difficultes,
1875 1056 2017 1094 adunques
2037 1067 2074 1086 ne
2086 1056 2208 1095 puiffent
2225 1058 2339 1088 acorder
2353 1069 2367 1089 a
2380 1058 2460 1092 finale

1396 1093 1484 1132 Pees,
1501 1095 1628 1125 meismes
1640 1096 1679 1125 les
1693 1095 1844 1135 messages,
1861 1103 1963 1126 eauntz
1975 1095 2074 1132 regard
2089 1117 2098 1133 ,
2115 1105 2170 1133 que
2184 1096 2203 1126 sl
2216 1105 2316 1135 graunt
2327 1097 2460 1137 besoigne

1397 1142 1435 1162 ne
1455 1134 1532 1172 poeit
1554 1133 1639 1164 deinz
1661 1133 1728 1164 bref
1743 1142 1832 1172 temps
1850 1133 1922 1164 estre
1940 1133 2053 1171 esploite
2067 1155 2079 1173 ,
2095 1142 2233 1164 entrerent
2252 1145 2288 1164 en
2309 1135 2411 1166 Tretiz
2425 1136 2461 1167 de

1397 1169 1521 1240 {ref’ve’
1536 1181 1553 1240 fai
1565 1172 1738 1241 l'entencion
1753 1173 1818 1212 qui,
1834 1172 1920 1203 deinz
1932 1173 1993 1203 cele
2005 1172 2128 1211 Trewe,
2146 1172 2267 1203 homme
2277 1173 2365 1211 puiffe
2378 1182 2462 1206 treter

1419 1220 1435 1240 e
1477 1220 1522 1241 ees
1556 1221 1591 1241 na
1602 1221 1631 1248 e,

1435 1247 1474 1279 Et
1486 1272 1496 1289 ,
1522 1249 1566 1280 sur
1589 1259 1643 1280 ceo
1657 1273 1667 1289 ,
1685 1249 1816 1281 vindrent
1834 1249 1872 1280 les
1892 1249 1953 1280 dirz
1974 1247 2114 1287 Messages
2132 1248 2158 1278 le
2178 1249 2220 1280 dit
2239 1249 2283 1280 Sir
2295 1250 2408 1282 Robert
2424 1250 2462 1283 de

1396 1286 1483 1326 Brus,
1501 1288 1725 1319 ensemblement
1742 1299 1798 1321 ove
1819 1297 1878 1319 noz
1897 1287 2038 1328 Meffages
2060 1287 2203 1318 avantditv.
2236 1288 2339 1320 devant
2356 1300 2429 1321 nous
2447 1300 2464 1321 a

1398 1326 1504 1367 Thorp
1518 1349 1528 1365 ‚
1545 1337 1606 1365 pres
1626 1326 1797 1367 d'Everwyk
1809 1350 1818 1365 ,
1836 1329 1870 1359 ὅς
1889 1336 1961 1357 nous
1975 1324 2141 1386 reaessuistrent
2154 1326 2197 1356 sur
2210 1311 2292 1357 ladite
2307 1327 2460 1367 besoigne3

1398 1365 1432 1395 &
1447 1365 1559 1403 illoeqes
1577 1366 1709 1397 debatues
1727 1366 1765 1396 les
1787 1365 1882 1396 choses
1895 1389 1904 1404 ,
1918 1373 1997 1396 entre
2048 1363 2145 1396 nostre
2165 1364 2270 1395 conseil
2288 1365 2371 1396 d’une
2386 1376 2460 1406 part,

1399 1404 1432 1434 δε
1452 1403 1490 1434 les
1502 1405 1561 1435 ditz
1575 1405 1708 1444 meffages
1722 1404 1862 1436 d'Escoce
1874 1404 1979 1434 d’autre
1992 1412 2070 1444 part,

1436 1441 1481 1473 Le
1505 1452 1551 1483 30.
1567 1444 1633 1482 jour
1651 1445 1687 1474 de
1703 1443 1773 1483 May
1785 1467 1795 1482 ,
1813 1443 1880 1473 l'An
1900 1443 1936 1473 de
1951 1451 2035 1481 grace
2053 1450 2136 1480 1323.
2151 1442 2185 1473 &
2199 1441 2235 1472 de
2247 1440 2346 1472 nostre
2359 1441 2408 1474 Re
2448 1454 2464 1474 e

1398 1480 1523 1512 seszisme
1535 1504 1544 1519 ,
1565 1492 1613 1520 par
1633 1482 1732 1512 Affent
1752 1482 1788 1512 de
1809 1481 1976 1520 Ercevesqes
1990 1505 2000 1520 ,
2018 1481 2176 1521 EvesqueS‚
2195 1480 2347 1520 Countes,
2365 1452 2465 1514 &ffi-

1397 1529 1463 1549 rons
1474 1520 1510 1550 de
1524 1521 1620 1551 nostre
1634 1520 1768 1551 Roialme
1783 1520 1888 1551 acorde
1903 1519 1959 1558 est,

1436 1557 1526 1589 Entre
1540 1568 1627 1597 nous,
1644 1559 1677 1589 &
1691 1569 1741 1597 pur
1757 1569 1847 1596 nouS,
1861 1559 1892 1589 ὃ(
1906 1569 1957 1599 pur
1971 1566 2032 1588 noz
2046 1565 2130 1588 terres
2141 1556 2351 1597 d’Engleterre,
2369 1558 2468 1598 Gales,

1397 1595 1575 1636 Gnscoigne,
1594 1598 1627 1628 &
1643 1597 1772 1635 Irlaund,
1791 1606 1848 1628 ove
1862 1598 1899 1627 les
1921 1605 2114 1637 apartenances
2129 1619 2139 1634 ,
2157 1597 2190 1627 δε
2205 1605 2264 1626 noz
2275 1598 2400 1636 subierz,
2418 1598 2467 1630 ad-

1396 1634 1534 1667 herauntz
1547 1658 1556 1674 2
1573 1637 1606 1667 &
1620 1636 1768 1674 aidauntz,
1786 1636 1870 1666 d’une
1884 1645 1962 1674 part,
1980 1636 2016 1678 &¹
2028 1635 2065 1664 les
2077 1634 2138 1665 ditz
2153 1632 2296 1674 Messages
2307 1635 2464 1676 d'Escoce>

1395 1682 1449 1711 pur
1462 1674 1488 1704 le
1500 1675 1541 1705 dit
1554 1674 1616 1704 Sire
1632 1673 1745 1705 Robert
1759 1674 1794 1704 de
1809 1673 1892 1712 Brus,
1910 1673 1947 1704 ses
1960 1673 2082 1711 subietz,
2100 1672 2306 1712 adherantz‚&
2317 1673 2467 1714 aidauntz,

1394 1713 1429 1742 ὃ(
1444 1723 1496 1749 pur
1512 1713 1534 1744 la
1550 1721 1621 1743 terre
1633 1713 1789 1751 dEscoce,
1807 1722 1864 1742 ove
1877 1713 1916 1742 les
1927 1721 2122 1750 apartenances
2137 1735 2147 1748 .,
2163 1710 2270 1742 d'autre
2282 1723 2359 1752 part,

1433 1752 1597 1783 Soeffrance
1619 1752 1656 1782 de
1675 1761 1773 1791 guerre
1788 1775 1797 1790 ,
1819 1751 1853 1781 &
1875 1750 1993 1782 Triewe
2004 1774 2014 1789 ‚
2033 1760 2048 1780 a
2069 1750 2153 1780 durer
2174 1759 2276 1790 tanque
2288 1761 2302 1780 a
2316 1751 2464 1783 douzisme

1393 1790 1458 1827 jour
1477 1790 1513 1821 de
1527 1790 1603 1830 Juyn
1624 1791 1770 1828 prelchein
1783 1790 1878 1820 avenir
1893 1812 1904 1828 ‚
1922 1790 1955 1820 ὃ(
1970 1790 2007 1819 de
2018 1787 2062 1819 cel
2074 1789 2141 1826 jour
2156 1798 2204 1825 par
2215 1789 2303 1820 tresze
2315 1799 2389 1820 aunz
2400 1801 2464 1831 pre-=

1395 1828 1493 1859 schein
1507 1830 1622 1860 suauntz
1633 1830 1808 1867 pleinement
1822 1829 1982 1866 acompliz,
1992 1827 2018 1857 le
2033 1827 2140 1858 darrein
2154 1828 2216 1864 jour
2230 1829 2266 1859 de
2280 1828 2396 1860 meisme
2410 1830 2468 1860 cel:

1397 1867 1485 1898 tresze
1497 1877 1571 1900 aunz
1583 1869 1680 1898 enclos
1696 1869 1783 1899 deinz
1793 1868 1830 1897 les
1844 1866 2011 1897 Soeffrance
2023 1866 2056 1896 &c
2070 1865 2178 1897 Trewe
2187 1889 2197 1904 ,

1434 1905 1493 1937 Pur
1513 1907 1688 1947 pleinement
1703 1930 1713 1946 ,
1733 1906 1939 1937 endementiers
1955 1928 1965 1944 ,
1982 1913 2067 1935 treter
2087 1904 2129 1934 sur
2150 1903 2232 1934 finale
2254 1902 2340 1945 Pecs,
2359 1905 2468 1938 ficotne

1395 1943 1438 1974 est
1451 1946 1546 1984 susdit‚
1565 1946 1608 1977 sur
1623 1946 1660 1977 les
1674 1945 1859 1982 condicions,
1898 1945 1926 1974 ui
1942 1943 2095 1981 s'ensuent,
2114 1943 2182 1973 c’est
2195 1952 2210 1972 a
2223 1942 2315 1981 saver3

1450 2020 1452 2022 ι
1917 1993 1993 2014 rewe
2008 1982 2095 2012 soient
2111 1990 2198 2012 tenuz
2213 1981 2247 2011 &
2266 1981 2381 2021 gardes,
2400 1983 2466 2014 bien

1395 2024 1430 2056 δε
1445 2025 1634 2063 pleinement,
1648 2032 1726 2054 entre
1738 2033 1810 2053 nous
1846 2022 1879 2052 &
1893 2031 1952 2053 noz
1966 2021 2090 2059 subietz,
2108 2020 2258 2051 adherant-z
2272 2042 2282 2058 ‚
2300 2020 2334 2051 ὅ(
2354 2021 2463 2052 aidantz

1396 2061 1483 2101 d’une
1496 2071 1574 2102 part,
1589 2062 1622 2092 &
1638 2061 1665 2092 le
1679 2061 1720 2093 dit
1732 2061 1792 2091 Sire
1811 2044 1925 2090 Robert
1943 2060 1979 2090 de
2002 2059 2087 2096 BruS,
2103 2058 2140 2089 ses
2154 2058 2278 2096 subietz,
2294 2058 2464 2099 adherantz‚

1396 2101 1430 2131 δε
1451 2101 1582 2131 aidauntz
1601 2100 1706 2131 d'autre
1728 2108 1787 2138 part
1802 2110 1812 2137 3
1830 2099 1881 2136 &‚
1900 2098 1920 2128 fi
1939 2097 2017 2128 Dieu
2039 2098 2087 2128 fait
2099 2097 2124 2127 sa
2140 2097 2260 2127 volunte
2273 2096 2309 2127 de
2325 2108 2416 2137 nous,
2431 2099 2464 2130 &

1394 2139 1434 2169 du
1447 2140 1487 2170 dit
1500 2139 1559 2170 Sire
1573 2138 1707 2178 Robert,
1720 2148 1761 2171 ou
1774 2138 1831 2169 l'un
1846 2138 1883 2168 de
1901 2147 1972 2167 nous
1984 2160 1994 2176 ,
2013 2136 2135 2167 dedeinz
2147 2135 2185 2166 les
2200 2135 2261 2166 ditz
2275 2135 2360 2166 tresze
2374 2147 2466 2176 aunz,

1394 2177 1554 2218 jadumeyns
1574 2178 1674 2208 durent
1696 2179 1734 2207 les
1758 2177 1828 2208 dites
1849 2176 2015 2207 Soeffrance
2033 2176 2066 2206 &
2089 2174 2197 2205 Trewe
2218 2182 2298 2204 entre
2319 2175 2356 2205 les
2377 2184 2464 2207 terres

1394 2216 1605 2255 d'Engleterre‚
1622 2215 1724 2254 Gales,
1745 2215 1925 2254 Gascoigne,
1941 2215 1973 2245 ὃς
1987 2213 2115 2252 Irlaund‚
2133 2213 2166 2244 ὃ(
2182 2212 2219 2242 les
2233 2213 2387 2252 poeplesde
2401 2224 2468 2254 yce·

1395 2255 1434 2285 les
1460 2256 1544 2286 d'une
1561 2263 1621 2295 part
1632 2279 1641 2293 ,
1665 2255 1698 2285 &
1716 2255 1742 2293 la
1762 2254 1822 2284 dite
1844 2262 1915 2283 terre
1926 2252 2070 2296 *d’Escoce
2082 2274 2092 2290 ,
2108 2252 2141 2283 &
2161 2251 2186 2281 le
2201 2251 2302 2295 poeple
2315 2252 2352 2284 de
2363 2253 2442 2292 ycele
2455 2276 2466 2293 ,

1395 2294 1499 2362 diautre
1515 2302 1592 2334 part,
1607 2302 1711 2332 tanque
1723 2303 1738 2324 a
1753 2292 1778 2323 la
1791 2291 1831 2323 fin
1843 2292 1891 2322 des
1904 2291 1964 2322 ditz
1976 2291 2063 2323 tresze
2076 2298 2152 2321 annz
2164 2289 2341 2331 plemement
2360 2301 2461 2324 acom-

1425 2342 1460 2362 iz.

1394 2342 1413 2372 p
1431 2371 1500 2402 lm
1510 2379 1554 2411 M,
1572 2370 1687 2402 Acorde
1702 2371 1743 2401 est
1764 2380 1819 2410 que
1834 2369 1974 2401 chescune
1989 2378 2104 2399 manere
2117 2367 2154 2399 de
2169 2377 2247 2399 occu
2267 2368 2350 2398 acion
2365 2369 2399 2399 &
2414 2368 2464 2399 des

1394 2410 1545 2451 purprises,
1566 2410 1642 2440 faites
1657 2420 1692 2440 en
1709 2419 1767 2440 noz
1780 2410 1848 2440 dites
1867 2418 1951 2439 terres
1965 2407 2159 2446 d'Engleterre
2175 2429 2186 2446 ,
2204 2405 2253 2436 Ga
2265 2416 2318 2450 εξ,
2341 2405 2465 2439 ΟιΓεοίε

1393 2457 1449 2487 gne
1465 2472 1474 2487 ,
1492 2449 1525 2479 &
1546 2447 1657 2479 Irlaund
1671 2471 1682 2487 ,
1698 2458 1738 2478 ou
1754 2449 1803 2478 nul
1816 2447 1852 2477 de
1864 2448 1926 2477 lour
1939 2455 2136 2486 apartenances
2151 2468 2161 2484 ‚
2177 2454 2226 2483 par
2238 2445 2264 2475 le
2275 2444 2316 2475 dit
2328 2445 2387 2476 Sire
2400 2446 2467 2476 Ro-

1394 2488 1455 2518 bert
1474 2487 1510 2518 de
1529 2487 1597 2518 Brus
1609 2511 1619 2527 ,
1637 2498 1677 2518 ou
1700 2497 1748 2527 par
1768 2487 1807 2517 les
1819 2486 1896 2517 soens
1909 2497 1920 2525 3
1938 2486 1971 2516 δε
1985 2484 2053 2516 auffi
2069 2495 2104 2515 en
2119 2485 2144 2514 la
2156 2484 2215 2514 dite
2228 2491 2300 2513 terre
2312 2483 2465 2522 d’Escoce‚

1391 2536 1431 2557 ou
1450 2527 1498 2557 nul
1518 2527 1553 2556 de
1571 2526 1609 2557 ses
1629 2535 1826 2564 apartenances
1841 2548 1851 2563 ,
1865 2535 1914 2563 par
1941 2534 2032 2562 nous,
2050 2533 2090 2554 ou
2105 2528 2163 2563 par}
2170 2522 2208 2553 les
2220 2531 2280 2553 noz
2313 2522 2402 2554 soient
2421 2532 2466 2555 re-

1393 2574 1489 2604 mues,
1509 2566 1541 2596 &
1558 2565 1594 2595 de
1609 2574 1652 2596 tut
1665 2565 1758 2595 oustes
1773 2564 1859 2594 deinz
1873 2565 1899 2594 le
1913 2562 2057 2593 douzisme
2071 2563 2138 2601 jour
2149 2561 2185 2600 Ju
2207 2571 2227 2591 n
2242 2545 2371 2592 suffiscrit.

1428 2602 1442 2634 I
1451 2614 1473 2635 T
1483 2614 1500 2634 E
1510 2612 1537 2634 Μ
1547 2627 1556 2642 ,
1575 2604 1604 2634 Si
1617 2604 1664 2634 nul
1678 2604 1759 2643 point
1774 2604 1868 2633 chiete
1885 2612 1923 2632 en
1939 2602 2039 2640 debat,
2059 2611 2114 2639 que
2126 2600 2151 2631 al
2166 2610 2185 2630 o
2208 2599 2341 2630 servance
2355 2599 2403 2631 des
2418 2600 2461 2631 di-

1391 2651 1431 2673 tes
1445 2643 1597 2674 soeffrance
1619 2643 1651 2673 ὃς
1667 2651 1754 2673 trewe
1766 2650 1868 2681 appent
1910 2641 1961 2672 soit
1975 2640 2087 2670 esclares
2101 2662 2112 2678 ,
2129 2649 2165 2670 en
2181 2640 2259 2669 bone
2272 2639 2314 2682 foi
2329 2639 2362 2670 δε
2376 2639 2461 2671 saunz

1392 2681 1463 2712 delai
1478 2707 1488 2722 ,
1505 2692 1553 2719 par
1573 2682 1610 2712 les
1633 2681 1772 2711 Gardeins
1792 2683 1828 2712 de
1846 2664 1920 2711 celes
1938 2677 2092 2710 soeffrance
2106 2679 2140 2710 &
2156 2678 2244 2708 treive
2258 2700 2269 2717 ,
2286 2685 2462 2722 loyntement

1391 2721 1475 2751 d’une
1491 2729 1549 2759 part
1563 2743 1572 2759 ‚
1591 2720 1624 2751 &
1644 2719 1768 2757 d'autre,
1788 2721 1821 2751 ὃ(
1841 2742 1851 2757 ,
1869 2719 1889 2749 si
1904 2728 1952 2756 par
1965 2727 2035 2748 eaux
2052 2728 2088 2747 ne
2106 2726 2174 2755 poet
2188 2715 2258 2746 estre
2271 2715 2337 2753 fait,
2354 2716 2407 2748 soit
2420 2726 2464 2748 re-

1393 2769 1492 2797 portez
1508 2770 1523 2790 a
1536 2769 1624 2797 nous,
1644 2760 1678 2790 &
1691 2770 1725 2790 au
1741 2758 1782 2789 dit
1793 2758 1854 2789 Sire
1868 2757 1984 2787 Robert
1997 2755 2033 2786 de
2046 2755 2128 2793 Brus,
2147 2756 2180 2786 &
2195 2754 2307 2785 esclares
2316 2765 2364 2794 par
2370 2765 2461 2793 nom,

1393 2800 1426 2830 &
1449 2809 1496 2837 par
1516 2799 1543 2839 ly
1556 2821 1566 2837 ,
1584 2799 1618 2829 ὅτ.
1639 2808 1688 2837 par
1708 2807 1767 2828 noz
1788 2795 1941 2827 Counseals
1954 2819 1964 2832 ,
1985 2795 2019 2828 &
2036 2804 2084 2832 par
2105 2795 2142 2824 ses
2165 2792 2337 2838 Counsfflls,
2355 2803 2394 2825 ou
2411 2802 2461 2834 par

1392 2836 1492 2868 Gentz
1505 2848 1520 2868 a
1534 2847 1588 2868 ceo
1602 2836 1734 2875 deputiez
1748 2836 1831 2866 d'une
1846 2842 1905 2873 part
1919 2834 1952 2864 δε
1965 2830 2093 2872 d’autre3
2108 2833 2147 2864 les
2159 2832 2230 2864 dites
2242 2839 2328 2865 trewe
2341 2833 2375 2864 δε
2389 2833 2462 2864 soef-

1392 2876 1489 2907 france
1502 2884 1572 2906 touz
1580 2876 1658 2914 jours
1671 2874 1818 2905 durauntes
1832 2883 1868 2902 en
1882 2873 1944 2903 lour
1957 2880 2062 2903 vertue.

1427 2914 1535 2946 ITEM
1550 2938 1560 2952 ,
1585 2914 1635 2953 Q
1655 2913 1721 2945 nule
1741 2912 1764 2942 F
1766 2912 1907 2943 orturesce
1925 2910 2047 2942 soit-fait
2059 2933 2069 2950 ,
2084 2919 2120 2940 ne
2141 2907 2264 2940 redresce
2281 2908 2318 2940 de
2340 2908 2461 2948 nouele,

1391 2953 1474 2984 d’une
1482 2962 1541 2993 part
1559 2963 1595 2983 ne
1602 2954 1724 2990 d'autre3
1741 2951 1799 2982 cest
1812 2962 1827 2982 a
1841 2950 1932 2989 saver,
1949 2950 2035 2980 deinz
2045 2950 2082 2980 les
2095 2958 2196 2986 terres,
2212 2956 2366 2979 contenues
2384 2956 2461 2979 entre

1391 2991 1501 3024 Escoce
1515 3015 1524 3030 ,
1543 2993 1576 3022 ὅ(
1596 2991 1693 3022 l’entre
1712 2990 1749 3021 de
1767 2989 1856 3030 Tyne
1879 2999 1915 3019 en
1928 2989 1952 3019 la
1979 2987 2081 3026 Meer,
2097 2988 2130 3019 &
2144 2987 2201 3017 Cnsl
2216 2987 2315 3018 solonc
2329 2987 2409 3018 l'ewe
2422 2985 2460 3017 de

1391 3030 1478 3069 Tyne
1500 3040 1602 3070 tanque
1622 3041 1636 3060 a
1658 3029 1815 3069 Suthtyne,
1832 3038 1868 3058 ne
1885 3038 1921 3058 en
1936 3027 1960 3058 la
1975 3036 2046 3058 terre
2058 3027 2093 3058 de
2107 3025 2309 3065 Suthtyndale,
2328 3035 2364 3055 ne
2378 3034 2413 3054 en
2431 3024 2459 3055 le

1391 3068 1510 3100 Counte
1531 3069 1566 3099 de
1587 3067 1782 3099 Cumberlantl
1797 3090 1807 3106 ,
1825 3067 1910 3100 deinz
1931 3066 2100 3097 fraunchises
2122 3075 2158 3095 ne
2172 3064 2274 3094 dehors
2288 3087 2298 3102 ‚
2314 3064 2347 3102 &
2361 3061 2459 3093 devers

1390 3107 1501 3139 Escoce
1516 3118 1551 3138 en
1564 3109 1601 3138 les
1615 3107 1785 3138 Viscountes
1796 3106 1832 3137 de
1848 3105 2000 3146 Berewyk,
2018 3103 2228 3146 Rokesburgh,
2245 3101 2456 3145 & Dounfreffi

1391 3146 1474 3177 deinz
1489 3146 1667 3177 Fraunchises
1681 3169 1689 3185 ,
1708 3156 1743 3176 ne
1757 3145 1880 3184 dehors,
1899 3145 1982 3176 sauve
2001 3143 2038 3174 les
2052 3143 2226 3173 Forterelces
2241 3149 2288 3178 qui
2305 3139 2388 3171 sount
2402 3139 2456 3170 fai-

1390 3194 1431 3216 tes
1466 3195 1505 3216 ou
1521 3196 1555 3215 en
1570 3186 1676 3216 fesaunt
1690 3196 1705 3215 a
1718 3195 1779 3216 ore.

1428 3209 1554 3263 l'TEM,
1575 3225 1642 3263 Qe
1656 3224 1705 3254 nul
1718 3223 1754 3254 de
1771 3222 1888 3260 suzmis,
1906 3221 1989 3252 d'une
2025 3227 2082 3257 art,
2098 3228 2134 3248 ne
2152 3217 2271 3261 dfautre‚
2288 3224 2456 3262 entrecotn-

1391 3272 1511 3295 munent
1523 3289 1532 3303 ,
1551 3264 1578 3295 fil
1595 3274 1631 3294 ne
1645 3262 1697 3294 soit
1712 3273 1759 3300 par
1773 3271 1866 3302 conge
1883 3271 1922 3291 ou
1935 3270 1993 3291 con
2015 3267 2044 3289 ut
2058 3280 2068 3296 ,
2084 3257 2192 3295 forspns
2207 3256 2245 3286 les
2260 3254 2401 3286 Gardeins
2417 3254 2454 3284 de

1391 3301 1576 3334 Soeffraunce
1590 3303 1623 3333 &
1637 3310 1724 3333 trewe
1739 3300 1926 3337 avauntdites3
1944 3298 1991 3338 qui
2006 3298 2031 3327 se
2047 3303 2183 3335 purrount
2204 3302 2453 3325 entrecommuner

1388 3341 1431 3372 sur
1445 3342 1482 3373 les
1495 3341 1629 3373 Marches
1643 3364 1652 3379 ,
1672 3351 1711 3371 ou
1732 3340 1779 3380 q'il
1794 3339 1917 3371 vodront
1931 3337 2055 3367 fesauntz
2068 3335 2130 3365 lour
2147 3332 2269 3372 Office,
2285 3333 2369 3363 saunz
2380 3340 2453 3362 cou-

1388 3388 1424 3419 ge
1437 3391 1475 3412 ou
1491 3380 1599 3412 condut
1613 3379 1795 3410 demaunder.

1426 3418 1471 3450 Ιτ
1481 3428 1499 3449 E
1509 3428 1554 3458 M,
1573 3417 1735 3450 S’ilavenist
1750 3426 1805 3455 que
1819 3416 1857 3446 les
1872 3413 1948 3445 neefs
1960 3412 2114 3449 d'Escoce,
2130 3420 2178 3455 par
2191 3408 2312 3447 tempest
2320 3407 2440 3451 demeer

1386 3457 1499 3489 fuissent
1520 3458 1626 3489 chacez
1640 3481 1649 3496 ,
1667 3467 1706 3487 ou
1726 3455 1866 3486 briss‘asent
1885 3453 1969 3483 deinz
1988 3450 2083 3482 nostre
2096 3460 2192 3488 poert,
2208 3449 2290 3479 &les
2306 3446 2400 3490 neefS,
2416 3456 2450 3476 ι-

1386 3497 1439 3527 sint
1462 3496 1580 3527 briffeez
1594 3519 1604 3535 ,
1621 3506 1657 3526 ne
1680 3496 1717 3525 les
1737 3495 1815 3524 biens
1833 3493 1881 3533 qui
1904 3492 2007 3522 serront
2021 3498 2134 3533 trouez,
2154 3497 2190 3517 ne
2203 3483 2414 3525 appartemssent
2433 3493 2449 3515 a

1386 3545 1476 3574 nouS,
1495 3546 1531 3566 ne
1545 3546 1560 3566 a
1574 3543 1649 3564 autre
1663 3534 1699 3564 de
1713 3532 1807 3563 nostre
1823 3531 1917 3568 poeir,
1934 3530 2030 3560 solone
2047 3528 2080 3556 lei
2095 3526 2130 3556 de
2146 3524 2258 3562 Wrek‚
2275 3522 2398 3562 adonqes
2410 3522 2450 3553 les

1386 3575 1463 3605 neefs
1481 3574 1556 3605 iffint
1578 3573 1721 3603 chacheez
1735 3594 1744 3610 ‚
1771 3581 1810 3601 ou
1831 3569 1949 3599 brilleez
1968 3592 1979 3605 ‚
2000 3564 2225 3606 ensemblenient
2242 3571 2298 3606 oue
2318 3569 2391 3605 touz
2410 3561 2449 3600 les

1386 3613 1465 3644 biens
1478 3635 1488 3651 ,
1511 3612 1600 3643 soient
1623 3611 1739 3641 delivres
1761 3619 1777 3639 a
1800 3609 1839 3638 les
1859 3608 1960 3637 Gentz
1979 3603 2116 3633 d'Eicoce
2130 3624 2139 3639 ‚
2155 3611 2176 3644 *a
2198 3610 2227 3639 ql
2240 3599 2272 3630 ils
2289 3599 2422 3630 serroient
2436 3621 2448 3639 ,

1383 3650 1469 3682 saunz
1484 3649 1713 3691 empeschement
1731 3655 1830 3678 mettre
1850 3655 1887 3675 en
1902 3645 1937 3688 les
1958 3642 2051 3680 Corps
2070 3640 2117 3670 des
2133 3640 2202 3670 dites
2216 3638 2316 3669 Gentz
2330 3660 2343 3677 ‚v
2357 3647 2396 3668 ou
2409 3648 2446 3669 en

1384 3689 1422 3720 les
1434 3690 1510 3721 neefs
1549 3700 1588 3720 ou
1603 3699 1639 3719 en
1652 3689 1689 3717 les
1702 3688 1780 3717 biens
1794 3682 1955 3720 lavantdit‘z3
1974 3679 2075 3710 auffint
2088 3678 2107 3709 sl
2122 3678 2187 3707 nule
2201 3676 2282 3716 neef,
2297 3685 2374 3721 autre
2382 3686 2444 3721 ‘que

1383 3713 1533 3759 d'Escoce'
1555 3738 1590 3758 en
1605 3727 1630 3757 la
1642 3725 1724 3763 quele
1737 3724 1825 3753 soient
1837 3722 1936 3752 Gentz
1949 3718 2104 3755 d'Escoce‚
2119 3716 2154 3759 de
2167 3715 2260 3754 queles
2273 3714 2444 3746 condicions

1404 3767 1442 3797 ’ils
1456 3751 1546 3798 soien’t
1576 3775 1614 3795 ou
1626 3765 1708 3795 ascun
1723 3761 1861 3792 d'Escoce
1873 3760 1911 3788 eit
1925 3768 1961 3787 en
1976 3756 2037 3786 cele
2046 3755 2200 3799 neef'biens
2213 3764 2260 3798 ou·
2269 3752 2445 3784 Marchaun·

1383 3777 1451 3836 gises
1485 3806 1536 3836 soit
1549 3789 1671 3840 chacee,
1689 3810 1728 3830 ou
1740 3798 1839 3830 briss‘ee
1853 3797 1938 3827 deinz
1951 3794 2047 3825 nostre
2059 3802 2137 3838 poeir
2168 3803 2207 3823 ou
2221 3791 2289 3832 prise
2303 3792 2348 3823 sur
2356 3791 2443 3822 Meer

1383 3854 1431 3882 par
1449 3828 1486 3873 l’es
1506 3851 1564 3872 noz
1577 3864 1586 3880 ,
1601 3841 1639 3871 les
1658 3839 1758 3868 Gentz
1772 3860 1782 3875 ,
1807 3837 1840 3867 &
1857 3836 1892 3865 les
1912 3835 1990 3864 biens
2005 3855 2015 3872 ,
2032 3842 2081 3871 qut
2101 3816 2441 3875 reignablementserrqnt

1381 3890 1475 3913 troues
1491 3880 1628 3911 d’Escoce
1640 3901 1649 3916 ,
1665 3877 1752 3907 soient
1769 3874 1884 3905 delivres
1896 3896 1906 3912 ,
1925 3873 2009 3903 saunz
2023 3869 2251 3908 empeschement
2263 3893 2273 3908 ,
2292 3869 2312 3900 si
2326 3869 2364 3899 les
2379 3869 2439 3913 ditz

1380 3922 1459 3952 biens
1470 3930 1506 3950 ne
1518 3915 1711 3959 aparteniffent
1723 3924 1739 3944 a
1753 3923 1842 3951 nous,
1859 3922 1898 3942 ou
1910 3921 1926 3941 a
1939 3919 2018 3954 autre*
2029 3908 2065 3939 de
2080 3908 2174 3939 nostre
2187 3909 2285 3947 poeir,
2293 3917 2343 3951 par
2357 3907 2393 3951 lei
2401 3907 2436 3937 de

1379 3958 1474 3989 Wrek
1509 3958 1614 3988 ficome
1629 3954 1706 3985 desus
1718 3951 1761 3982 est
1777 3952 1819 3982 dit
1833 3963 1844 3989 3
1863 3951 1897 3981 &
1913 3959 1949 3979 en
1965 3947 2079 3978 meisme
2092 3947 2117 3977 la
2132 3956 2246 3977 manere
2260 3947 2312 3977 sort
2326 3945 2375 3976 fait
2387 3946 2439 3976 den

1380 3981 1490 4027 Gentz⁹
1500 3996 1533 4027 &
1555 3993 1728 4025 Marchantz
1741 4014 1752 4029 ,
1770 3990 1893 4020 reseantz
1907 3988 1994 4018 deinz
2006 3987 2031 4016 la
2046 3995 2119 4017 terre
2130 3984 2268 4016 d’Escoce
2279 4006 2289 4022 ,
2305 3984 2340 4014 de
2357 3985 2439 4052 &ele

2395 4031 2436 4050 ar-

1378 4035 1414 4066 N
1415 4036 1498 4066 acion
1513 4033 1574 4072 q'ils
1594 4032 1701 4069 soient,
1717 4030 1752 4062 δε
1764 4028 1800 4060 de
1814 4028 1878 4096 lio<ur
1891 4028 1987 4065 biens,
2001 4025 2036 4056 &
2049 4034 2104 4065 que
2118 4024 2157 4056 les
2170 4023 2231 4056 ditz
2245 4022 2438 4095 Gffiizaundu

436 252 477 281 uia
493 253 574 282 nobis
586 253 716 284 nondum
731 262 780 291 per
794 262 844 282 vos
862 253 986 283 innotuit
1001 260 1094 283 utrum
1107 249 1301 281 Collationern
1315 256 1369 277 no-
1406 247 1466 285 quis
1505 258 1534 277 er
1553 248 1592 279 ses
1613 249 1704 281 lettres
1717 274 1727 289 ,
1746 253 1780 283 ὃ(
1795 263 1844 292 per
1859 254 1884 283 le
1896 252 1958 284 Sire
1970 253 2009 284 de
2023 252 2090 294 Suly
2102 276 2113 292 ,
2129 253 2165 285 de
2177 253 2279 285 Tretiz
2292 255 2371 286 avoir
2381 255 2418 287 de
2431 256 2465 287 fi-
2479 252 2556 284 Ann.

2503 301 2562 332 ¹32

2483 333 2550 362 Ἐάν.

2478 1377 2494 1394 ⁴*
2509 1377 2562 1406 111„

2482 1424 2562 1452 1023.
