2562 4279
17 240 97 274 'Ann.
113 238 154 270 D.

18 287 136 356 ,ξιξ-ἓξ.

19 389 72 414 A„-
88 394 116 419 9,
175 376 316 441 REX,
332 374 452 405 Dilersto
466 373 499 403 &
513 371 602 402 Fideli
617 370 684 409 suo,
702 369 866 400 willielmo
879 368 1011 408 Truffel,
1027 368 1162 401 Salutem.

20 429 44 451 Ε
74 434 85 460 3

19 447 80 490 Par.
92 446 124 496 ι9.

19 505 97 567 fn}
109 506 155 573 ἔρ,
173 531 336 563 niverlitatis
355 527 459 560 nostrae
480 527 621 564 Oxoniae,
639 525 738 556 colore
756 524 942 562 quarumdam
958 524 1191 561 Diffensionum,
1211 523 1240 551 in

19 578 73 605 dor.

41 2571 59 2593 0
77 2572 129 2604 IV.

42 2614 111 2652 539·

43 3130 150 3190 A¹n335
196 3146 265 3175 mini
285 3144 436 3182 Edwardi,
454 3154 544 3182 nuper
565 3142 655 3179 Regis
677 3141 806 3180 Angliae,
824 3140 881 3170 Avi
903 3140 992 3171 nostri
1007 3165 1017 3180 ,
1035 3141 1070 3172 de

44 3221 132 3275 Ciauj.
150 3246 180 3272 9.

98 3287 123 3312 3.
135 3286 169 3304 m.

90 3336 97 3342 .
111 3314 172 3352 dois.

172 134 255 173 124

345 292 394 324 De
407 286 524 323 Studiis
538 284 620 332 apud
636 282 807 329 Stctunford
818 296 875 316 non
891 282 1072 317 exercendis.

277 414 372 445 Sciatis
387 411 467 451 quod
475 434 487 450 ,

212 453 292 484 Ci'irn
307 461 412 490 nuper,
531 488 536 493 Π
930 486 936 491 υ
979 487 984 492 Π

212 492 292 523 Dato
312 491 396 521 nobis
419 488 538 527 intelligi
561 486 644 525 quod
658 485 837 524 quamplures
854 484 984 525 Magistri
1000 486 1033 516 ὃ(
1049 485 1177 516 Scolares
1189 482 1240 514 U-

172 569 367 601 Universitate
384 566 520 605 praedicta
539 575 652 602 nuper,
670 572 700 594 ut
721 563 865 594 dicebatur
880 586 890 601 ,
917 571 1078 594 exortarum
1094 587 1104 601 ,
1130 563 1163 593 &
1183 560 1241 590 aliis

171 608 328 640 Coloribus
349 606 469 645 quaefitis
511 605 537 636 se
557 604 593 634 ab
612 602 714 634 eadem
735 601 929 632 Universitate
948 603 1117 633 retrahentes
1132 624 1141 639 ,
1167 599 1240 638 apud

171 648 278 681 Villam
290 646 326 677 de
337 628 518 676 Staunforciia
529 643 556 674 se
571 642 726 679 divertere,
745 641 779 671 &
796 640 905 671 ibidem
919 640 1052 672 Studium
1074 649 1187 677 tenere,
1207 647 1241 668 ac

170 687 263 721 Acius
284 684 456 717 Scolasticos
476 691 607 713 exercere
621 705 631 720 ,
649 680 906 720 praesumpserunt,
933 679 1052 710 Assensu
1074 678 1175 709 nostro
1193 677 1241 708 seu

174 724 309 759 Licentia
323 724 445 754 minime
460 721 611 760 requisitis,
882 757 887 762 ι
1133 756 1138 762 .

209 763 434 801 Praeceperimus
448 759 624 791 Vicecomiti
637 756 736 788 nostro
753 755 1036 796 Lincolniae,quod,
1053 756 1114 787 tiim
1130 765 1159 785 iu
1168 763 1242 798 prae-

173 803 254 836 dieta
273 802 338 833 villa
357 800 394 831 de
414 798 613 836 Staunfordia,
633 797 719 836 quam
739 795 820 833 alibi,
838 795 909 827 infra
931 795 1068 826 Ballivam
1082 794 1179 837 suam,
1192 793 1242 837 ubi

173 841 305 881 expedire
327 840 451 878 videret,
469 848 504 869 ex
526 846 606 877 parte
628 835 723 866 nostra
741 834 858 873 publice
879 835 1049 872 proclamari
1070 833 1104 864 &
1122 831 1244 877 inhiberi

173 882 280 914 faceret
314 880 352 910 ne
367 879 445 918 Qi,
462 877 513 908 sub
527 873 704 908 forisfactura
718 874 870 910 omnium,
889 883 954 911 quae
975 873 1059 903 nobis
1082 871 1242 915 forisfacere

174 903 307 961 possent',
324 919 390 949 alibi
411 917 498 956 quam
517 916 546 946 in
568 915 655 951 locis,
673 913 723 943 ubi
736 911 942 942 Universitates
954 910 1093 949 existunt,
1110 909 1244 941 Studium

174 968 273 992 tenere
281 958 343 997 ,vel
359 957 449 987 Actus
462 954 633 987 Scolasticos
639 950 989 990 exercere,praesumerent
1001 959 1123 989 quoquo
1135 947 1227 979 modo
1235 970 1246 986 ,

216 998 255 1029 Et
274 995 480 1035 postmodum,
817 1029 822 1034 ,
867 1029 872 1034 ⁶
948 1028 956 1036 κ

216 1037 405 1076 Intelligentes
419 1032 500 1073 quod
515 1030 645 1070 quidam,
664 1029 725 1060 tam
742 1027 891 1068 Magistri,
907 1037 995 1067 quam
1010 1026 1153 1066 Scolares,
1172 1025 1245 1056 Pro-

178 1076 382 1108 clamationem
398 1074 430 1105 ὃς
444 1071 652 1102 Inhibitionem
669 1067 776 1098 nostras
797 1067 944 1106 praedffiias
966 1076 1027 1097 non
1047 1075 1190 1103 verentes,
1209 1065 1246 1095 set

180 1126 225 1146 eas
237 1115 329 1144 veritis
343 1118 597 1151 contempnenteS,
614 1107 746 1138 Studium
762 1107 791 1136 in
806 1105 883 1136 dieis
898 1105 970 1136 Villa
989 1105 1025 1135 de
1047 1104 1227 1136 Staunfordii
1237 1127 1247 1142 ,

179 1153 246 1194 post
267 1151 527 1182 Proclamationem
547 1149 580 1179 ὃς
603 1147 807 1178 Inhibitionem
828 1144 901 1182 illas,
920 1153 1086 1180 tenuerunt,
1105 1145 1138 1174 &
1154 1143 1246 1174 Ac‘ius

179 1191 353 1223 Scolasticos
375 1195 577 1220 excercuerunt
593 1209 602 1225 ,
620 1187 648 1216 in
667 1184 756 1215 nostri
779 1183 960 1227 Vituperium·
979 1185 1012 1214 ὃς
1036 1182 1170 1214 Dedecus
1185 1205 1195 1221 ,
1213 1191 1246 1213 ac

179 1231 396 1268 Dispersionem
410 1226 608 1259 Universitatis
624 1224 729 1255 nostrie
745 1222 870 1252 Oxoniae
886 1221 1081 1261 manifestam,

218 1269 442 1307 Praeceperimus
464 1266 565 1296 iterato
584 1262 759 1293 Vicecomiti
778 1260 878 1290 nostro
897 1260 1052 1298 praedieio,
1071 1259 1187 1291 firmiter
1206 1260 1249 1290 in-

177 1309 329 1349 juncentes
366 1305 447 1344 quod
465 1304 499 1334 ad
519 1303 637 1334 eandem
656 1301 760 1331 Villam
775 1299 811 1329 de
824 1299 1002 1330 Staunfordia
1015 1300 1043 1329 in
1057 1299 1172 1337 proprisi
1184 1308 1248 1339 per-

183 1333 253 1381 soffia
267 1346 313 1378 sua
326 1332 489 1381 a’ccederet,
506 1343 539 1374 &
555 1341 657 1371 eisdem
672 1337 817 1378 Magistris
830 1339 863 1369 &
878 1338 1056 1376 Scolaribus,
1071 1337 1180 1368 ibidem
1200 1347 1249 1368 ex-

182 1386 331 1418 istentibus
346 1409 356 1422 ,
373 1383 498 1415 distriue
518 1381 658 1411 inhiberet
669 1403 680 1417 ,
698 1387 731 1407 ex
751 1385 828 1415 parte
848 1376 947 1408 nostra
961 1400 972 1416 ,
989 1378 1026 1407 ne
1047 1377 1178 1408 Studium
1202 1376 1251 1407 ali-

209 1425 267 1456 uod
282 1424 387 1454 ibidem
402 1431 512 1458 tenere,
530 1419 574 1450 vel
590 1418 678 1448 Aeliis
691 1415 862 1447 Scoiasticos
885 1425 1033 1453 exercere,
1051 1415 1251 1454 praesumerent

200 1465 239 1496 ub
254 1461 428 1494 forisfa&ura
441 1460 574 1490 omnium
584 1480 593 1495 ,
613 1466 678 1494 quae
693 1456 775 1485 nobis
789 1454 950 1485 forisfacere
962 1455 1092 1494 poffent,

226 1502 264 1533 Et
277 1501 374 1540 quocl,
391 1500 411 1529 fi
423 1499 548 1536 aliquos,
568 1495 632 1533 post
648 1494 854 1524 Inhibitionem
868 1493 1010 1532 nostram,
1029 1504 1079 1531 per
1100 1492 1189 1531 ipsum
1213 1492 1251 1524 fic

187 1542 311 1578 faciam,
327 1538 465 1569 invenirer
480 1536 655 1567 contrarium
669 1533 820 1570 facientes,
838 1541 907 1563 tunc
922 1543 1021 1563 eorum
1038 1533 1142 1563 Libros
1157 1533 1190 1562 &
1202 1532 1253 1561 alia

186 1581 267 1612 Bona
281 1580 341 1616 sua,
359 1579 388 1607 in
402 1576 428 1606 V
432 1575 478 1606 illa
492 1572 630 1613 praedieta
642 1574 772 1608 inventa,
791 1570 849 1601 sine
862 1571 994 1602 dilatione
1009 1573 1037 1602 in
1053 1571 1178 1602 Manum
1199 1581 1254 1601 no-

187 1620 273 1651 stram
288 1618 385 1654 seiiiri,
403 1616 437 1646 ὃς
451 1614 491 1645 Ea
504 1613 595 1650 salvo,
613 1611 716 1649 absque
730 1609 914 1640 distraciione
929 1611 1040 1649 aliqua,
1058 1610 1196 1642 custodiri
1211 1610 1252 1639 fa-

186 1667 265 1691 ceret
279 1656 425 1694 quousque
437 1652 511 1684 aliud
527 1651 595 1682 inde
610 1650 775 1681 duceremus
789 1647 1027 1679 demandandum.

227 1696 272 1726 Ac
286 1697 345 1734 jam
368 1693 464 1724 datum
486 1691 518 1721 sit
538 1691 618 1720 nobis
633 1688 721 1718 intelli
742 1689 767 1724 i,
788 1687 867 1725 quud
885 1687 1014 1726 Magistri
1030 1688 1064 1719 &
1080 1686 1208 1718 scolares
1225 1688 1254 1717 in

185 1735 289 1768 eadem
306 1732 381 1764 Villa
396 1732 431 1762 de
445 1726 712 1766 Staunfordia,post
722 1697 986 1756 i'roclamati'onem
1002 1728 1035 1758 &
1049 1725 1254 1756 Inhibitionem

186 1773 296 1806 nostras
311 1770 475 1810 praediffls,
494 1768 581 1799 Ac‘tus
593 1765 764 1797 Scoiasticos
779 1767 1041 1803 excercuerunt‚&
1056 1764 1143 1796 indies
1156 1773 1255 1795 excer-

189 1823 259 1846 cere
275 1821 334 1842 non
349 1809 500 1845 desistunt,
1084 1843 1089 1848 .
1199 1843 1204 1848 .

229 1850 380 1890 Qiodque
392 1847 467 1878 idem
484 1845 655 1876 Vicecomes
671 1842 844 1873 Mandatum
856 1841 987 1873 nostrum
1003 1841 1257 1881 praedistum,jux-

188 1898 219 1922 ta
236 1891 296 1921 vim
317 1889 349 1919 &
372 1887 496 1918 formam
516 1882 653 1921 ejusdem,
669 1891 728 1912 non
750 1880 806 1919 est,
825 1888 857 1911 ut
875 1881 992 1919 debuit,
1008 1890 1159 1921 executus,
1177 1881 1255 1912 unde

187 1929 353 1964 turbamur,
370 1934 431 1955 non
444 1923 578 1953 inmerito
613 1920 858 1959 quamplurimum
874 1921 908 1952 δε
925 1930 1096 1958 movemur,

227 1966 310 2004 Nos,
330 1964 455 1994 nolentes
469 1944 608 2002 praerniisa
620 1959 709 1991 taliter
720 1959 771 1990 sub
784 1958 1003 1990 diffimulatione
1025 1959 1136 1990 traniire
1159 1960 1256 1997 impu-

187 2007 263 2044 nita,
281 2003 478 2042 assignavimus
497 2010 548 2031 vos
568 1998 603 2029 ad
625 1997 786 2036 hujusmodi
800 1996 1006 2028 Inhibitionem
1024 1997 1144 2036 praefatis
1159 1997 1256 2037 Magi-

188 2045 251 2076 stris
265 2044 298 2075 &
315 2042 491 2077 Scolaribus,
509 2040 538 2069 in
549 2036 685 2077 praediffli
697 2036 774 2068 Vilia
789 2035 826 2067 de
845 2036 1024 2068 Staunfordia
1046 2037 1257 2068 commoranti-

186 2083 257 2121 bus,
276 2091 310 2113 ex
321 2089 396 2119 parte
409 2078 506 2110 nostra
520 2076 680 2108 faciendum
698 2074 857 2114 (videlicet,
874 2077 912 2106 ne
927 2075 1061 2107 Studium
1075 2075 1192 2114 aliquod
1202 2075 1255 2106 ibi-

185 2122 254 2153 dem
277 2129 390 2159 tenere,
407 2118 453 2150 vel
478 2116 567 2148 Aelus
589 2114 758 2146 Scolasticos
780 2123 946 2153 excercere,
964 2114 1132 2153 praesumant
1146 2114 1197 2146 sub
1210 2114 1257 2145 fo-

186 2158 333 2193 risfae‘tura
345 2155 512 2199 supradidffi)
527 2156 562 2187 &
575 2154 609 2184 ad
625 2153 842 2186 certificandum
859 2163 930 2193 nos,
948 2153 1081 2185 distinete
1097 2154 1130 2185 &
1142 2154 1257 2192 aperte,

187 2209 259 2232 cum
273 2199 356 2230 omni
369 2197 522 2232 celeritate,
537 2192 594 2233 qui
607 2192 665 2224 fieri
681 2194 800 2231 poterit,
818 2191 856 2223 de
867 2193 1032 2224 nominibus
1047 2192 1257 2232 Magistrorum

189 2240 226 2272 &
248 2237 422 2275 Scolarium,
442 2244 533 2274 quos,
550 2231 616 2271 post
637 2232 845 2263 Inhibitionem
867 2231 993 2262 nostram
1011 2231 1179 2269 praedieiam
1192 2255 1202 2272 ‚
1219 2232 1257 2262 eis

190 2287 242 2315 per
255 2287 310 2308 vos
323 2275 446 2313 faciam,
464 2272 624 2304 inveneritis
637 2272 813 2302 contrarium
835 2269 987 2309 facientes,
1005 2278 1036 2301 ut
1055 2270 1186 2310 ulterius,
1202 2281 1256 2309 pro

189 2316 347 2348 Punitione
369 2311 547 2349 eorundem,
561 2312 591 2341 in
611 2310 667 2341 hac
687 2318 764 2348 parte
784 2308 1010 2353 fierisaciamus,
1028 2308 1109 2348 quod
1121 2309 1157 2341 de
1171 2309 1257 2341 avisa-

188 2364 292 2387 mento
307 2353 435 2384 Concilii
450 2350 541 2382 nostri
556 2349 620 2380 fore
632 2349 793 2381 videbimus
807 2348 984 2379 faciendum·

227 2393 265 2425 Et
280 2392 347 2423 ideo
360 2392 442 2422 vobis
457 2388 625 2420 mandamus
639 2387 720 2426 quod
735 2387 770 2418 ad
785 2386 950 2425 praedictam
973 2372 1078 2417 Villam
1100 2386 1137 2418 de
1157 2386 1257 2418 Staun-

189 2431 283 2464 ferdia
297 2429 473 2469 personaliter
487 2427 640 2464 accedatis,
655 2425 795 2465 praemissa
808 2426 907 2456 omnia
921 2426 955 2457 δε
971 2425 1076 2465 singula
1097 2425 1202 2458 faciatis
1222 2426 1257 2458 &

190 2479 226 2502 ex
247 2470 341 2507 leatis,
357 2470 386 2498 in
400 2466 494 2497 forma
507 2464 657 2504 praedicta,

272 2507 435 2538 andavimus
447 2506 524 2550 enim
538 2503 714 2573 Xfficomiti
727 2501 827 2572 nogero
841 2502 980 2572 ρηεάἀίέὶο
989 2526 999 2542 ,
1017 2502 1098 2542 quod
1110 2504 1210 2543 vobis,
1229 2504 1257 2535 in

192 2544 507 2615 prffimxilscigilsurfssi‘cllseggiitsn,
517 2549 825 2619 gmnigiisgiingulist
807 2550 955 2619 'llltzriiiatie
971 2579 1122 2612 Violentiis
1143 2589 1190 2612 aut
1209 2580 1257 2612 In-

191 2625 287 2665 juriis,
307 2623 356 2653 sibi
379 2621 453 2660 apud
473 2620 580 2651 dietam
601 2618 707 2662 Villam
729 2618 859 2662 Oxoniae·
872 2619 967 2657 illatis,
986 2629 1084 2649 coram
1095 2620 1257 2658 Justiciariis

193 2663 297 2694 nostris
311 2661 417 2692 ibidem
426 2684 436 2698 ,
453 2659 488 2690 ad
501 2660 559 2689 hoc
572 2657 722 2695 specialiter
737 2656 890 2696 deputatis,
907 2658 934 2688 se
947 2659 1084 2696 conqueri
1097 2659 1256 2697 voluerint,

192 2702 318 2734 celerem
323 2699 474 2768 'Jmfigcam
484 2697 618 2728 exhiberi.

282 2749 318 2769 cu
331 2749 360 2768 us
431 2747 457 2767 c.

231 2739 357 2810 InTei'te
368 2761 454 2815 'Rege
468 2774 541 2814 apud
553 2773 763 2814 Notyngham,
780 2773 918 2805 vicesimo
931 2772 1036 2805 ofitavo
1050 2773 1096 2804 die
1112 2772 1218 2803 Martii.

673 2853 729 2881 Per
742 2849 824 2890 ipfitm
836 2853 933 2888 Regem
947 2849 985 2886 ὠ
1003 2850 1151 2890 Confilium.

259 2983 462 3018 Proclamatio
475 2983 565 3027 fhper
580 2983 699 3014 Statuso
718 2977 754 3011 de
769 2976 992 3011 Narrasoribus
1010 2982 1189 3014 Rumorum.

42 3082 121 3115 >Ann-
134 3080 174 3112 D⁴
195 3067 311 3127 REX
329 3067 505 3098 Vicecomiii
518 3066 650 3096 Eborum
663 3063 798 3095 Salutem.

290 3105 391 3145 Cum,
408 3107 480 3137 inter
499 3114 601 3136 caetera
621 3104 743 3140 Statuta,
761 3101 1025 3141 westmonasterii,
1043 3111 1102 3133 tem
1125 3115 1174 3134 ore
1189 3104 1256 3135 Do-

1142 3153 1257 3174 mmuni

195 3181 332 3214 Concilio
344 3184 377 3213 δε
394 3183 512 3213 Affensu
528 3181 624 3222 Regni
636 3181 675 3211 sui
688 3179 778 3217 edita,
796 3180 988 3216 contineatur,

233 3220 322 3261 §guad
331 3220 431 3251 Nullus
444 3221 493 3261 fibi
505 3221 648 3250 audaciam
657 3218 772 3258 affitmat
787 3217 945 3260 difendivel
955 3219 1090 3247 narrandi
1103 3219 1192 3257 Falsbs
1199 3223 1257 3249 Ru-

197 3272 280 3291 mores
301 3259 350 3290 vel
374 3262 613 3297 Adinventiones,
626 3266 676 3297 per
689 3268 747 3298 quae
762 3256 902 3294 Discordia
917 3255 1027 3295 aliqua²
1038 3257 1087 3295 seit
1101 3258 1257 3297 Disc‘ordiae,

195 3307 245 3329 aut
259 3297 385 3329 Scandali
399 3302 515 3328 materia
526 3322 534 3337 ,
553 3301 627 3326 iuter
642 3298 702 3326 Nos
714 3294 751 3330 (ἐν
766 3293 894 3332 Populum
907 3294 1023 3332 nostrum
1041 3302 1091 3324 aut
1108 3299 1257 3332 fllagnates

194 3342 280 3376 Regni
293 3336 374 3377 nostri
384 3345 512 3375 poterunt
524 3339 640 3373 exoriri,
658 3333 696 3369 dv
709 3333 798 3374 qubd,
809 3332 834 3375 [ι
848 3336 907 3372 quis
922 3332 968 3362 hoc
974 3332 1075 3371 fecerit
1084 3357 1093 3372 ,
1104 3333 1203 3373 statim
1211 3346 1256 3364 ca-

189 3380 299 3416 piatur,
321 3375 359 3411 &
373 3379 401 3406 in
415 3375 530 3414 Prisond
546 3376 716 3411 detineatur,
735 3374 864 3412 quousque
878 3374 1006 3401 inveniat
1022 3375 1051 3401 in
1065 3372 1148 3402 Curia*
1162 3373 1255 3413 Illum,

195 3415 215 3446 ἃ
247 3427 278 3445 uo
294 3419 421 3445 Rumores
436 3413 583 3453 hujusmodi
597 3411 796 3448 movebantur,

229 3427 355 3493 ffamque
369 3452 585 3483 intellexerimus
599 3449 679 3489 quod
694 3449 841 3486 nonnulli,
858 3447 895 3478 de
909 3447 1015 3488 Regno
1029 3448 1146 3488 nostro,
1164 3449 1256 3481 diver-

196 3492 240 3523 sos
253 3492 343 3522 Falsos
365 3492 511 3522 Rumores
527 3490 563 3520 de
584 3488 673 3527 seipsis
688 3488 886 3525 adinveniunt,
904 3488 936 3517 δε
953 3497 1001 3517 eos
1016 3488 1045 3517 in
1058 3487 1171 3518 diveriis
1184 3488 1257 3519 locis

195 3531 319 3561 referunt
334 3532 367 3561 &
384 3530 555 3568 praedicant,
564 3529 596 3559 δε
611 3527 698 3558 indies
711 3526 814 3557 referre
827 3526 860 3556 ὃς
874 3525 1025 3563 praedicare
1038 3536 1098 3555 non
1112 3526 1257 3566 desistunt,

194 3569 270 3599 unde
295 3568 480 3599 Dissensionis
502 3568 536 3598 ὃς
561 3566 721 3597 Discordiae
744 3565 858 3595 materia
872 3564 942 3594 inter
957 3563 1044 3602 Nos,
1061 3565 1094 3594 &
1108 3564 1258 3603 Magnas&

194 3606 293 3646 Regni
317 3606 422 3646 nostri,
439 3616 472 3637 ac
493 3605 640 3644 Populum
659 3603 807 3641 nostrum,
823 3602 859 3633 de
872 3602 947 3633 facili
962 3602 1054 3640 (quod
1068 3602 1148 3640 absit)
1164 3603 1258 3641 posset

218 3655 346 3675 rovenire

196 3654 216 3682 p
236 3683 319 3721 Nos,
338 3668 466 3713 v³olentes
487 3683 627 3713 Statutum
648 3680 819 3721 praedic'tum
834 3678 1030 3710 inviolabiliter
1043 3678 1203 3717 observari,
1220 3680 1254 3710 &

201 3717 286 3750 Malis
301 3723 334 3752 ὃς
348 3721 482 3751 Periculis
497 3720 655 3758 hujusmodi
670 3728 845 3758 praecavere,
864 3718 914 3748 tibi
928 3718 1123 3756 praecipimus,
1136 3717 1256 3748 firmiter

201 3758 390 3797 injungentes,
409 3760 487 3797 quod
512 3759 622 3796 statim,
637 3758 701 3789 visis
722 3756 902 3795 praesenribus
916 3779 925 3794 ,
946 3757 975 3785 in
998 3756 1084 3794 locis,
1103 3757 1131 3786 in
1151 3755 1257 3787 Balliva

200 3795 267 3832 tua,
285 3797 341 3825 tam
363 3797 432 3826 infra
456 3797 623 3834 Libertates,
642 3797 729 3834 quum
752 3805 843 3832 extra,
863 3795 911 3824 ubi
924 3794 1054 3832 expedire
1067 3794 1184 3832 videris,
1202 3805 1256 3832 pu-

200 3832 278 3862 blice
292 3833 372 3863 facias
388 3836 551 3870 proclamari
560 3861 568 3872 ,
587 3837 620 3866 &
633 3845 667 3864 ex
681 3843 759 3871 parte
772 3833 868 3863 nostra
882 3832 999 3863 firmiter
1013 3833 1150 3870 inhiberi,

240 3870 294 3900 Ne
309 3872 369 3908 quis
380 3872 538 3909 hujusmodi
553 3874 643 3903 Falsos
658 3873 804 3903 Rumores
816 3882 940 3910 narrare,
957 3871 1003 3903 vel
1016 3871 1168 3909 praedicare
1181 3880 1256 3909 quo-

197 3917 260 3947 quo
276 3908 382 3946 modo,
399 3911 544 3946 praesumat
558 3912 672 3949 publice
687 3911 732 3941 vel
748 3912 873 3947 private,

237 3946 290 3984 Et,
310 3946 330 3976 si
344 3957 431 3984 quOS,
450 3948 513 3984 post
526 3949 785 3980 proclamationem
807 3949 840 3979 δε
860 3948 1065 3978 Inhibitionem
1084 3947 1158 3985 illas,
1176 3949 1257 3978 inve-

201 3986 274 4017 neris
288 3984 446 4023 hujusmodi
462 3985 603 4017 Rumores
612 4010 621 4024 ,
639 3987 686 4018 vel
699 3987 762 4017 alias
777 3986 1117 4024 Adinventiones,dicere
1131 3985 1176 4016 vel
1184 3996 1256 4023 pra:-

201 4024 312 4063 dicare,
330 4023 400 4056 sicut
419 4023 587 4061 praedictum
605 4024 663 4064 est,
680 4034 748 4058 tunc
766 4023 827 4058 Eos
849 4024 906 4056 fine
924 4024 1057 4056 dilatione
1078 4025 1159 4064 capi,
1177 4025 1211 4057 &
1227 4024 1257 4056 in

637 103 1446 156 CONVENTIONES,

1502 103 1889 156 LITERAE,

1278 190 1397 236 Prisonfi
1418 190 1516 222 nostra
1538 190 1617 222 salvo
1636 189 1775 221 custodiri
1790 189 1889 228 facias,
1903 189 1982 229 juxta
1996 189 2122 224 formam
2137 192 2237 229 Statuti
2251 197 2345 239 supra·
2365 193 2441 226 Ann.
2456 193 2499 228 D.

1279 230 1382 274 ὼᾶῑῑ.
1605 268 1611 273 .
1761 267 1766 273 .
1876 267 1882 272 .
1987 269 1993 274 .
2388 242 2472 274 1335·

1318 268 1426 299 Taliter
1441 277 1470 298 te
1485 268 1633 311 habens—in
1647 267 1826 311 Executione
1833 267 1994 312 hujusmodi
2008 268 2140 301 Mandati
2154 272 2348 314 nostri,que)d
2368 276 2435 304 Edv.
2450 285 2478 314 3.

1279 307 1315 337 ad
1330 316 1373 345 te,
1392 316 1508 345 propter
1526 307 1724 347 negligentiam
1742 314 1820 337 tuam
1841 306 1887 337 vel
1901 306 2096 348 tepiditatem,
2113 311 2235 343 minime
2248 324 2350 353 capere

1280 346 1505 424 depsqglsieuissege
1517 383 1590 422 apud
1605 383 1792 422 Notingham
1802 407 1811 421 ,
1829 383 1926 420 primo
1939 383 1986 414 die
1998 383 2111 422 Aprilis.

1316 422 1442 467 ¹Eodem
1464 422 1556 453 modo
1578 422 1743 454 mandatum
1761 421 1802 452 est
1827 421 1938 462 singulis
1961 421 2193 457 Vicecomitibus
2215 436 2265 466 per
2285 429 2348 462 An-‘

1282 461 1447 531 ghamTeste
1460 507 1491 531 ut
1505 500 1595 539 supra.

1282 576 1321 607 Et
1333 576 1437 607 eodem
1451 577 1542 608 modo
1555 577 1686 608 scribitur
1698 577 1870 616 subscriptis,
1891 577 2004 609 mutatis
2023 579 2164 611 mutandis
2169 593 2180 620 3
2199 581 2352 625 videlicet,'

1323 653 1429 693 Majori
1443 651 1482 689 ὁ·
1499 652 1623 684 Ballivis
1638 657 1667 685 V
1666 654 1722 685 illae
1736 656 1768 685 de
1782 654 2017 696 Kingestonfieper
2032 655 2114 686 Hull.
2336 631 2337 634 ¹

1322 729 1413 761 Teste
1431 730 1514 770 Rege
1531 730 1605 768 apud
1623 729 1748 772 Cowyk.
1771 740 1805 772 15
1823 732 1870 763 die
1890 731 1974 764 Maii.

1285 806 1409 854 Ballivis
1428 807 1460 853 de
1476 809 1625 846 Norwico,
1718 848 1724 854 ¹
1839 807 1963 839 Ballivis
1978 810 2011 839 de
2026 810 2137 848 Magni
2149 811 2337 854 Jernemuthg

1285 845 1408 876 Ballzvts
1421 849 1448 876 V
1449 845 1504 876 zllae
1519 847 1552 876 de
1565 849 1662 878 Lenne
1669 845 1800 886 Eptfiopi,
1837 847 1962 879 Ballivis
1973 849 2006 880 de
2020 852 2180 889 Gippewico.

1323 922 1416 954 Teste
1431 931 1462 954 ut
1477 923 1564 962 supra.

1288 1052 1338 1085 De
1359 1063 1417 1083 non
1441 1048 1621 1094 molestando
1647 1051 1795 1084 Homines
1813 1049 1850 1083 de
1879 1054 2002 1095 Scotia‚
2030 1053 2165 1093 ducentes
2185 1055 2357 1091 Ricardum

1554 1096 1681 1133 Talebot
1697 1098 1742 1132 ad
1756 1098 1944 1133 Marchiam
1960 1103 2088 1149 Angliae.

1291 1185 1411 1241 REX
1429 1184 1562 1217 universis
1577 1186 1611 1218 &
1625 1185 1736 1225 singulis
1744 1184 2127 1226 Vicecomitibus,Ballivis,
2147 1187 2305 1230 Ministris‚
2321 1191 2356 1223 &
2373 1185 2450 1218 Arm.
2463 1182 2509 1220 D:

1369 1225 1427 1254 aliis
1448 1224 1588 1255 Fidelibus
1609 1225 1660 1255 suis
1673 1249 1683 1263 ,
1701 1225 1762 1255 tam
1784 1224 1857 1256 infra
1881 1225 2037 1257 Libertates
2053 1250 2064 1265 ,
2090 1226 2178 1265 quam
2198 1236 2274 1261 extra
2288 1254 2299 1269 ,
2321 1229 2356 1262 ad
2397 1233 2483 1266 1335·

1290 1263 1765 1348 qug⁵5m⁸⁶x⁶ir4⁸11³121¹i15¹12d91<01h
1809 1303 1844 1335 sc
1868 1302 2046 1348 codefriduq
2063 1303 2100 1335 de
2118 1303 2182 1335 Ros
2197 1328 2208 1344 ‚
2225 1304 2360 1347 Milites,
2374 1269 2472 1340 ‘333'

1290 1348 1361 1370 curn
1383 1340 1534 1377 Sexaginta
1555 1340 1735 1385 Hominibus
1755 1326 1792 1372 ad’
1814 1342 1904 1374 Arma
1917 1342 1954 1374 de
1967 1342 2080 1381 Scotia,
2100 1342 2251 1375 Dilestum
2265 1346 2299 1377 &
2314 1346 2361 1377 Fi·
2378 1347 2447 1371 8⁶0²·
2461 1349 2490 1377 9·

1292 1378 1387 1410 delem
1400 1379 1532 1410 nostrum
1571 1379 1730 1411 Ricardum
1744 1380 1874 1420 Taibot,
1892 1391 1942 1420 per
1955 1380 2100 1413 Homines
2116 1381 2153 1412 de
2164 1382 2262 1414 Scotifi
2271 1394 2311 1415 nu
2378 1386 2445 1417 1213.
2459 1389 2500 1417 ma

1291 1418 1342 1487 gb
1360 1416 1506 1463 Custodia
1525 1404 1692 1458 detentum,
1709 1418 1744 1449 ad
1767 1427 1859 1459 partes
1872 1419 2014 1452 Marchiae
2028 1421 2123 1461 Regni
2138 1420 2227 1452 nostri
2241 1422 2295 1454 sint
2330 1434 2362 1455 u-
2380 1429 2430 1457 4²·

1325 1468 1366 1487 uri

1333 1481 1442 1534 Vo’bis,
1460 1496 1494 1527 &
1509 1496 1624 1527 cuilibet
1639 1496 1767 1527 vestrsim
1777 1521 1786 1534 ,
1807 1496 1857 1527 sub
1870 1497 2047 1529 forisfaeiurfi
2061 1499 2212 1538 omnium,
2229 1510 2295 1539 quae
2307 1511 2364 1532 no-

1293 1534 1337 1565 bis
1359 1535 1519 1566 forisfacere
1538 1536 1662 1573 poteritis
1676 1560 1685 1575 ,
1708 1535 1825 1566 firmiter
1845 1535 2019 1576 injungendo
2032 1560 2042 1576 ,
2067 1536 2240 1569 Mandamus
2254 1562 2264 1577 ‚
2280 1539 2364 1578 quod

1295 1574 1434 1612 praesatis,
1453 1574 1616 1604 Willielmo
1637 1575 1671 1605 &
1693 1573 1874 1613 Godefrido,
1890 1575 1935 1606 seu
1960 1576 2044 1606 dietis
2057 1575 2209 1614 Sexaginta
2225 1577 2364 1609 Homini-

1295 1613 1348 1642 bus
1369 1612 1405 1642 de
1425 1612 1541 1650 Scotia,
1559 1621 1606 1643 aut
1629 1623 1730 1643 eorum
1753 1613 1962 1653 Servientibus,
1981 1615 2010 1643 in
2031 1613 2178 1654 Personis,
2193 1624 2240 1647 aut
2260 1616 2363 1648 Rebus

1294 1650 1363 1689 suis,
1382 1652 1411 1681 in
1425 1651 1559 1681 ducendo
1573 1651 1742 1688 praedi&um
1757 1651 1935 1692 Ricardum,
1952 1651 1987 1684 ad
2006 1653 2025 1672 *
2045 1663 2259 1693 quamcumque
2281 1654 2364 1686 Mar-
2380 1656 2397 1674 ·
2415 1657 2472 1685 Iv:

1297 1689 1391 1720 chiam
1412 1689 1481 1720 dieti
1502 1689 1602 1727 Regni
1624 1690 1713 1720 nostri
1732 1690 1823 1729 ipsum
1847 1690 1952 1722 ducere
1971 1691 2131 1731 voluerint,
2149 1693 2183 1723 &
2204 1693 2307 1724 exinde
2320 1704 2364 1724 re-
2381 1697 2451 1732 ὀμ),

1296 1728 1428 1766 deundo,
1447 1738 1507 1759 non
1531 1728 1670 1767 inferatis,
1688 1730 1751 1767 seu,
1771 1738 1909 1767 quantum
1931 1731 1961 1760 in
1974 1731 2057 1761 vobis
2073 1730 2131 1769 est,
2149 1732 2186 1762 ab
2198 1732 2255 1763 aliis
2268 1732 2367 1763 inferri

1297 1768 1481 1837 pGffimittatis,
1498 1766 1683 1807 Molestiam,
1700 1766 1890 1808 Dampnum,
1905 1767 2148 1807 impedimentum
2166 1770 2303 1811 aliquod,
2319 1771 2367 1804 seu

1332 1815 1473 1837 ravamen.

1335 1843 1369 1876 In
1384 1845 1478 1883 cuns,
1496 1844 1557 1875 &c.

1371 1853 1463 1914 TeJste
1478 1881 1562 1923 Rege
1573 1883 1648 1923 apud
1661 1883 1844 1925 Notingham
1853 1909 1863 1924 ,
1880 1884 2008 1917 secundo
2024 1884 2071 1917 die
2083 1885 2196 1925 Aprilis.

1980 1964 2035 1993 Per
2053 1963 2136 2002 ipfiam
2154 1966 2262 2002 RegemL

1343 2085 1493 2132 Promtffio
1511 2087 1604 2135 fasta
1623 2091 1756 2123 Nunciis
1773 2092 1862 2137 Regis
1877 2092 2010 2124 Francia
2023 2089 2060 2124 de
2074 2102 2132 2124 non
2148 2088 2321 2136 offendendo

1680 2137 1857 2172 adhaerentes
1874 2142 1980 2174 Scotis.

1298 2222 1431 2280 REX,
1450 2223 1612 2256 Venerabili
1635 2225 1665 2255 in
1681 2223 1800 2256 Christo
1813 2225 1906 2265 Patri,
1922 2226 2023 2257 eadem
2038 2225 2126 2267 grati&
2162 2226 2308 2266 Episcopo
2325 2224 2364 2258 E·
2383 2227 2461 2260 Ann-
2473 2226 2518 2261 DJ

1372 2264 1492 2294 bricensi
1507 2287 1517 2303 ,
1534 2264 1568 2295 &
1584 2287 1594 2302 ,
1612 2263 1718 2295 Nobili
1742 2263 1838 2303 Viro,
1857 2264 1994 2295 Domino
2016 2265 2103 2296 Petro
2143 2275 2160 2296 e
2180 2265 2338 2306 Tyeizlieu
2352 2291 2363 2305 ‚
2412 2277 2498 2308 1335.

1297 2298 1333 2344 N
1336 2302 1444 2340 unciis,
1461 2301 1693 2334 Excellentiffimi
1711 2302 1866 2342 Principis,
1885 2303 2010 2335 Domini
2024 2303 2167 2342 Philippi,
2182 2303 2272 2344 Regis
2279 2303 2366 2336 Fran·
2382 2311 2434 2335 An.
2448 2318 2479 2344 9.

1298 2348 1352 2370 ciae
1365 2340 1498 2380 Illustris,
1516 2343 1549 2373 &
1563 2341 1776 2379 Consanguinei
1792 2342 1882 2373 nostri
1895 2343 2025 2373 cariffimi
2035 2367 2045 2381 ,
2063 2343 2198 2373 Salutem.
2381 2350 2412 2374 Ε.
2434 2356 2462 2383 3.

1313 2416 1318 2422 ¹
1334 2377 1417 2422 Ctim
1431 2390 1502 2421 vos,
1521 2389 1555 2410 ex
1569 2389 1648 2419 parte
1659 2381 1766 2419 praefati
1779 2380 1990 2422 Consanguinei
2004 2381 2110 2420 nostri,
2129 2381 2199 2412 Nos
2215 2381 2366 2421 requifive-
2382 2389 2449 2412 Scor.
2468 2389 2501 2420 9.'

1296 2425 1355 2448 ntis
1371 2427 1421 2457 ut,
2384 2427 2413 2450 Ε.
2444 2433 2498 2452 .m.

1297 2493 1317 2525 d
1335 2456 1590 2526 (gum-Episcopus
1602 2456 1812 2498 Brechinenfis‚
1829 2460 1864 2492 &
1875 2459 2009 2491 Thomas
2022 2458 2058 2490 de
2073 2457 2224 2496 Carnoto,
2251 2457 2366 2491 Nuncii
2383 2433 2438 2498 4¹?

1318 2504 1334 2525 e
1371 2506 1448 2528 cotia

1338 2534 1400 2574 Qui
1420 2521 1466 2566 ad,
1475 2546 1528 2568 vos
1541 2559 1551 2574 ,
1576 2536 1648 2567 infra
1668 2536 1808 2574 Regnum
1828 2536 1960 2566 nostrum
1975 2560 1984 2574 ,
2003 2535 2040 2566 de
2053 2534 2164 2565 licentia
2186 2534 2284 2566 nostra
2299 2560 2309 2574 ,
2327 2536 2364 2568 ad

1298 2573 1475 2604 tractandum
1491 2576 1641 2605 vobiscum
1656 2575 1736 2612 super
1748 2575 1903 2612 aliquibus,
1921 2575 1958 2604 eis
1971 2583 2022 2612 per
2038 2583 2107 2612 vos,
2125 2582 2159 2603 ex
2180 2583 2258 2612 parte
2279 2574 2365 2613 ipfius

1299 2611 1387 2650 Regis
1404 2612 1546 2650 Franciae,
1564 2613 1742 2650 intimandis,
1760 2620 1915 2649 venerunt,

1335 2650 1426 2680 Vobis
1440 2650 1634 2688 promiserint,
1654 2650 1730 2680 bona
1744 2649 1816 2688 fide,
1832 2651 1912 2687 quod
1924 2650 1990 2688 ipsi,
2007 2651 2076 2680 citra
2092 2649 2211 2681 Festum
2232 2650 2369 2690 Paschae,

1298 2690 1434 2725 proximo
1453 2689 1596 2726 futurum,
1614 2689 1707 2726 palam
1722 2689 1756 2719 &
1770 2689 1885 2726 publice
1896 2688 2001 2720 facient
2042 2689 2208 2727 rociamari,
2229 2690 2310 2727 quod
2329 2691 2366 2720 ab

1299 2726 1404 2756 eodem
1427 2726 1528 2764 Festo,
1548 2726 1634 2764 usque
1656 2726 1691 2757 ad
1707 2726 1821 2757 Festum
1836 2727 1999 2758 Nativitatis
2035 2727 2261 2766 anc'tiJohannis
2272 2728 2368 2767 Bapti-

1300 2764 1350 2795 stae
1366 2767 1498 2802 proximo
1514 2766 1657 2803 futurum,
1675 2765 1766 2796 nullus
1780 2766 1900 2803 Scoms,
1918 2766 2040 2804 ipsorum
2055 2767 2126 2804 parti
2143 2766 2305 2806 adhaerens,
2320 2767 2368 2798 of-

1298 2803 1393 2833 fendat
1407 2805 1435 2833 in
1450 2803 1586 2834 Marchiis
1601 2803 1729 2843 Angliae,
1749 2804 1794 2834 vel
1808 2804 1932 2843 Scotiae,
1947 2804 2081 2835 Subditos
2096 2804 2226 2843 nostrOS,
2243 2807 2289 2836 seu
2311 2816 2367 2836 no-

1299 2842 1342 2872 bis
1357 2841 1544 2881 adhaerentes,
1560 2843 1591 2873 in
1606 2842 1749 2882 Personis,
1767 2852 1814 2874 aut
1827 2842 1932 2882 Bonis,
1952 2843 2003 2874 sub
2017 2842 2107 2882 poena
2122 2844 2250 2882 corporis
2263 2845 2296 2876 &
2312 2845 2368 2875 boi-

1298 2890 1470 2964 nnxrffiffiqs.
1487 2919 1668 2950 consimilem
1689 2919 1952 2952 Proclamationem
1973 2921 2004 2951 in
2027 2919 2165 2952 Marchiis
2176 2920 2279 2951 nostris
2292 2930 2366 2959 prae-

1299 2958 1381 3027 &⁶12⁵
1393 2958 1451 2989 fieri
1458 2959 1578 2998 Jubere3

1372 3007 1405 3027 os

1335 3035 1382 3066 Ad
1397 3020 1581 3068 reverentiam
1614 3036 1702 3068 raefati
1716 3036 1928 3078 Consanguinei
1943 3035 2048 3075 nostri,
2066 3034 2240 3074 requisitioni
2262 3034 2366 3068 vestrae

1296 3076 1326 3106 in
1341 3075 1394 3106 hac
1407 3085 1484 3114 parte
1498 3075 1594 3107 favosa
1616 3076 1687 3106 iliter
1701 3076 1842 3114 inclinati,
1860 3077 2069 3114 promittimus,
2089 3073 2167 3104 bona
2181 3073 2255 3113 fide,
2272 3075 2365 3114 quod,

1336 3114 1423 3145 Fadia
1438 3114 1666 3145 proclamatione
1679 3125 1729 3153 per
1743 3114 1894 3153 praedictos
1908 3113 2052 3144 Homines
2064 3111 2100 3144 de
2114 3112 2229 3151 Scotia,
2246 3114 2276 3144 in
2289 3113 2365 3146 Sco-

1296 3152 1336 3185 tia
1351 3154 1384 3184 &
1399 3152 1537 3184 Marchiis
1549 3153 1690 3192 ejusdem,
1707 3154 1737 3183 in
1751 3151 1845 3183 formai
1858 3151 2031 3191 supradicta,

1336 3191 1526 3222 Consimilem
1540 3191 1799 3222 Proclamationem
1807 3212 1818 3228 ,

1335 3230 1493 3268 Videlicet,
1511 3231 1549 3260 ne
1569 3230 1666 3267 aliquis
1685 3229 1819 3259 Subditus
1833 3227 1944 3267 noster,
1960 3229 1994 3261 ὃς
2015 3230 2098 3260 nobis
2113 3229 2274 3266 adhaerens,
2291 3228 2362 3260 Ho-'

1299 3269 1389 3298 mines
1402 3267 1439 3298 de
1452 3267 1563 3305 Scotifi,
1580 3268 1648 3305 parti
1666 3266 1791 3304 ipsorum
1803 3266 1838 3297 N
1841 3268 1993 3298 unciorum
2004 3268 2177 3299 adhaerentes
2186 3292 2196 3307 ,
2211 3269 2240 3298 in
2251 3267 2361 3306 Scocifi,

1298 3305 1427 3336 offendat
1441 3306 1470 3335 in
1483 3306 1611 3336 Personis
1645 3314 1691 3336 aut
1705 3305 1821 3344 Rebus,
1837 3306 1887 3336 sub
1901 3306 1988 3344 poenfi
2001 3307 2128 3345 corporis
2143 3307 2177 3338 δε
2195 3307 2361 3344 bonorum,

1297 3345 1384 3412 usque
1397 3343 1431 3373 ad
1445 3343 1557 3388 didftum
1571 3329 1685 3388 Festum
1699 3344 1863 3388 Nativitatis
1877 3344 1975 3388 Sandii
1986 3345 2144 3384 johannis,

1335 3393 1370 3451 Iri
1385 3382 1532 3452 Marchigc
1535 3381 1636 3413 nostris
1649 3382 1808 3422 praedictis,
1826 3382 1886 3413 fieri
1900 3382 2045 3415 faciemus.

1351 3432 1370 3451 n
1386 3431 1422 3451 cu
1434 3431 1464 3451 us
1533 3431 1560 3452 c.

1373 3431 1561 3498 TeJste'Rege
1575 3459 1649 3499 apud
1663 3460 1699 3491 N
1700 3460 1865 3501 otingham,
1883 3469 1984 3499 quarto
1998 3461 2045 3492 die
2060 3460 2173 3499 ApriIIs.

1346 3586 1395 3618 De
1416 3597 1473 3617 non
1494 3582 1670 3628 molestando
1690 3583 1951 3632 Archicpifiopum
1969 3579 2210 3626 Cantuarienfi‘m
2218 3581 2312 3628 fiaeper

1661 3635 1852 3679 Bajulatione
1873 3636 1989 3667 Crucis.

1299 3717 1436 3774 REX,
1453 3718 1614 3749 Venerabili
1630 3719 1658 3748 in
1672 3717 1790 3749 Christo
1804 3718 1898 3756 Patri,
1917 3717 1970 3748 W.
1993 3715 2094 3746 eadem
2115 3714 2220 3754 gratia,
2235 3713 2355 3747 Archie-
2375 3713 2452 3745 Ann.
2463 3713 2503 3745 D.

1377 3757 1495 3794 piscopo
1507 3756 1637 3787 Eborum
1646 3780 1656 3793 ,
1673 3757 1783 3797 Angiiae
1796 3756 1931 3792 Primati,
1949 3754 2085 3797 Salutem-
2395 3761 2481 3792 1335.

1332 3794 1431 3833 Cum,
1451 3795 1624 3826 Venerabilis
1639 3795 1893 3835 Pater,Johannes
1913 3792 2146 3829 Archiepiscopus
2171 3789 2355 3823 Cantuarien-
2372 3796 2424 3821 An.
2440 3803 2470 3828 9.

1296 3831 1346 3870 sis,
1363 3834 1448 3863 totius
1470 3834 1517 3864 An
1537 3834 1581 3864 liae
1604 3833 1729 3873 Primas,
1746 3834 1780 3864 ad
1800 3833 1889 3870 Nos,
1907 3831 1943 3862 ad
1964 3830 2183 3860 Parliamentum
2207 3830 2354 3870 nostrum,
2373 3835 2403 3858 E.
2426 3840 2452 3866 3.

1296 3870 1375 3938 quod
1386 3872 1445 3909 jam
1457 3882 1510 3910 apu
1544 3871 1677 3904 Eborum
1690 3872 1866 3903 summoneri
1878 3871 2014 3907 fecimus,
2030 3866 2067 3897 de
2083 3866 2224 3899 Mandato
2239 3869 2358 3909 nostro,
2376 3869 2464 3934 {flaus-
2479 3878 2509 3905 9-

1309 3916 1329 3939 it
1344 3919 1477 3941 venturus
2401 3929 2406 3935 .
2426 3915 2450 3943 3.

1335 3947 1420 3985 Nos,
1484 3935 1495 3949 ⁷
2377 3944 2471 3976 m.28.
2483 3944 2510 3973 d.

1334 3985 1476 4017 Nolentes
1489 3987 1578 4027 ipsum
1592 3987 1847 4026 Archiepiscopum
1859 3981 2088 4023 Cantuariensem
2098 4005 2108 4022 ,
2120 3983 2200 4022 super
2212 3983 2362 4025 Bajuiatio-

1296 4032 1335 4056 ne
1346 4023 1448 4056 Crucis
1459 4025 1514 4057 suae
1527 4034 1593 4058 ante
1604 4025 1650 4064 se,
1666 4025 1839 4063 perturbari,
2310 4058 2340 4092 V

2311 4091 2317 4098 .
2341 4068 2378 4097 02
