2562 4279
5 224 86 258 Anu.
94 225 136 258 D.

32 274 117 304 1337-

3 304 71 333 Edv.
91 314 119 342 3.

0 1967 75 1998 “IV,

0 2007 57 2045 333.

0 2112 65 2144 hin.
77 2112 117 2144 D.

9 2161 95 2192 1337·

0 2194 94 2220 (mii.

0 2239 123 2304 ἕψω

0 2312 124 2343 :.3.p.2.

0 2352 29 2372 π.
44 2345 70 2374 6.

175 142 252 192 198

165 228 257 264 tibus,
275 228 361 263 quam
376 223 459 254 etiam
473 220 553 257 super
573 217 618 248 Ex

165 275 230 297 rum
248 264 444 301 Negotiorum
461 283 470 297 ,
495 260 591 296 Quae,

639 216 763 247 editione
784 211 967 252 quorundam
980 211 1101 241 aliorum
1118 207 1234 239 Arduo-

637 254 787 285 enerabiloe
807 252 902 282 Patres
916 274 926 290 ,
948 250 1060 281 Sanetae
1079 247 1228 278 Romanae

166 299 309 335 Ecciefiae'
322 298 499 334 Cardinales,
518 296 551 326 ad
570 294 638 325 Nos
652 292 713 331 jam
735 293 765 322 in
780 290 884 330 Anglia
898 299 946 328 per
960 288 1126 319 Dominum
1141 285 1227 315 Sum·
1245 308 1249 315 ,

165 352 247 373 mum
262 338 431 369 Pontificem
448 332 607 370 transmissi,
626 332 727 367 nobis,
746 338 780 360 ex
794 338 871 367 parte
885 327 1009 366 ejusdem
1025 326 1139 357 Summi
1146 323 1225 354 Pon-

160 380 257 416 tificis‚
275 378 308 408 &
321 376 407 406 distae
421 373 517 410 Sedis,
536 370 697 410 specialiter
712 368 916 406 Nunciarunt,
930 405 935 410 .
1043 403 1048 409 .
1176 400 1180 405 ¹

198 417 417 448 parliamentum
443 410 572 443 nostrum
600 419 615 439 a
635 407 673 438 ud
695 405 990 438 Westmonasterium
1005 428 1015 441 ,
1041 412 1069 432 in
1089 399 1223 432 Crastino

162 453 365 488 Purificationis
378 451 471 482 Beatae
487 448 589 479 Mariae
632 447 738 486 irginis,
756 445 894 483 proximo
907 444 1022 487 sutum,
1041 447 1154 485 tenere,

198 493 236 524 Et
247 491 354 522 ibidem
368 489 534 526 vobiscum,
553 488 586 518 &
609 495 678 516 cum
688 485 795 515 caeteris
809 482 947 519 Praelatis‚
969 479 1168 523 Magnatibus,
1187 477 1221 508 ὃς

160 531 347 568 ProceribuS,
364 527 434 559 dieti
449 526 560 566 Regni,
578 524 769 562 Colloquium
781 522 886 553 habere
899 518 1082 558 disposuimus
1099 518 1133 549 &
1146 515 1222 546 Tra-

190 579 265 601 atum
884 575 887 578 '
1060 595 1066 601 .
1170 594 1175 599 .

157 571 287 638 e{Vobi's
310 607 338 636 in
361 605 427 636 Fide
447 604 481 634 ὅτ
497 601 680 639 Dileffione,
699 599 801 638 quibus
815 597 918 629 Nobis
931 596 1086 633 tenemini,
1103 593 1222 624 firmiter

154 644 348 686 injungendo,
365 642 538 674 Mandamus
553 640 650 680 quod,
668 636 857 676 praetermiffis
870 636 1006 667 omnibus
1019 634 1094 671 aliis,
1112 634 1146 664 &
1161 631 1221 675 Ex-

154 685 299 716 cusatione
315 691 481 720 quacunque
494 679 616 710 cessante
631 703 640 717 ,
659 678 742 708 dietis
763 675 822 706 Die
836 676 870 706 ὃς
886 675 972 705 Loco
983 671 1161 717 personaliter
1176 679 1221 699 m-

154 723 269 761 tersius,
286 721 470 756 Nobiscum,
488 720 521 750 &
537 728 606 750 cum
620 717 728 748 caeteris
742 712 1092 756 Praelatis,Magnatibus,
1107 708 1221 741 &Pro-

153 762 265 792 ceribus
280 759 417 798 praedietis
427 783 436 796 ,
455 757 534 796 super
549 756 630 788 dietis
644 754 804 793 Negoffls,
821 752 983 784 Tra&aturi
999 773 1008 789 ,
1025 748 1221 785 Vestrumque

158 799 319 830 Consilium
335 797 500 835 impensuri:
1104 825 1108 831 ,
1124 825 1128 831 ¹

194 837 232 868 Et
254 838 312 867 hoc
327 860 336 874 ,
360 837 429 866 sicut
451 834 520 865 Nos
534 857 543 872 ,
561 833 594 864 &
610 833 754 863 honorem
768 829 915 866 nostrum,
933 828 966 858 δε
979 824 1219 869 Tranquilitatem

151 876 189 907 δί
206 876 343 914 Qietem
359 875 520 912 dierorum,
540 872 637 911 Regni
651 873 684 903 δε
700 870 856 901 Terrarum
871 866 1047 898 Nostrarum
1061 887 1072 903 ,
1091 863 1220 902 diligitis,

151 914 310 945 nullatenus
326 914 489 950 Omittatis3
709 947 715 952 η
1175 940 1181 945 ·
1211 939 1217 944 Ι

191 952 414 984 Praemunientes
436 951 566 981 Priorem
588 950 622 980 &
644 945 810 985 Capitulum
831 942 969 975 Ecclesiae
982 940 1093 972 Vestrae
1109 937 1219 983 Chi-isti

151 989 378 1030 Cantuariensis,
396 1000 428 1021 ac
443 987 684 1023 Archidiaconos,
702 985 874 1022 Totumque
888 981 1009 1013 Clei'um
1022 979 1122 1011 vestrae
1130 978 1218 1008 Dioe-

152 1030 221 1061 cesis

190 1053 283 1108 (Q’iod
299 1068 402 1104 iidem,
422 1066 505 1096 Prior
519 1066 552 1097 &
566 1062 786 1100 Archidiaconi,
804 1062 835 1091 in
851 1060 972 1099 propriis
993 1057 1121 1089 Personis
1136 1055 1217 1093 Suis,

186 1106 236 1138 Ac
253 1107 362 1137 dietum
379 1104 544 1143 Capitulum
557 1113 607 1141 pet
619 1101 747 1139 Unum,
867 1124 869 1127 Α

185 1144 329 1183 Idemque
341 1144 442 1175 Clerus
458 1153 505 1181 per
522 1142 605 1173 Duos
620 1140 820 1171 Procuratores
833 1137 990 1181 Id-oneosn

149 1221 169 1253 h
186 1182 307 1215 Plenam
322 1184 355 1214 δε
368 1181 567 1213 Sufficientem
582 1178 759 1210 Potestatem
775 1178 811 1208 ab
825 1178 903 1215 iplis,
918 1174 1053 1214 Capitulo
1069 1174 1103 1206 &
1118 1171 1218 1211 Clero‚

172 1223 285 1253 abentes

186 1245 329 1291 Praediciis
352 1260 410 1291 Die
433 1261 466 1291 ὃς
489 1259 575 1289 Loco
596 1256 742 1293 intersint,
768 1254 803 1285 ad
824 1250 1215 1296 consentiendum—hiislquae

146 1305 219 1330 tunc
242 1299 367 1338 ibidem,
385 1299 422 1329 de
438 1297 602 1328 Communi
622 1294 751 1326 Consilio
773 1293 854 1331 ipsius
876 1291 970 1331 Regni
986 1289 1074 1321 nostri
1090 1288 1214 1327 (Divina

147 1337 262 1369 favente
277 1335 454 1374 Clementia)
470 1335 620 1375 contigerit
634 1333 787 1364 Ordinari:

185 1376 313 1408 Scientes
327 1376 437 1415 insuper
450 1375 530 1414 quod
539 1397 548 1412 ,
930 1408 936 1414 θ
1101 1405 1110 1414 x

185 1414 266 1446 Tam
282 1424 396 1454 propter
411 1414 610 1451 Negotiorum
628 1409 831 1448 praedietorum
846 1407 1042 1445 Affinitatem,
1059 1414 1148 1450 quarn
1160 1413 1215 1444 pro

148 1462 187 1483 eo
203 1454 283 1491 quod
298 1453 432 1484 nonnulla
444 1453 495 1483 alia
507 1450 612 1481 Nostri
626 1451 660 1481 &
674 1449 768 1488 Regni
783 1447 873 1479 nostri
886 1446 1018 1485 Negotia
1028 1468 1037 1484 ,
1056 1455 1086 1475 in
1103 1442 1215 1475 diversis

150 1491 343 1523 Parliamentis
358 1491 475 1529 nostris,
494 1498 557 1520 ante
571 1490 633 1520 haec
648 1497 778 1526 tempora
793 1488 892 1524 tentis,
982 1525 986 1529 Ι
1191 1520 1197 1526 .

186 1530 305 1568 Propter
321 1530 488 1561 Absentiam
503 1527 708 1565 Praelatorum,
726 1527 760 1558 &
776 1525 949 1562 Magnatum
963 1522 1085 1567 ejusdem
1100 1521 1217 1566 Regni,

147 1570 199 1606 qui
211 1569 317 1600 eisdem
333 1568 542 1605 Patliamentis,
560 1568 615 1597 una
631 1575 700 1596 cum
714 1565 773 1596 aliis
787 1564 912 1602 ejusdem
927 1562 1026 1599 Regni
1034 1560 1215 1605 ProceribuS,

146 1606 347 1676 gesssmalioer'
362 1608 440 1646 juxta
460 1605 597 1637 Mandata
619 1604 712 1635 nostra
726 1628 736 1642 ,
761 1602 810 1634 Eis
832 1602 899 1633 inde
920 1601 1044 1639 directa,
1061 1597 1217 1630 interfuisse

167 1657 183 1678 e
206 1655 306 1678 uerunt

171 1723 176 1728 ⁸
189 1684 214 1715 F
215 1669 334 1755 uerung,
351 1694 412 1716 non
426 1684 530 1723 absque
544 1682 650 1715 Nostri
664 1682 696 1713 δε
710 1681 808 1721 Regni
822 1679 910 1712 nostri
924 1677 1140 1716 incommodo,
1157 1674 1218 1707 Sae-

171 1733 213 1754 ius
227 1733 299 1755 retar
319 1733 362 1754 ata

146 1732 169 1761 p
187 1747 389 1793 Procuratores
401 1784 411 1800 ‚
435 1761 481 1792 seu
501 1759 719 1792 Excusationem
741 1758 863 1796 aliquam
885 1767 939 1795 pro
953 1757 1036 1801 vobis
1052 1754 1217 1793 (Legitimo

147 1800 276 1832 cessante
291 1800 517 1839 Impedimento)
535 1799 683 1828 admittere
697 1796 848 1827 Nolumus
860 1795 913 1827 ista
926 1794 1008 1826 Vice.

184 1839 273 1870 Teste
286 1840 372 1878 Rege
385 1838 459 1878 apud
475 1835 786 1874 westmonasterium,
804 1835 942 1866 vicesimo
958 1833 1005 1864 die
1019 1832 1200 1865 Decembris.

148 1958 176 1986 ᾖ
201 1963 250 1996 De
270 1962 422 2006 Invcfione
447 1963 598 2004 Franciae‚
618 1970 738 2007 propter
760 1958 845 1992 Sedis
868 1956 1036 2005 Apostolicae
1063 1960 1216 1992 Reveren-

514 2013 592 2043 tiam
605 2007 839 2057 procrastinata.

147 2096 356 2160 VEnerabili
371 2096 398 2126 in
412 2094 530 2127 Christo
544 2095 621 2126 Patri
634 2094 771 2126 Domino
792 2094 826 2125 P.
842 2093 901 2124 Dei
915 2094 1019 2133 gratia,
1038 2093 1133 2125 Tituli
1146 2093 1217 2125 San-

230 2137 285 2167 &ae
300 2134 442 2167 Praexedis
458 2134 618 2165 Presbitero
631 2133 776 2165 Cardinali
784 2134 835 2171 ,&
848 2132 926 2164 Sedis
940 2133 1118 2171 Apostolicae
1128 2133 1218 2164 Nun-

146 2176 211 2213 cio,
233 2175 341 2206 Amico
355 2174 404 2204 suo
419 2173 578 2211 catiss‘imO,
597 2172 770 2211 Edwardus,
788 2172 850 2203 &c-
870 2172 1014 2210 Salutem,
1033 2172 1067 2203 &
1088 2172 1215 2203 Sincerae

150 2213 307 2244 dilcffionis
322 2212 477 2248 affedhim,

187 2252 336 2283 lnteiieet‘ss
356 2252 446 2282 Sacris
466 2251 566 2282 Litetis
589 2249 764 2288 Apostolicis
779 2272 789 2288 ,
815 2259 869 2288 pro
891 2249 983 2288 Pace,
1002 2259 1072 2280 curn
1086 2249 1216 2280 Consan-

149 2291 253 2330 guineo
278 2290 376 2322 nostro
400 2289 525 2320 Franciae
540 2312 549 2327 ,
572 2299 623 2326 per
647 2288 734 2320 vestri
757 2287 969 2319 Mediationem
986 2288 1155 2327 providam,
1172 2290 1216 2319 in-

151 2329 260 2367 eunda,
279 2330 362 2360 nobis
378 2328 463 2359 miffis
473 2352 482 2366 ,
500 2329 533 2359 &
548 2327 646 2357 auditis
663 2337 727 2365 quae
743 2329 822 2364 super
836 2327 893 2357 hoc
907 2327 1113 2364 circumspecta
1125 2326 1217 2358 vestra

150 2367 298 2398 Maturitas
312 2367 459 2408 proposuit
478 2365 675 2403 sapientissime
698 2375 797 2396 coram
817 2366 900 2396 nobis
916 2388 925 2403 ‚
944 2366 1040 2395 zelum
1057 2366 1217 2404 perfecium

151 2405 278 2436 Domini
294 2406 406 2436 Summi
421 2403 587 2441 pontificis,
605 2404 641 2445 de
655 2404 793 2434 Filiorum
807 2405 902 2441 quiete
916 2404 1074 2442 solicitum,
1093 2405 1126 2435 &
1142 2406 1217 2435 voti-

152 2454 223 2475 vum
240 2443 340 2474 vestrae
355 2443 560 2480 cooperationis
574 2442 711 2472 aste&um
746 2443 847 2472 intime
867 2443 1120 2480 contemplamur,
1148 2443 1218 2474 defi-

151 2483 280 2513 derantes
288 2505 298 2520 ,
316 2490 346 2512 ut
361 2481 503 2519 peculiaris
515 2480 705 2510 sacrosanctas:
719 2465 866 2510 komanae
875 2480 1009 2511 Ecclesiae
1019 2481 1120 2520 Filius,
1128 2492 1217 2519 quan-

152 2529 216 2552 tum
231 2521 391 2551 commode
408 2520 581 2560 poterimus,
599 2519 648 2556 piis
658 2517 832 2557 Apostolicis
845 2519 878 2550 &
893 2518 988 2550 vestris
1001 2520 1127 2558 providis
1143 2522 1217 2552 inni-

152 2561 174 2590 ti
188 2558 320 2589 Consiliis
334 2560 368 2590 &
383 2559 456 2588 votis
470 2556 697 2588 condescendere
712 2557 779 2587 laeto
793 2557 889 2587 corde.

189 2597 238 2628 Set
258 2597 327 2628 scire
354 2597 421 2627 velit
441 2595 532 2626 vestra
552 2594 698 2633 prudentia
718 2595 799 2633 quod
817 2597 894 2634 juxta
916 2606 1028 2627 morem
1051 2597 1215 2629 laudabilem

150 2635 251 2673 Regni
273 2635 387 2673 nostri,
413 2635 528 2671 negoria
548 2634 607 2664 tarn
630 2634 713 2664 ardua
732 2644 791 2663 non
813 2634 1004 2673 aggredimur,
1023 2635 1163 2673 Praelatis‚
1182 2638 1216 2668 δε

150 2674 335 2713 Proceribus,
354 2683 387 2704 ac
406 2673 580 2711 Sapientibus
603 2673 739 2710 (quorum
761 2671 910 2708 Regimini
924 2696 934 2711 ,
954 2675 1133 2711 permittente
1149 2675 1217 2705 Do-

152 2714 251 2781 mine,
264 2712 458 2757 praesidemus)
475 2720 529 2742 nec
545 2720 605 2742 non
621 2711 732 2742 Amicis
753 2709 853 2741 nostris
872 2712 1009 2750 (quorum
1028 2713 1154 2751 interest)
1172 2715 1218 2744 in-

152 2761 210 2782 con
224 2762 241 2781 u
251 2760 292 2781 tis.

192 2789 313 2827 Propter
333 2789 412 2827 quod
432 2789 654 2821 Parliamentum
675 2788 806 2820 nostrum
820 2789 893 2827 apud
906 2788 1218 2830 VVestmonasterium,

103 2822 106 2825 ’
156 2829 187 2858 in
202 2827 335 2858 Crastino
351 2828 557 2860 Purificatioriis
578 2829 667 2859 beatae
681 2828 783 2858 Mariae
796 2828 936 2867 Virginis,
954 2829 1088 2866 proximo
1102 2829 1217 2869 futuro,

154 2866 351 2897 mandavimus
368 2890 377 2904 ,
401 2868 582 2904 convocari,
608 2868 640 2898 &
662 2868 777 2897 interim
796 2867 917 2897 Amicos
941 2867 974 2898 ὃς
990 2866 1217 2900 Confoederatos

153 2904 266 2936 nostros
287 2905 395 2946 plenius
416 2905 593 2936 consulemus
608 2915 614 2934 t
641 2915 674 2936 ac
690 2913 777 2943 tunc,
798 2915 845 2941 per
861 2915 962 2936 eorum
979 2906 1012 2936 &
1027 2906 1216 2939 Subditorum

153 2943 321 2974 nostrorum
336 2942 495 2974 Consilium
511 2943 662 2981 providum
678 2944 711 2974 &
724 2943 863 2982 digestum
873 2967 882 2983 ‚
898 2944 935 2975 sic
947 2967 957 2983 ,
975 2944 1048 2974 duce
1063 2945 1217 2986 Domino,

153 2982 339 3021 respondere,
358 2983 391 3013 ὃς
404 2982 484 3020 super
498 2983 588 3022 petitis
603 2982 713 3021 facere,
732 2983 910 3022 curabimus,
928 2983 1009 3022 quod
1022 2983 1161 3016 debebitis
1175 2995 1219 3016 ra-

155 3021 326 3052 tionabiliter
338 3021 506 3051 contentari.
1010 3030 1011 3035 ¹

193 3058 395 3090 Conceffimus
409 3061 493 3091 etiarn
502 3083 511 3097 ,
526 3060 567 3090 ob
582 3059 783 3091 Reverentiam
797 3060 880 3091 dietae
894 3060 972 3091 Sedis
986 3070 1070 3101 atque
1079 3062 1200 3094 vestram
1209 3086 1219 3102 ‚

155 3098 256 3136 quod,
274 3099 342 3128 citra
354 3099 480 3136 primum
495 3099 572 3128 diem
588 3099 687 3129 mensis
703 3098 798 3129 Martii
814 3123 823 3137 ‚
849 3101 981 3137 proximo
999 3101 1142 3140 futurum,
1161 3112 1216 3134 nec

153 3135 220 3173 post
237 3136 341 3173 (donec
357 3138 529 3167 contrarium
550 3137 735 3167 demandetur
753 3146 786 3167 eit
809 3147 884 3175 parte
904 3138 1019 3177 nostri,
1038 3140 1084 3170 vel
1098 3150 1147 3178 per
1161 3151 1217 3171 no-

154 3173 239 3211 stros)
255 3175 328 3204 nulla
344 3174 388 3204 fiat
404 3174 529 3213 Invasio,
548 3185 602 3205 nec
618 3176 736 3214 praefato
748 3175 968 3215 Consanguineo
981 3177 1080 3209 nostro
1094 3203 1104 3216 ,
1122 3189 1216 3218 neque

155 3212 236 3251 Suis,
255 3223 309 3243 nec
330 3213 418 3243 Locis
434 3239 443 3251 ,
462 3224 516 3244 nec
532 3214 646 3251 Terris,
666 3224 719 3245 nec
734 3214 876 3250 Gentibus
892 3215 989 3253 Regni
1004 3216 1147 3256 Franciae‚
1165 3228 1215 3257 per

155 3251 243 3289 Nos,
261 3252 306 3282 vel
322 3252 432 3282 nostros
452 3252 603 3290 Subditos,
623 3252 737 3283 Malum
751 3253 865 3291 aliquod
882 3253 1028 3284 inferatur:

195 3289 231 3319 Et
246 3313 254 3327 ,
272 3290 350 3328 super
372 3290 428 3320 hoc
444 3315 453 3327 ,
474 3290 666 3321 mandavimus
689 3291 846 3322 Senescallo
863 3292 962 3322 nostro
983 3292 1130 3324 Vasconiae
1143 3318 1153 3334 ,
1179 3295 1214 3327 &

158 3325 282 3358 Custodi
296 3328 396 3359 nostro
414 3329 553 3367 Qiinque
569 3329 706 3359 Portuum
716 3353 725 3367 ,
743 3340 776 3360 ac
790 3330 900 3360 Ballivis
915 3330 1134 3362 &Hominibus
1146 3333 1216 3364 alio·-

158 3375 223 3408 rum
236 3367 386 3405 locorum,
402 3368 430 3396 in
445 3368 543 3405 quibus
557 3368 672 3398 habetur
684 3370 765 3406 copia
782 3368 930 3406 Navium,
947 3379 992 3405 ut,
1012 3370 1075 3408 post
1085 3372 1217 3410 Qinde-

157 3414 218 3434 eim
230 3404 287 3435 dies
297 3429 306 3444 ,
323 3416 338 3436 a
352 3406 488 3436 vicesimo
503 3406 626 3437 secundo
638 3406 683 3436 die
696 3407 854 3444 hujusmodi
867 3408 969 3438 mensis
978 3408 1150 3440 Decembris
1164 3421 1219 3442 nu-

155 3443 323 3487 merandos,
341 3445 408 3474 citra
428 3444 536 3474 dic'tum
560 3446 685 3482 primum
706 3445 784 3475 diem
805 3445 929 3484 Martii,
952 3456 1006 3476 nec
1027 3447 1091 3485 post
1109 3449 1216 3485 (donec

157 3489 329 3526 contrarium
343 3482 539 3519 demandetur)
557 3493 617 3513 non
631 3483 748 3521 faciant,
764 3494 818 3515 nec
833 3486 995 3522 permittant
1010 3485 1085 3524 fieri,
1104 3487 1133 3516 in
1141 3487 1217 3518 Ter-

157 3527 205 3561 ra,
224 3520 267 3549 vel
284 3522 312 3550 in
330 3520 424 3560 Mari,
441 3521 520 3552 dieto
536 3521 634 3552 nostro
649 3521 889 3560 Consanguineo,
908 3523 964 3554 sive
979 3523 1040 3554 Suis
1055 3548 1064 3562 ,
1083 3535 1138 3556 nec
1154 3526 1216 3556 Lo-

158 3566 216 3599 cis,
234 3567 286 3588 nec
309 3559 407 3589 Terris
420 3583 430 3597 ,
455 3570 508 3590 nec
525 3559 669 3591 Gentibus
692 3560 786 3600 Regni
800 3561 944 3600 Franciae,
962 3563 991 3591 in
1006 3561 1153 3602 Personis,
1170 3565 1217 3595 vel

159 3604 190 3623 in
211 3594 309 3626 Rebus
325 3620 339 3643 ,Α
353 3597 524 3635 Dampnum
538 3622 547 3638 ,
568 3598 700 3637 Injuriam
717 3622 726 3638 ,
752 3599 797 3629 vei
812 3598 995 3638 Gravamen,
1015 3601 1048 3630 &
1065 3602 1163 3640 quod,
1182 3612 1217 3634 ex

158 3640 235 3668 parte
249 3634 344 3677 nostra
357 3659 366 3673 ,
393 3637 528 3667 omnibus
546 3637 667 3667 Subditis
687 3636 789 3668 nostris
812 3639 912 3670 faciant
927 3639 1041 3676 publice
1057 3641 1218 3680 prohiberi,

160 3678 272 3713 nequis
287 3683 386 3703 eorum
396 3699 404 3712 ,
424 3675 473 3705 sub
488 3674 581 3705 Poena
593 3678 726 3706 omnium
739 3686 803 3714 quae
817 3678 899 3706 nobis
914 3676 1073 3707 forisfacere
1095 3681 1216 3719 poterit,

161 3714 313 3745 quicquam
333 3722 433 3742 contra
451 3712 557 3744 dietam
577 3713 803 3744 Conceffionem
823 3714 949 3745 nostram
970 3715 1051 3746 faciat
1066 3716 1217 3755 aliqualiter

161 3744 394 3820 {3:3²1ss‘fletttlsstetsiptet·²
412 3750 450 3781 Et
471 3751 534 3782 haec
555 3753 802 3790 circumspectioni
823 3753 926 3785 vestrae
944 3754 1146 3787 innotescimus
1168 3767 1218 3797 per

201 3819 276 3852 Data
286 3823 360 3861 apud
374 3824 535 3857 Guldeford
544 3852 553 3866 ,
568 3829 706 3860 vicesimo
719 3838 820 3868 quarto
835 3830 881 3862 die
895 3830 1077 3863 Decembris.

567 3906 609 3933 Et
623 3913 684 3936 erat
701 3908 812 3937 Parem.

161 3971 317 4054 iufizdleiztig
329 3975 704 4050 ggiggcorigfflitlgfimino
726 3983 760 4015 B.
778 3983 838 4016 Dei
852 3984 940 4024 gratia
953 4007 963 4023 ‚
981 3984 1097 4020 Sanctae
1115 3986 1220 4020 Mariae

628 113 1435 173 CONVENTIONES,
1489 110 1882 167 LiTERAE,

2351 200 2430 237 ΑΠΠ.
2443 203 2485 242 D;
2512 225 2518 229 ¹

1396 291 1454 322 Pro
1472 285 1696 333 Archiepisbopo
1712 284 1855 334 Armagh
1873 284 1909 318 de
1931 288 2024 319 Cruce
2037 281 2224 335 Bajulanda.
2257 276 2269 281 ⁷
2349 247 2466 338 ᾆξ’-ἒξ.
2512 299 2515 302 ·

1269 372 1326 428 R
1336 367 1362 402 E
1372 372 1420 411 X,
1439 372 1600 403 Venerabili
1615 373 1644 403 in
1659 371 1776 403 Christo
1794 371 1870 402 Patri
1885 387 1971 395 —-—
1986 369 2170 408 Archiepilco
2191 382 2211 403 o
2225 372 2332 408 Dubli.
2347 364 2401 396 An.
2419 381 2462 404 ¹1,

1294 448 1299 452 ¹
1347 412 1420 449 niae,
1438 411 1486 442 vel
1498 412 1554 450 ejus
1568 411 1686 442 Vicario
1701 410 1854 448 Generali,
1872 410 1892 439 si
1911 409 2001 447 ipsum
2023 409 2162 448 Arcbiepi
2173 421 2282 450 copurn
2294 415 2331 446 ad
2347 406 2375 444 ¹³.-
2395 417 2422 444 3-

1264 446 1328 477 alias
1341 458 1430 486 partes
1444 449 1584 481 divertere
1597 450 1624 480 se
1639 451 1798 489 contingat,
1815 449 1942 479 Salutem
2246 451 2250 454 ‘
2270 450 2274 455 ”
2343 442 2483 484 Glaufiin

1302 486 1387 532 Cum
1407 498 1496 526 nuper
1507 511 1518 526 ‚
1543 498 1592 526 per
1606 487 1704 533 'Breve
1724 487 1855 519 nostrum
1865 510 1874 531 ,
1886 483 1943 531 ,sub
1963 486 2062 531 Sigillo
2074 510 2085 526 ,
2103 489 2163 526 quo
2176 489 2284 530 utimur
2297 492 2329 523 in
2342 482 2374 521 Β,-
2385 493 2444 526 3·P-
2455 501 2482 524 2⁴

1264 522 1406 556 Hibernia
1421 550 1430 564 ,
1452 526 1677 558 mandaverimus
1691 550 1701 566 ,
1731 525 1892 557 Venerabili
1912 534 1982 564 patri
2000 541 2086 550 -—-
2105 525 2331 571 Archiepisoopo
2344 523 2456 559 'nd-d·

1265 561 1301 592 de
1307 564 1461 632 sffrmagh,
1480 565 1565 596 totius
1579 565 1730 597 Hiberniae
1743 565 1876 604 Primati,
1895 565 1976 603 quod
1989 563 2052 603 Ipse
2065 565 2100 595 ad
2109 563 2333 602 Pariiam'e‘ntum
2357 572 2364 582 ²

1265 610 1305 631 no
1333 613 1414 642 rum,
2146 629 2151 633 -
2200 623 2204 626 —

1339 641 1396 672 uod
1410 641 1484 680 apud
1499 640 1762 679 Dubliniatn,infra
1777 641 1939 674 Dioecefim
1953 641 2076 674 vestram
2091 642 2124 674 δι’
2137 641 2335 687 Provinciam,

1264 677 1299 708 ad
1351 680 1592 724 rastinumusantfti
1614 680 1740 718 Hilarii,
1765 683 1901 720 proximo
1926 681 2053 712 futurum
2067 704 2078 721 ,
2096 691 2151 720 pro
2165 683 2332 721 quibusdam

1264 716 1368 748 Arduis
1383 718 1519 756 Negotiis
1532 718 1651 756 nostris,
1668 719 1841 750 summoneri
1857 721 2068 758 mandavimus,

1304 755 1487 801 Personaliter
1498 757 1624 795 intersit,
1642 757 1750 787 ibidem
1761 758 1841 796 super
1855 758 1936 789 dietis
1949 759 2103 798 Negotiis,
2120 760 2178 790 unii
2191 770 2261 792 curn
2272 761 2334 794 aliis
2353 778 2359 786 ·

1264 794 1406 834 Praelatis,
1423 797 1457 828 &
1477 795 1662 835 proceribus,
1677 795 1780 827 Terrae
1801 797 1944 834 praedictae
1956 822 1967 836 ,
1989 798 2152 829 traCtaturus
2165 821 2175 837 ,
2192 798 2333 840 suumque

1264 832 1424 865 Consilium
1438 834 1631 873 impensurus,

1301 872 1347 916 Ac
1358 874 1418 911 jam
1434 873 1655 904 intellexerimus
1671 873 1751 912 quod
1758 883 1809 904 vos
1823 874 1914 912 ipsum
1925 874 2181 915 Archiepiscopum
2190 876 2316 919 Armagh

1263 920 1314 948 qui
1328 911 1362 941 ad
1373 911 1485 942 difflun
1501 911 1740 950 Parliamentum,
1751 913 1827 951 juxta
1844 913 2015 944 Mandatum
2036 916 2054 935 *
2074 915 2204 946 nostrum
2225 903 2328 955 praedi-'
2345 921 2363 938 ⁸¹¹
2378 921 2430 953 tv.

1264 950 1347 992 Cium
1354 950 1518 993 ,qaccedere
1531 949 1572 980 est
1588 952 1802 990 paratus,super
1816 951 1991 988 Bajulatione
2004 951 2104 984 Crucis
2116 954 2172 986 suae
2196 956 2226 985 in
2236 954 2326 988 Dioe-
2338 958 2359 988 >8

1263 991 1341 1032 cele,
1360 990 1418 1033 live
1432 989 1590 1020 Provincia
1602 989 1712 1028 vestra,
1729 989 1822 1020 versus
1839 989 2058 1022 Parliamentum
2072 992 2140 1025 illud
2154 1017 2164 1033 ,
2180 976 2328 1034 ³proponi.
2343 971 2410 1018 '³34⁴

1262 1034 1298 1057 tis
1313 1027 1466 1067 impedire,
1485 1038 1534 1066 per
1549 1028 1629 1066 quod
1642 1028 1720 1058 idern
1736 1027 1977 1067 Archiepiscopus
1991 1029 2028 1059 ab
2043 1030 2149 1062 eodem
2156 1032 2331 1066 Parliamen-
2344 1044 2355 1049 ’“

1263 1074 1295 1096 to
1299 1067 1449 1135 §trabere
1460 1067 1487 1098 se
1500 1067 1638 1106 intendit,
1656 1067 1706 1098 nisi
1720 1066 1801 1105 super
1816 1067 1874 1098 hoc
1887 1068 1963 1098 aliud
1978 1077 2028 1106 per
2042 1068 2112 1100 Nos
2125 1071 2290 1113 ordinetur,
2350 1093 2356 1101 t

1337 1116 1385 1144 os,
1914 1138 1917 1140 s
2094 1130 2097 1131 ν
2125 1129 2128 1132 ›
2184 1132 2203 1145 ,1
2353 1129 2357 1137 ι

1299 1143 1444 1175 Nolentes
1466 1143 1600 1183 praedieta
1624 1144 1753 1186 Negotia
1773 1145 1868 1177 nostra
1886 1144 2043 1186 aliqualiter
2057 1146 2205 1188 retardari,
2223 1150 2262 1183 set
2274 1161 2330 1184 vo.

1261 1181 1349 1213 lentes
1364 1183 1422 1221 Ea,
1462 1193 1527 1215 rout
1539 1184 1669 1223 expedit,
1688 1185 1834 1222 maturari,
2006 1183 2010 1190 '

1285 1220 1392 1267 ‘Vobis-
1403 1193 1532 1267 digriCte
1545 1221 1735 1267 Prohibemus
1751 1233 1787 1253 ne
1798 1223 1893 1254 eidem
1907 1222 2132 1263 Archiepiscopo
2146 1249 2156 1264 ,
2174 1225 2220 1257 seu
2234 1225 2332 1260 homi-

1260 1260 1346 1305 mbus
1355 1261 1426 1300 suis,
1441 1262 1512 1292 infra
1525 1261 1632 1292 dustam
1649 1261 1810 1294 Dioecesim
1830 1261 1952 1293 vestram
1969 1286 1980 1302 ,
2004 1263 2062 1294 sive
2076 1263 2264 1296 Provinciam
2278 1277 2330 1298 ve-
2351 1279 2354 1283 ·

1260 1300 1420 1339 nientibus,
1437 1300 1518 1339 super
1532 1299 1704 1338 Bajulatione
1719 1301 1822 1331 Crucis
1836 1301 1919 1339 ipsius
1933 1301 2150 1340 Archiepiscopi
2163 1311 2229 1334 ante
2239 1303 2282 1344 se,
2297 1306 2330 1336 in
2350 1304 2354 1310 '

1260 1338 1406 1381 veniendo
1435 1338 1469 1369 ad
1495 1338 1714 1370 Parliamentum
1737 1340 1909 1377 praedica-um
1924 1363 1934 1379 ‚
1958 1340 2067 1371 ibidem
2093 1341 2235 1373 morando
2249 1365 2259 1382 ‚
2283 1343 2329 1374 seu

1260 1376 1363 1420 eitinde
1375 1377 1410 1407 ad
1424 1376 1544 1421 Propria
1561 1377 1706 1409 redeundo
1721 1402 1731 1417 ,
1756 1377 1928 1416 Dampniim
1940 1403 1950 1417 ,
1969 1378 2135 1410 Molestiam
2144 1402 2154 1419 ‚
2170 1380 2217 1411 seu
2232 1380 2329 1420 Impe-

1260 1415 1422 1459 ditnentum
1443 1416 1558 1454 aliquod
1575 1416 1698 1448 inferatis
1709 1442 1720 1456 ,
1751 1417 1797 1448 seu
1819 1418 1855 1447 ab
1874 1417 1931 1448 aliis
1947 1417 2100 1456 aliqualiter
2111 1419 2210 1450 inferri
2222 1429 2329 1459 procu-

1259 1462 1338 1485 retis:

1299 1492 1426 1525 Scientes
1440 1493 1536 1532 quod,
1555 1493 1576 1524 fi
1588 1493 1665 1525 secus
1677 1494 1817 1533 feceritis,
1835 1494 1870 1525 ad
1884 1505 1953 1534 vos,
1972 1501 2106 1534 tanquam
2130 1495 2165 1528 ad
2182 1496 2332 1537 Negotio-

1261 1542 1326 1563 rum
1348 1532 1515 1564 nostrorum
1537 1531 1745 1572 Impeditorem
1759 1558 1768 1572 ‚
1793 1535 1915 1573 graviter
1930 1557 1939 1572 ‚
1963 1543 2048 1572 prout
2062 1537 2217 1575 convenit,
2236 1537 2351 1575 capio-i

1261 1579 1340 1602 mus:
2348 1583 2353 1589 ·

1287 1608 1504 1653 ‘Mandavimus
1517 1611 1595 1641 enim
1617 1609 1868 1650 vicecomitibus,
1887 1610 2000 1643 Ballivis
2016 1635 2026 1650 ‚
2045 1609 2204 1652 Ministris,
2222 1614 2257 1645 &
2271 1613 2331 1644 aliis
2348 1634 2351 1637 -

1262 1647 1403 1679 Fidelibus
1423 1649 1549 1688 nostris,
1574 1651 1697 1687 partium
1717 1649 1916 1688 praediCtarum
1932 1674 1941 1689 ,
1974 1651 2034 1681 tam
2054 1651 2125 1683 infra
2147 1652 2306 1684 Libertates
2345 1662 2351 1680 ε

1261 1687 1351 1730 quam
1370 1696 1447 1718 extra
1461 1710 1470 1726 ‚
1497 1687 1578 1726 quod
1598 1689 1739 1727 praedicto
1762 1689 1988 1737 Archiepiscopo
1999 1712 2010 1728 ‚
2029 1690 2099 1721 cum
2115 1691 2204 1728 ipsum
2221 1690 2256 1721 ad
2272 1674 2333 1722 Di-'
2347 1705 2349 1714 ν

1262 1725 1412 1756 ίὶτιᾶυυπι
1433 1726 1547 1757 suorum
1568 1726 1632 1757 loca
1647 1750 1657 1766 ,
1683 1736 1717 1758 ex
1731 1726 1814 1758 causa
1826 1727 1978 1765 praedista,
1999 1727 2143 1760 declinare
2159 1730 2332 1769 contigerit,

1261 1773 1435 1806 occurrant,
1458 1765 1492 1796 &
1509 1767 1536 1795 ei
1556 1766 1586 1796 in
1608 1765 1779 1805 Bajulatione
1799 1766 1962 1804 hujusmodi
1977 1766 2116 1807 affistant,
2135 1769 2268 1807 quotiens
2282 1775 2334 1808 per

1262 1801 1358 1841 Ipsum
1373 1802 1400 1833 su
1423 1813 1452 1833 er
1465 1804 1524 1835 hoc
1538 1804 1642 1835 fuerint
1658 1805 1790 1843 requisiti.

1299 1840 1388 1873 Teste
1434 1851 1487 1881 ege
1497 1842 1571 1881 apud
1585 1841 1721 1874 Bukeden
1730 1867 1740 1882 ,
1756 1843 1882 1875 secundo
1895 1843 1942 1875 die
1951 1843 2090 1883 Januarii.

1998 1923 2052 1952 Per
2067 1920 2221 1952 Concilium,

1302 2051 1397 2096 Super
1414 2047 1606 2095 Bajulatione
1618 2048 1761 2131 praetaZa
1772 2075 1782 2091 ‚
1810 2047 1855 2081 ad
1870 2046 1907 2082 V
1906 2050 2071 2082 icecomites
2089 2051 2121 2081 in
2138 2045 2295 2097 Hybernia
2343 2063 2345 2065 ¹

1635 2101 1722 2131 Man
1745 2108 1831 2130 atum
1850 2100 1951 2145 Regis.

1265 2181 1398 2240 REX
1423 2183 1654 2215 vicecomitibus
1667 2207 1677 2223 ,
1702 2182 1814 2214 Ballivis
1827 2207 1836 2221 ,
1862 2182 2006 2215 Ministris
2053 2184 2087 2216 &
2107 2183 2166 2216 aliis
2190 2183 2336 2216 Fidelibus
2353 2193 2381 2227 Α
2442 2193 2476 2227 D

1261 2259 1295 2291 ἃ
1343 2223 1411 2292 guas,
1428 2223 1457 2252 in
1469 2222 1626 2262 Hibernia,
1644 2224 1704 2254 tarn
1719 2223 1790 2253 infra
1799 2207 2072 2262 Libertates,qu'am
2088 2232 2181 2262 extra,
2197 2223 2232 2254 ad
2248 2234 2335 2263 quos,-
2379 2205 2465 2276 {¹333
2478 2201 2487 2230 ἔ

1297 2269 1323 2289 c.
1392 2269 1478 2293 utem.

1299 2298 1397 2330 Sciatis
1419 2298 1501 2338 quod
1515 2323 1525 2338 ‚
1543 2301 1613 2332 cum
1637 2310 1686 2339 per
1705 2300 1796 2332 Breve
1818 2300 1968 2339 nostrum,
1987 2300 2038 2332 sub
2050 2301 2078 2333 Si
2101 2301 2166 2340 illo,
2183 2311 2245 2340 quo
2260 2299 2333 2333 Uti-
2350 2278 2403 2341 ’ἔῃ
2423 2284 2466 2303 Π”

1262 2346 1326 2368 mur
1346 2339 1376 2368 in
1397 2337 1471 2382 dista
1494 2336 1586 2382 Terra
1606 2339 1757 2369 Hiberniae
1769 2363 1779 2377 ,
1806 2339 2058 2379 Mandaverimus,
2077 2309 2242 2371 Venerabili
2255 2339 2337 2377 Patri
2347 2322 2426 2380 pjg'

1261 2414 1277 2444 b
1363 2377 1592 2423 *Archiepiscopo
1611 2378 1646 2408 de
1661 2378 1790 2418 Armagh
1805 2401 1816 2417 ,
1834 2375 1895 2413 &a
1910 2387 1990 2417 prout
2000 2378 2087 2419 fhpra
2101 2378 2180 2420 usque
2194 2378 2252 2410 haec
2265 2390 2332 2409 ver-
2347 2394 2378 2418 13.
2400 2362 2467 2428 3¹¹?

1278 2424 1313 2451 a,-
1333 2426 1395 2445 vtz.
2438 2438 2453 2444 -

1298 2453 1344 2484 Ac
1360 2455 1419 2492 jam
1439 2454 1660 2486 intellexerimus
1681 2454 1762 2494 quod
1783 2454 1898 2493 quidam
1911 2455 2006 2494 Ipsum
2023 2455 2279 2494 Archiepiscopum
2294 2455 2332 2486 de
2350 2436 2378 2468 3⁸
2393 2438 2430 2457 ἠ’
2441 2446 2466 2465 ·’“’

1260 2491 1408 2537 Armagh,
1427 2495 1476 2532 qui
1490 2494 1524 2524 ad
1539 2494 1648 2524 dietum
1663 2493 1895 2532 parliamentum,
1917 2495 1997 2533 juitta
2014 2494 2184 2525 Mandatum
2198 2493 2332 2525 nostrum

1258 2532 1453 2576 praec'iietum,
1474 2533 1610 2563 accedere
1632 2532 1672 2563 est
1695 2541 1805 2570 paratus
1819 2556 1829 2570 ,
1854 2532 1936 2570 super
1957 2532 2129 2570 Bajulatione
2141 2531 2246 2563 Crucis
2259 2532 2332 2571 sim,

1258 2579 1288 2599 in
1300 2570 1383 2601 distis
1398 2570 1536 2602 Dioecese
1551 2571 1607 2602 five
1623 2569 1794 2609 Provincia,
1811 2570 1906 2601 versus
1920 2569 2144 2601 parliamentum
2161 2569 2246 2609 illud,
2263 2581 2332 2609 pro-

1259 2618 1372 2646 ponunt
1392 2609 1534 2647 impedire
1550 2634 1558 2647 ,
1584 2619 1635 2647 per
1658 2609 1735 2647 quod
1749 2608 1825 2638 idem
1842 2608 2085 2645 Archiepiscopus
2098 2609 2135 2639 de
2150 2608 2279 2647 Armagh
2293 2610 2331 2640 ab

1258 2647 1364 2678 eodem
1380 2647 1572 2692 parliamento
1586 2647 1727 2679 retrahere
1746 2646 1774 2677 se
1795 2645 1915 2676 intendit
1928 2669 1939 2684 ‚
1961 2646 2010 2677 nili
2020 2646 2100 2685 super
2114 2647 2174 2678 hoc
2187 2647 2262 2679 aliud
2277 2658 2328 2687 per

1259 2684 1296 2714 N
1297 2695 1334 2754 (1sz
1343 2685 1506 2724 ordinetur,

1335 2734 1386 2762 os,
2333 2744 2335 2747 -

1298 2762 1442 2794 Nolentes
1462 2762 1596 2802 praedhfiia
1617 2763 1752 2801 Negotia
1771 2761 1866 2794 nostra
1879 2761 2035 2802 aliqualiter
2048 2762 2193 2802 retardari,
2211 2763 2250 2795 set
2265 2762 2331 2796 Vo-

1259 2800 1347 2832 lentes
1360 2812 1407 2840 ea,
1426 2812 1511 2840 prout
1523 2801 1650 2840 expedit,
1671 2803 1821 2839 maturari,

1299 2840 1392 2871 Vobis
1405 2841 1533 2885 districte
1549 2842 1732 2885 prohibemus
1750 2850 1787 2871 ne
1799 2839 1892 2884 eidem
1902 2839 2125 2881 Archiepiscopo
2139 2840 2177 2872 de
2186 2841 2328 2880 Armagh,

1259 2879 1305 2923 seu
1319 2878 1548 2923 Horninibuskde
1564 2879 1679 2923 Familia
1693 2879 1755 2917 sua,
1775 2881 1804 2910 in
1820 2879 1963 2910 veniendo
1975 2880 2010 2909 ad
2024 2879 2245 2911 parliamentum
2255 2889 2327 2917 prae-

1259 2917 1385 2987 muln'
1401 2928 1450 2988 {Xer
1463 2918 1629 2988 lDicieifelim
1642 2918 1687 2949 seu
1702 2918 1889 2987 PSroignciarn
1903 2917 2055 2962 antedictas
2067 2942 2078 2957 ,
2093 2919 2149 2968 una
2164 2928 2233 2950 cum
2248 2918 2326 2949 Cru-

1260 2966 1391 3025 {idipsis
1399 2965 1705 3041 Ρςῗρὲῖρςὲἕὲἆηὲῗῖ
1723 2957 1896 3040 133ῑὲζὲἰώ
1907 2956 2328 3040 ζὺὶκῗιῗῇἇῖὲῖᾇῗῗὲῗιίἷιῗὲεῗῇἶ

1260 3042 1391 3065 mentum
1404 3034 1520 3073 aliquod
1532 3034 1670 3073 inferatis,
1688 3043 1735 3064 aut
1748 3034 1784 3065 ab
1804 3034 1862 3064 aliis
1881 3033 1976 3063 inferri
1990 3033 2143 3071 aliqualiter
2156 3042 2331 3073 procuretis;

1260 3072 1299 3104 set
1320 3072 1369 3103 Eis
1392 3075 1501 3111 potius,
1520 3074 1589 3104 curn
1606 3074 1677 3111 ipsos
1689 3083 1738 3111 per
1752 3071 1944 3103 Distrie‘tuum
1958 3070 2124 3102 Vestrorum
2142 3071 2224 3102 Loca
2238 3080 2326 3103 trans-

1260 3112 1332 3181 ἔξω
1342 3113 1637 3182 ῑῗέἓιῗὲξὲοῐέἓῗεήὲῖ
1654 3112 1841 3182 &sci-'3533
1852 3110 2042 3178 ἓῗὲἓῗιῗείὲὲ
2059 3108 2328 3180 Βῗέζέὲὴὲἶξωῗξὲἓ·
2363 3131 2366 3133 “

1565 3162 1601 3181 vu
2237 3176 2246 3181 .

1260 3161 1362 3220 habgre
1378 3174 1626 3228 faciatis'quotiens
1639 3190 1675 3221 &
1689 3187 1822 3228 quando,
1839 3196 1890 3225 per
1904 3185 1993 3226 ipsos,
2011 3170 2092 3227 super
2106 3187 2166 3220 hoc
2173 3160 2237 3227 ,Ἐξ
2247 3160 2329 3228 ¹paru}

1259 3227 1373 3267 nostra,
1393 3228 1498 3260 fueritis
1513 3228 1646 3269 requisiti.

1296 3266 1331 3296 In
1346 3268 1441 3305 cujus,
1459 3267 1520 3297 &c.

1298 3304 1388 3336 Teste
1402 3304 1486 3345 Rege
1497 3304 1572 3344 apud
1586 3303 1738 3343 Bukeden,
1756 3303 1841 3336 tertio
1855 3301 1901 3335 die
1912 3302 2044 3345 Januarii.

1952 3383 2007 3412 Per
2022 3381 2105 3421 ipsum
2119 3384 2225 3420 Regem.

1558 3514 1618 3545 Pro
1638 3509 1797 3545 Edwardo
1811 3513 1890 3557 Rege
1908 3513 2019 3545 Scotiae.

1264 3595 1320 3651 R
1330 3595 1356 3628 E
1371 3596 1404 3642 X
1422 3596 1627 3635 Thesaurario,
1644 3596 1678 3628 &
1695 3594 1862 3627 Camerariis
1875 3594 2100 3639 suin-Salutem.
2210 3631 2216 3637 1
2342 3612 2418 3644 ΑΜ.
2432 3613 2466 3645 D

1287 3674 1291 3679 .
1342 3636 1494 3681 ‘Liberate
1507 3659 1518 3675 ‚
1541 3636 1576 3666 de
1598 3635 1756 3679 Thesauro.
1768 3634 1867 3679 nostro
1882 3657 1892 3673 ,
1918 3633 2038 3664 Dilecto
2051 3629 2275 3668 Consangumeo
2288 3630 2323 3662 δε
2362 3661 2375 3682 1
2422 3653 2449 3683 8·
2467 3637 2475 3646 ·

1261 3673 1349 3704 Fideli
1369 3675 1470 3705 nostro
1483 3698 1493 3714 ,
1517 3673 1662 3706 Edwardo
1683 3673 1757 3713 Regi
1773 3673 1896 3711 Scotiae,
1912 3672 1958 3704 vel
1971 3670 2125 3708 Raduipho
2141 3669 2178 3700 de
2191 3669 2325 3708 Malton,
2382 3662 2416 3693 33

1261 3711 1379 3744 Clerico
1393 3714 1475 3751 ipsius
1490 3713 1599 3752 Regis,
1617 3712 1727 3752 Viginti
1742 3712 1843 3742 Libras
1849 3735 1860 3750 2
1877 3720 1944 3750 qua-5
1958 3709 2076 3749 Pfaefato
2089 3707 2169 3746 Regi
2182 3708 2323 3740 conceffi'
2339 3692 2460 3767 {12¹¹}

1261 3761 1324 3782 mus
1339 3751 1375 3782 de
1391 3752 1484 3783 Dono
1498 3751 1608 3783 nostro.
1672 3789 1678 3795 .
1939 3787 1945 3794 ἠ
2004 3787 2009 3792 ¹
2139 3784 2155 3790 ..
2340 3751 2446 3797 Ludat

1298 3789 1391 3822 Teste
1405 3791 1491 3831 Rege
1502 3790 1576 3830 apud
1591 3790 1712 3834 Turrim
1727 3788 1866 3820 London.
1881 3795 1967 3819 tertio
1980 3785 2028 3817 die
2034 3785 2166 3825 Januaru.
2342 3817 2351 3835 ι
2361 3817 2384 3836 ι.
2397 3811 2427 3835 E.
2445 3815 2472 3843 3

1577 3869 1631 3898 Per
1644 3865 1726 3906 iPfi‘m
1738 3868 1836 3906 Regem
1848 3863 1888 3902 ὀ·
1900 3862 2005 3896 Billam
2016 3860 2214 3901 thfimrariae.
2331 3855 2370 3874 θ’·
2390 3854 2417 3874 2-

2235 4069 2258 4113 *ἒ
2273 4078 2330 4109 Ρη
