2562 4279
603 159 637 199 E
689 157 730 196 T
840 156 880 197 A
936 157 976 197 C
1030 157 1069 197 T
1124 149 1161 188 Α

2 251 75 283 Ann.
92 247 131 278 D.
149 254 230 286 prout
250 246 312 277 haec
326 247 355 276 in
372 244 477 282 Regno
491 244 524 274 &
535 243 633 274 Terris
646 242 665 261 '¹‘
674 240 830 279 praedietis,
846 240 902 271 sole
917 240 1034 279 claritis,
1047 241 1106 279 jam
1120 236 1216 269 clares-

4 296 74 356 riti-¹
82 295 105 352 32.
150 295 231 353 curiit:
244 323 322 360 super
338 320 483 360 praemiffis
498 320 582 349 nobis
601 319 634 348 &
656 317 756 347 incolis
776 316 922 360 praedietis.
934 327 983 354 per
1001 317 1164 359 captionem
1181 314 1214 344 &

16 364 36 383 ⁸¹²
69 364 119 390 ΙΙΙ.
155 362 347 392 detentionem
362 367 514 396 corporum
531 358 691 393 dictorum,
711 355 779 392 Pepi
799 355 831 385 &
854 355 940 392 Lupi,
959 357 1119 385 immunitas
1140 352 1214 382 suffi-

156 403 231 431 ciens
243 409 302 429 non
316 407 436 436 paratur,
453 395 595 425 sanctitati
614 393 713 423 vestrae
731 393 838 422 devotis
859 394 988 430 precibus
1011 392 1212 429 supplicamus,

155 440 279 477 quatinus
294 446 409 473 corpora
425 433 587 463 eorumdem
598 456 605 469 >
624 431 693 469 Pepi
706 432 738 462 &
759 431 844 467 Lapi,
860 430 895 460 ad
918 440 967 460 nos
986 432 1058 460 infra
1076 430 1210 466 Regnum

153 476 280 507 nostrum
304 475 395 512 jubere
409 471 568 507 dignemini
591 470 739 507 destinari,
758 477 787 498 ut
806 469 863 506 ibi,
888 469 936 498 ubi
955 468 1092 506 praemissa
1113 478 1211 505 ptrpe-

149 515 273 552 trarunt,
290 514 323 544 &
335 512 370 542 de
385 507 540 540 commistis
553 509 683 545 probatio
705 507 803 548 claritis
818 505 876 537 fieri
890 508 980 544 potest
995 529 1005 545 ,
1033 507 1091 537 tarn
1112 507 1210 543 nobis,

149 554 234 591 qquni
256 552 328 588 aliis,
346 548 421 587 quod
442 548 548 584 dejure
563 548 592 576 in
609 547 660 576 hac
672 554 746 583 parte
768 546 862 574 iacere
883 553 1008 576 tenentur
1023 568 1032 583 ,
1058 544 1208 582 adimplere

148 591 255 622 facilius
266 586 474 627 compellantur.
938 621 943 627 ⁸
1113 622 1119 627 .

187 629 294 660 Contra
311 624 421 655 eosdem
449 621 623 653 Mercatores
646 630 755 659 autem,
775 620 867 659 quoad
889 620 1065 652 amiii‘ionem
1092 629 1157 651 Vitae
1175 621 1208 651 &

149 667 363 701 membrorum,
380 662 526 693 occasione
547 659 700 698 praedieta,
719 659 870 697 procedere
887 670 945 690 non
962 660 1131 690 intendimus
1152 659 1208 689 ullo

146 705 241 736 modo.

184 742 236 773 Per
252 747 439 771 memoratum
452 736 612 767 Henricum
633 736 730 774 (quem
744 735 777 766 ad
794 734 892 766 vestr-ae
913 736 1070 767 Sanctitatis
1090 733 1208 773 praesen-

148 782 214 811 tiam
232 779 399 809 remittimus
415 785 449 806 ex
469 775 524 804 hac
543 774 634 811 causi)
661 773 831 814 quaesumus,
848 775 927 813 super
946 773 1110 813 praemissis,
1128 774 1209 803 nobis

150 818 264 850 rescribi
279 816 376 848 vestrae
391 813 561 851 beneplacita
575 813 728 844 voluntatis.

34 403 99 437 416.

182 893 337 925 Conservet
344 915 354 931 ‚
372 893 432 923 &c.

180 970 250 1001 Dat.
266 969 338 1007 apud
357 968 482 1000 Dovorr.
502 967 639 999 vicesimo
656 966 779 1000 secundo
793 968 838 998 die
852 966 934 999 Maii.

291 1096 341 1130 De
365 1097 507 1129 Denariis
527 1106 582 1142 pro
602 1096 731 1143 paffiigio
756 1099 843 1143 Regis
864 1094 1036 1129 libera-adis.

142 1180 282 1239 REX,
298 1180 406 1211 dilectis
423 1181 457 1212 δε
469 1181 596 1212 fidelibus
609 1181 675 1219 suis,
697 1180 838 1217 Magistro
857 1180 982 1219 Jordano
1004 1178 1156 1218 Moraurit,
1172 1178 1207 1208 ὃς

216 1219 377 1250 Willielmo
388 1219 425 1249 de
444 1219 591 1260 Chydon,
609 1219 781 1249 Custodibus
801 1217 1066 1256 Archiepiscopati‘is
1084 1218 1208 1250 Cantua-

141 1258 190 1290 riae
202 1259 341 1295 vacantis,
358 1259 391 1289 &
405 1258 434 1286 in
449 1267 533 1288 manu
547 1257 640 1287 nostra
651 1257 809 1294 existentis,
826 1257 948 1287 salutem.

182 1297 353 1327 Mandamus
369 1296 449 1326 vobis
467 1295 564 1333 quod,
587 1296 624 1325 de
636 1296 752 1326 exitibus
772 1295 880 1325 Ballivae
901 1295 937 1325 de
958 1294 1123 1335 Aldynton,
1143 1303 1207 1331 quse

143 1335 184 1365 est
201 1335 237 1365 de
257 1334 502 1372 Archiepiscopatu
519 1334 655 1372 praedicto
689 1334 789 1364 habere
813 1333 933 1372 faciatis,
951 1333 1055 1364 dilecto
1079 1334 1111 1363 &
1133 1332 1207 1362 fideli

143 1373 258 1412 nostro,
279 1372 405 1403 Roberto
425 1373 460 1402 de
476 1371 618 1411 Kendale,
638 1357 852 1402 C'onstabulario
875 1371 965 1402 Castri
978 1371 1064 1402 nostri
1081 1371 1206 1401 Dovorr.

142 1413 176 1443 ὃς
197 1411 318 1442 Custodi
337 1411 472 1448 Quinque
493 1410 628 1441 Portuum
647 1410 822 1448 nostrorum,
848 1410 991 1440 Nicholao
1015 1410 1154 1447 Larcher,
1173 1409 1206 1439 ὃ(

141 1451 301 1480 Willielmo
317 1449 453 1488 Larcher,
468 1448 599 1480 ducentas
620 1449 699 1480 libras
721 1459 773 1487 pro
793 1448 920 1486 praesenti
943 1448 1070 1486 paffagio
1091 1447 1207 1485 nostro,

141 1489 174 1520 &
195 1489 314 1519 aliorum
331 1488 478 1518 nobiscum
491 1487 722 1518 transfretantium
744 1487 834 1517 versus
855 1496 942 1524 partes
957 1487 1137 1517 Franciae·&
1155 1496 1206 1515 nos

141 1527 225 1557 vobis
238 1526 318 1564 inde,
339 1527 365 1555 in
379 1534 517 1564 compoto
531 1525 623 1556 vestro
629 1549 639 1565 ,
658 1526 692 1557 ad
713 1526 892 1557 Scaccarium
914 1525 1060 1564 nostrum,
1078 1510 1206 1555 debitam

141 1565 336 1596 allocationern
350 1565 451 1596 habere
464 1564 606 1595 faciemus.

0 1199 71 1232 Ami.
86 1197 125 1228 D.

23 1246 105 1277 ¹313·

0 1280 44 1304 Au.
58 1279 81 1302 6⁴

0 1319 22 1342 Ε.
33 1324 57 1343 2.

0 1352 76 1389 Claus.
96 1353 124 1381 6.

0 1395 25 1419 Ε.
40 1400 66 1419 2.
85 1399 121 1417 m.

178 1641 268 1673 Teste
288 1640 375 1681 Rege
389 1628 465 1680 ‘apud
482 1641 607 1673 Dovorr.
624 1642 761 1674 vicesimo
777 1642 858 1673 tertio
875 1641 922 1672 die
941 1641 1024 1672 Maii.

824 1722 877 1749 Per
894 1716 976 1758 ipficm
993 1720 1097 1754 Regem.

338 1845 388 1877 De
412 1847 489 1892 Rege
514 1849 546 1877 in
560 1854 663 1890 partes
685 1845 814 1877 Franciae
835 1844 1016 1889 transeunte.

0 1949 66 1982 Ann.
79 1948 120 1980 D.

13 1997 96 2028 13¹3·

0 2030 43 2056 An.
58 2030 83 2056 6.

0 2070 22 2092 Ε.
38 2075 62 2092 2,

0 2104 116 2137 Claus.6.

0 2145 24 2169 Ε.
40 2151 66 2168 2.
80 2151 118 2169 m.

139 1928 230 1987 ME
238 1937 264 1959 M
273 1939 294 1959 o
302 1938 326 1960 R
336 1938 355 1959 A
366 1937 388 1959 Ν
397 1940 419 1960 D
427 1938 485 1961 UM
502 1930 577 1971 quod
589 1933 722 1960 Dominus
748 1932 808 1960 Rex
821 1952 830 1969 ,
854 1930 895 1959 die
920 1930 1067 1966 Mercurii,
1083 1930 1210 1966 proximo

219 1967 277 2008 post
291 1967 394 2036 Fdestum
409 1971 504 1999 Sanffi
520 1968 677 2008 Dunstani,
701 1969 843 2006 videlicet,
870 1972 898 1997 in
921 1966 1018 2004 vigilia
1042 1967 1210 2007 Ascensionis

142 2009 267 2045 Domim,
286 2018 304 2035 a
337 2014 424 2037 ortum
438 2007 522 2046 Solis,
539 2018 612 2037 anno
626 2010 710 2044 Regni
718 2007 762 2045 sui
770 2008 870 2046 sexto,
887 2007 927 2036 ad
938 2005 1132 2046 requifitionem
1148 2008 1210 2034 Do-

142 2048 206 2074 mini
218 2049 319 2074 Summi
333 2044 492 2086 Pontificis,
511 2056 609 2075 necnon
624 2044 661 2080 &⁶
675 2049 752 2082 Regis
765 2049 904 2083 Franciae,
923 2053 973 2083 pro
993 2043 1148 2084 quibusdam
1162 2055 1209 2073 ne·-

140 2087 219 2122 gotiis
227 2083 333 2123 statum
347 2084 472 2114 Ducatzis
484 2087 671 2124 Aquitanniae
686 2083 875 2121 tangentibus:
933 2086 937 2088 “

182 2124 230 2151 Ac
247 2125 367 2159 Regina,
384 2121 422 2157 ὠ·
437 2125 568 2160 Domini,
595 2121 740 2160 Johannes
763 2123 794 2152 de
817 2120 969 2151 Britannia*
990 2118 1209 2157 Richemundiae,

145 2157 184 2194 ᾤ’
199 2161 347 2189 Adomarus
359 2160 390 2189 de
404 2159 531 2190 Valentia*
547 2159 739 2197 Pembrochiae,
766 2162 895 2196 Comites,
919 2157 957 2192 ὠ
979 2161 1111 2187 Dominus
1130 2159 1210 2194 Hugo

144 2199 169 2228 le
184 2196 343 2237 Despenffer,
361 2197 400 2233 &
415 2197 464 2226 alii
480 2201 645 2235 Magnam,
661 2204 725 2226 tunc
735 2201 872 2235 temporis,
890 2207 946 2225 curn
960 2197 1011 2234 ipJo
1028 2198 1143 2225 Domino
1157 2198 1211 2225 Re-

141 2248 175 2275 ge
190 2237 264 2276 apud
275 2240 395 2265 Dovorr.
411 2235 505 2272 versus
512 2242 607 2273 partes
624 2238 746 2265 Franciae
760 2233 998 2274 transfretdrunt:

181 2277 223 2304 Et
237 2274 375 2313 Episcopus
390 2273 565 2313 Exonienfis‚
583 2271 621 2306 ό·
635 2272 685 2301 alii
701 2277 848 2311 Magnates
860 2273 941 2311 ipsum
956 2275 1102 2302 Dominum
1114 2274 1211 2309 Regem

137 2311 303 2353 postmodum
316 2311 462 2350 adierunt,
479 2309 517 2345 (ἔφ’
530 2321 657 2348 magnum
670 2310 792 2347 Sigillum
799 2310 875 2350 ipftus
883 2314 996 2340 Domini
1008 2313 1086 2347 Regis
1101 2321 1195 2340 reman

143 2350 180 2392 fit
194 2355 222 2380 in
234 2349 348 2390 custodia
363 2353 474 2379 Domini
488 2348 680 2389 PVygornienfis
696 2348 834 2388 Epifi‘opi,
851 2348 970 2389 Custodis
990 2349 1103 2387 ejusdem
1126 2347 1212 2386 Sigilli

146 2393 176 2419 in
198 2388 323 2426 Anglii,
353 2388 387 2418 ub
415 2387 494 2426 igillis
517 2390 710 2426 Dominarum,
728 2388 804 2417 Adae
828 2388 860 2417 de
887 2387 1019 2433 Osgodeby
1028 2410 1037 2425 ,
1054 2385 1165 2416 Roberti
1183 2387 1215 2416 de

149 2428 268 2457 Bardelb
264 2439 285 2467 y
293 2450 303 2466 ,
415 2427 517 2459 illielmi
530 2427 563 2458 de
575 2429 610 2456 A
603 2435 749 2467 yremynne
756 2449 767 2466 ,
777 2425 849 2466 ficut
856 2429 934 2465 prius
954 2436 988 2455 ex
1005 2431 1134 2464 praecepto
1146 2422 1216 2464 ejufi

149 2466 208 2496 dem
220 2469 332 2496 Domini
345 2469 431 2504 Regis.

484 2594 535 2627 De
549 2594 644 2625 Scotis
667 2590 859 2638 repulfizndis.

213 2677 293 2717 EX,
310 2677 418 2710 dilectis
433 2679 467 2710 ὅτ.
479 2677 603 2709 fidelibus
613 2677 664 2708 suis
679 2676 861 2714 comitibus,
879 2675 1049 2714 BaronibuS,
1066 2674 1218 2714 Militibus,

1 2706 133 2788 A1n3ni3P⁰
150 2718 323 2786 saluoelinberis
333 2717 514 2756 hominibus,
530 2727 564 2748 ac
577 2717 630 2747 toti
643 2715 854 2747 Cummunitati
878 2713 1040 2745 Comitatus
1052 2712 1219 2752 Cumbriae,

191 2794 337 2825 Accedens
351 2794 387 2825 ad
408 2803 459 2824 nos
473 2802 579 2833 nuper,
595 2793 713 2824 diledius
731 2793 764 2824 &
785 2791 871 2823 fidelis
894 2790 1006 2829 noster,
1023 2790 1164 2822 Henricus
1181 2790 1218 2822 de

28 2846 33 2852 ·
75 2843 82 2850 ·
154 2831 283 2872 Maiton,
300 2843 368 2864 curn
382 2833 466 2864 literis
477 2832 571 2863 vestris
579 2832 615 2863 de
627 2831 875 2870 credentia‚nobis
889 2830 1017 2868 directis,
1034 2830 1220 2868 pluradarnp-

4 2867 66 2892 ΡΜ
91 2861 117 2887 ⁶·
155 2879 190 2900 na
204 2870 237 2900 &
253 2872 429 2910 gravamina,
446 2871 527 2901 vobis
548 2880 595 2908 per
608 2871 725 2908 Scotos,
742 2869 897 2907 Inimicos,
914 2869 948 2899 &
965 2868 1094 2898 Rebelles
1110 2868 1218 2899 nostros

10 2905 40 2928 Ε·
57 2909 70 2926 ²
95 2905 110 2936 P
963 2906 1116 2944 supplicans
1139 2908 1221 2950 nobis

114 2921 121 2927 ·
155 2907 345 2945 multipliciter
359 2909 445 2948 illata,
472 2909 588 2946 provide
608 2908 779 2947 exposuit&
798 2907 915 2938 discrete
931 2919 937 2923 ·

128 2957 133 2964 ·
155 2946 233 2984 super
250 2946 377 2984 dampnis
395 2948 428 2977 &
452 2947 660 2984 gravaminibus
680 2946 853 2985 hujusmodi,
873 2947 903 2976 in
921 2930 951 2975 ἦ]

158 2994 206 3022 per
222 2994 272 3014 nos
286 2985 440 3015 remedium
452 2985 588 3015 adhiberi.

195 3021 247 3062 Et,
264 3024 328 3061 quia
337 3024 398 3061 jam
413 3022 505 3054 sumus
518 3023 553 3053 ad
585 3031 651 3054 artes
665 3023 869 3061 transmarinas,
887 3032 940 3061 pro
951 3021 1114 3060 quibusdam
1130 3020 1221 3052 arduis

158 3062 296 3100 negotiis,
320 3071 373 3091 nos
395 3062 429 3092 ὃς
449 3060 549 3091 statum
601 3060 694 3091 ucatsis
710 3061 799 3091 nostri
817 3061 1011 3099 Aequitanniae
1033 3060 1224 3099 contingentia

159 3100 228 3137 bus,
245 3099 412 3138 profecturi,
429 3099 462 3130 &
476 3098 576 3130 exinde
593 3109 661 3129 cum
674 3098 849 3129 festinatione
861 3101 891 3129 in
903 3099 1050 3138 Angliam,
1070 3098 1136 3128 Deo
1151 3108 1217 3136 pro-

160 3138 249 3176 pitio,
265 3138 392 3177 redituri,
408 3148 476 3175 nm,
494 3137 530 3167 de
545 3137 671 3168 fidelitate
685 3136 775 3167 vestra
788 3136 896 3174 plenius
907 3136 1223 3177 confidentes„speran-

164 3185 203 3206 tes
212 3176 230 3195 ⁴¹²
240 3177 323 3206 etiarn
338 3177 417 3214 quod
430 3186 480 3214 ea,
496 3186 559 3214 quae
567 3176 601 3206 ad
611 3174 747 3210 ‚nostrum
758 3175 898 3205 honorem
911 3175 944 3206 &
960 3174 1080 3205 vestram
1093 3176 1223 3205 iecurita-

164 3223 224 3245 tem
242 3214 274 3244 &
289 3215 500 3253 tranquilitatem
514 3237 524 3253 ,
549 3214 626 3252 super
643 3213 793 3251 repulsione
813 3212 955 3244 dictorum
982 3212 1170 3244 Inimicorum
1188 3214 1222 3244 &

163 3252 328 3284 Rebellium
341 3252 513 3291 nostrorum,
532 3254 696 3289 contingere
709 3260 853 3290 poterunt,
871 3251 957 3282 velitis
970 3261 1071 3281 omnes
1090 3252 1160 3281 vires
1174 3260 1222 3281 eit⁴

163 3291 292 3329 tendere,
310 3299 390 3328 prout
404 3291 535 3322 hadienus
545 3291 716 3322 laudabiliter
729 3290 851 3329 fecistis,
869 3289 943 3321 unde
955 3298 1007 3321 vos
1020 3300 1077 3320 non
1096 3290 1223 3320 immeri-

166 3333 200 3361 to
217 3328 462 3367 commendamus,

202 3367 294 3398 Vobis
305 3368 465 3398 mandamus
476 3375 622 3406 rogantes,
639 3368 668 3397 in
681 3366 736 3397 fide
748 3367 782 3398 &
793 3366 962 3405 dileetione,
979 3367 1079 3405 quibus
1090 3368 1173 3397 nobis
1184 3374 1225 3397 te-

166 3407 294 3444 nemini,
313 3404 491 3436 nihilominus
503 3405 617 3436 firmiter
629 3406 819 3444 injungentes,
837 3406 913 3443 quod
931 3406 965 3435 ad
986 3405 1167 3443 repulsionem
1181 3405 1226 3435 di-

168 3447 281 3477 &orum
293 3443 479 3473 inimicorum
494 3444 527 3474 &
549 3443 708 3474 Rebellium
728 3443 905 3481 nostrorum,
922 3444 955 3474 &
974 3443 1075 3474 salvam
1097 3444 1130 3474 &
1148 3444 1226 3474 secu-

168 3494 228 3516 ram
240 3482 396 3513 custodiam
409 3481 524 3519 partium
537 3481 685 3512 vestrarum
706 3481 918 3522 praedictarum,
936 3492 1053 3511 omnem
1072 3483 1226 3519 potentiam

170 3524 204 3554 &
220 3521 413 3558 diligentiam,
432 3529 497 3556 quas
509 3521 647 3558 poteritis,
664 3521 822 3559 apponatis,
840 3521 876 3550 ita
888 3520 963 3558 quod
977 3519 1110 3551 fidelitatis
1130 3520 1228 3551 vestrae

168 3559 353 3592 constantiam
366 3558 514 3588 debeamus
526 3557 622 3588 exinde
636 3560 739 3588 merito
749 3557 928 3589 comendare.

212 3598 278 3628 Nos
292 3606 401 3634 autem,
419 3594 482 3634 post
496 3594 648 3638 regressum
669 3595 816 3635 nostrum,
829 3598 905 3636 juxta
924 3596 1129 3634 possibilitatem
1149 3596 1229 3627 debi-

174 3646 232 3673 tam
247 3634 448 3672 festinandum,
466 3643 481 3663 a
495 3632 576 3663 dietis
590 3634 708 3670 partibus
725 3634 921 3673 transmarinis,
938 3634 1015 3672 super
1034 3635 1178 3673 praemissis
1191 3644 1231 3666 ta-

171 3675 198 3705 le
212 3674 369 3704 remedium
386 3681 577 3710 apponemu3‚
594 3673 672 3708 quod
687 3672 721 3702 ad
741 3673 867 3704 nostrum
887 3674 1026 3703 honorem
1046 3673 1143 3712 cedet,
1162 3673 1228 3704 Deo

172 3713 271 3780 dange,
289 3713 322 3743 &
333 3710 423 3742 vestra
437 3711 579 3748 securim,
596 3711 628 3741 &
640 3710 719 3747 plena
732 3712 897 3750 tranquilitas
912 3721 1012 3743 extunc
1035 3713 1228 3751 praeparabitur

177 3761 208 3781 in
233 3759 350 3782 uturum.

953 2953 1046 2976 turum
1068 2945 1221 2983 evitandis,

215 3825 302 3859 Teste
314 3825 399 3866 Rege
411 3827 484 3866 apud
498 3827 676 3865 Dovorram,
693 3827 827 3860 vicesimo
839 3829 919 3860 tertio
932 3828 978 3858 die
994 3824 1074 3858 Maii.

864 3907 917 3936 Per
933 3902 1079 3945 Confiliumg

262 4092 333 4122 Em.
350 4095 390 4123 II.
411 4095 444 4124 P.
461 4096 487 4131 1,

1266 148 1844 197 PUBLICA.

2262 175 2313 214 41

1573 279 1603 281 U
2336 241 2413 273 Ann.
2425 237 2466 274 D;

2356 289 2441 321 1313.

1277 320 1337 354 Ad
1357 324 1470 367 Papam
1486 333 1542 368 pro
1570 325 1720 369 Bonifacio
1744 327 1780 360 de
1801 329 1930 362 Salaciis
1953 327 2168 375 Confhnguineo
2190 332 2285 377 Regis.
2335 323 2442 349 Edon„

1248 404 1396 459 PAPAE
1416 405 1477 436 Rex
1491 406 1592 438 devota
1608 408 1711 445 pedum
1727 411 1816 442 oscula
1831 413 1984 444 beatorum.
2334 411 2409 442 Ann.
2423 411 2463 445 D.

1325 443 1443 488 Quanto
1457 444 1492 474 de
1508 446 1604 475 vestrae
1619 446 1786 479 Clementiae
1802 451 1927 489 largiflua
1941 453 2064 483 bonitate
2085 450 2216 482 fiduciam
2233 454 2307 490 geri·
2346 459 2432 491 1313.

1247 486 1308 510 mus
1321 481 1508 525 specialiorem
1518 506 1527 521 ,
1545 492 1623 514 tanto
1638 495 1700 514 eam
1716 496 1766 523 pro
1779 486 1842 526 illis,
1861 493 1908 527 qui
1921 492 2000 521 nobis
2012 491 2041 520 in
2053 489 2309 528 Consanguinitdtis
2332 492 2384 516 Aa.
2400 494 2428 519 6.

1247 526 1350 562 amore-
1360 530 1588 560 conjunguntur,
1606 522 1746 560 specialius
1758 527 1918 558 excitamus.
2329 531 2349 553 E
2380 537 2405 555 ²·

1269 555 1475 603 ..Desiderantes
1491 561 1574 595 igitur
1586 561 1682 590 dilecti
1698 562 1907 600 Consanguinei
1920 566 2027 605 nostri,
2047 564 2178 604 Magistri
2193 566 2305 598 Bonifa-
2324 569 2394 593 ΚΜ-
2412 563 2446 598 ύ-

1247 603 1286 623 cii
1302 595 1337 639 de
1356 596 1484 640 Saluciis,
1500 599 1612 642 honoris
1633 600 1666 629 &
1687 603 1837 631 commodi
1857 604 2077 644 incrementum,
2096 605 2183 643 ipsum
2209 607 2305 636 vestrae
2327 608 2366 630 Fr·
2386 606 2412 631 ⁶·
2434 607 2464 631 Ε·

1245 631 1443 677 benivolentiae
1456 638 1544 678 ⁴(quae
1562 637 1695 667 Virtuosos
1715 638 1822 677 diligit,
1847 641 1879 670 &
1901 643 1939 671 eis
1961 642 1987 672 se
2004 644 2116 674 exhibet
2144 644 2303 682 gratiosam)
2327 651 2352 669 2·
2371 651 2408 670 ⁷7¹·
2421 643 2463 670 ¹52

1247 674 1357 716 iinceris
1370 673 1515 704 affectibus
1526 675 1780 714 commendamus3
2324 680 2377 709 dvr-

1288 707 1587 755 Votivetsupplicantes
1610 714 1734 750 quatinus
1755 716 1868 751 negotia
1887 715 1957 746 dieti
1979 717 2186 757 Consanguinei
2204 720 2308 760 nostri,

1246 746 1409 793 Beatitudini
1421 750 1541 793 vestrae,
1559 752 1578 781 si
1592 751 1675 782 libeat
1689 774 1698 789 ‚
1716 754 1900 792 porrigenda,
1918 755 2040 792 benigne
2055 760 2163 798 audire,
2181 761 2214 791 δε
2231 762 2310 798 {uper

1247 786 1316 824 hiis,
1330 798 1364 831 =iri
1381 789 1478 826 quibus
1492 789 1664 827 Apostolicae
1685 790 1842 821 Sanctitate
1861 794 1948 829 gratia
1972 795 2095 831 indigere
2116 798 2255 835 noscitur,
2272 798 2311 829 fic

1247 834 1297 868 vos
1311 836 1353 870 ei,
1371 830 1389 856 ii
1404 826 1510 865 placet,
1530 828 1657 870 exhibere
1673 828 1830 864 dignemini
1846 830 1873 859 in
1895 831 2067 862 exhibitione
2086 834 2184 866 favoris
2198 837 2231 868 δε
2246 846 2310 873 gra-

1247 870 1293 907 tiae
1314 864 1455 908 liberales,
1475 866 1551 903 quod
1567 868 1640 904 ipie,
1658 867 1759 896 nostrae
1778 867 1975 898 interceffionis
1991 870 2106 902 obtentu
2121 894 2130 910 ,
2153 875 2309 905 efficaciam

1245 901 1283 931 sui
1298 902 1421 946 desiderii
1439 905 1481 942 (ut
1496 904 1677 935 desideranter
1690 906 1853 943 appetimus)
1871 906 1979 937 facilius
1991 909 2123 947 consequi
2137 913 2218 947 poffit
2231 913 2307 950 super

1246 948 1367 977 negotiis
1383 942 1537 978 praelibatis.

1283 978 1452 1011 conservet,
1472 981 1532 1011 &c.

1284 1054 1352 1086 Dat.
1367 1056 1439 1094 apud
1454 1055 1588 1096 Punmse,
1601 1057 1719 1090 decimo
1734 1067 1831 1100 quarto
1845 1059 1891 1091 die
1900 1059 1987 1099 junii.

1718 1138 1771 1166 Per
1785 1139 1878 1166 Breve
1891 1137 1923 1166 de
1930 1141 2044 1176 privato
2055 1130 2152 1177 Sigillo.

1256 1263 1306 1294 De
1328 1261 1478 1307 Comittffiz
1501 1263 1647 1298 Wzrennae
1669 1262 1713 1295 ad
1732 1265 1840 1310 Regem
1863 1266 1895 1296 in
1913 1261 2053 1309 partibus
2074 1265 2284 1309 transmarinis

1689 1312 1852 1345 accedente.

1246 1394 1512 1464 Rlisfflttgffinibus
1529 1395 1656 1436 Amicis,
1670 1396 1796 1436 Bauius,
1810 1397 1842 1429 &
1859 1396 1999 1428 Fidelibus
2012 1397 2080 1437 suis,
2096 1397 2130 1429 ad
2145 1409 2232 1439 quos,
2249 1401 2309 1431 &c.
2334 1401 2408 1433 Anu,
2420 1400 2460 1432 D,

1283 1470 1360 1501 Cum
1375 1459 1502 1512 flabella,
1521 1471 1671 1517 Comitissa
1686 1473 1858 1512 Warennae,
1875 1474 1978 1512 Neptis
1991 1474 2083 1506 nostra
2096 1475 2252 1516 kariffiina,
2278 1477 2314 1508 de
2333 1449 2443 1508 14:232?

1245 1510 1378 1579 gaffngzto
1394 1510 1490 1541 nostro
1502 1511 1630 1551 speciali,
1648 1512 1682 1543 ad
1704 1522 1755 1543 nos
1769 1513 1804 1543 ad
1823 1521 1911 1551 partes
1925 1513 2114 1545 transmarinas
2132 1517 2192 1570 jam
2214 1516 2245 1546 fit
2266 1525 2313 1546 ac·
2332 1522 2368 1582 {a
2384 1528 2423 1582 με

1285 1586 1345 1617 Vos
1360 1572 1466 1618 a’imicos
1479 1597 1627 1628 rogamus,
1646 1589 1727 1619 vobis
1750 1588 1857 1620 Ballivis
1874 1590 1907 1620 &
1927 1590 2065 1622 Fidelibus
2086 1590 2200 1622 firmiter
2221 1593 2315 1630 injun-
2336 1565 2406 1620 Ειὶ.
2424 1576 2446 1629 Ρ

1247 1634 1360 1670 gentes,
1379 1627 1453 1664 quod
1470 1627 1595 1664 praefatae
1609 1626 1785 1666 Comitiffse,
1804 1637 1849 1659 aut
1864 1627 2045 1668 hominibus,
2062 1629 2157 1660 secum
2169 1629 2315 1661 inComi-
2336 1640 2443 1666 2.m.4.

1246 1672 1305 1694 tiva
1318 1664 1363 1694 sua
1378 1665 1573 1704 existentibus,
1590 1666 1617 1696 in
1637 1666 1775 1704 personis,
1791 1674 1837 1696 aut
1860 1668 1954 1705 equis,
1972 1668 2112 1705 hernefiis,
2129 1668 2176 1699 seu
2191 1669 2249 1699 aliis
2268 1679 2313 1699 re-

1246 1701 1297 1732 bus
1310 1702 1360 1733 suis
1374 1703 1600 1744 quibuscunque,
1618 1705 1647 1734 in
1662 1704 1801 1749 veniendo
1815 1704 1849 1735 ad
1864 1715 1914 1735 nos
1927 1706 1960 1736 ad
1975 1714 2064 1743 partes
2078 1706 2315 1747 supradictasffler

1245 1748 1366 1808 xxxam,
1384 1747 1427 1772 ieu
1440 1752 1489 1780 per
1505 1752 1599 1780 mare,
1616 1753 1674 1774 non
1687 1743 1825 1782 inferatis,
1842 1743 1902 1779 &a
1914 1751 1998 1784 prout
2019 1748 2048 1774 in
2070 1745 2243 1786 confimzlibus
2259 1750 2313 1777 Li-

1283 1817 1317 1848 In
1332 1818 1426 1857 cujus,
1445 1819 1504 1850 &c.
1524 1819 1608 1858 usque
1621 1819 1656 1851 ad
1672 1819 1786 1851 Festum
1802 1820 1879 1852 Beati
1893 1819 1971 1852 Petri
1991 1821 2027 1853 ad
2041 1822 2154 1854 vincula
2169 1822 2316 1855 duratura&

1284 1893 1392 1926 Datum
1409 1895 1541 1927 London.
1560 1896 1675 1928 decimo
1693 1898 1794 1937 quinto
1807 1897 1853 1928 die
1860 1897 1954 1936 Junii.

1403 2035 1453 2066 De
1474 2034 1600 2079 expensis
1621 2034 1755 2079 Hospitii
1777 2036 1864 2080 Regis
1887 2032 1919 2066 in
1943 2033 2157 2069 Parliamenw.

1249 2115 1369 2170 REX
1387 2117 1564 2148 Vicecomiti
1580 2116 1709 2156 Kantiae,
1727 2118 1851 2150 salutem.
2339 2127 2415 2161 Αῃῃ,
2429 2127 2470 2159 D,

1341 2155 1614 2200 Qia,ad·expensas
1629 2156 1753 2194 Hospitii
1771 2157 1874 2195 nostri,
1891 2166 1943 2194 pro
1956 2165 2166 2197 tempore,quo
2179 2168 2231 2190 nos
2243 2158 2317 2198 apud
2360 2177 2443 2208 1313,

1250 2192 1553 2232 westmonasterium,
1571 2205 1624 2232 pro
1638 2195 1823 2227 Parliamento
1837 2195 1947 2233 nostro,
1966 2197 2043 2235 quod
2066 2196 2172 2228 ibidem
2192 2197 2318 2229 summo·
2339 2211 2394 2236 An,
2409 2211 2436 2235 ⁶,

1250 2235 1310 2264 neri
1326 2231 1458 2271 fecimus,
1476 2242 1586 2263 moram
1603 2233 1695 2264 facere
1706 2235 1908 2273 proponimus,
1925 2234 2029 2266 diversa
2042 2245 2145 2273 genera
2153 2235 2318 2268 victualium
2338 2249 2366 2273 Ε,
2388 2255 2413 2272 2,

1250 2279 1362 2310 oportet
1376 2271 1533 2302 necessario
1549 2281 1599 2301 nos
1612 2271 1730 2311 habere,
2340 2282 2429 2317 Claus.
2445 2283 2471 2311 6„

1284 2310 1356 2340 Tibi
1379 2311 1576 2347 praecipimus,
1592 2309 1705 2340 firmiter
1726 2309 2065 2349 injungentes‚qut›d‚de
2078 2312 2195 2343 exitibus
2208 2311 2319 2344 Ballivae
2339 2326 2372 2350 Ε,
2393 2331 2420 2349 2,

1252 2357 1324 2385 mae,
1342 2348 1372 2377 in
1386 2348 1487 2378 eadem
1501 2347 1619 2385 Ballivfi,
1636 2348 1696 2377 tam
1708 2349 1778 2378 infra
1797 2348 1952 2387 libertates,
1971 2350 2057 2387 quam
2073 2359 2164 2389 exua,
2180 2352 2210 2380 in
2232 2351 2320 2390 locis,
2343 2370 2379 2388 m,
2396 2369 2424 2388 2,

1252 2388 1281 2416 in
1296 2386 1396 2425 quibus
1410 2386 1446 2416 ad
1460 2387 1547 2424 majus
1562 2386 1753 2417 commodum
1766 2386 1892 2417 nostrum
1901 2408 1911 2424 ,
1929 2388 1962 2418 &
1978 2388 2013 2418 ad
2026 2389 2121 2420 minus
2135 2390 2321 2427 dampnum*
2358 2401 2371 2415 ο
2385 2398 2440 2427 111,

1253 2426 1402 2456 hominum
1419 2425 1541 2462 partium
1556 2424 1663 2454 illarum
1679 2425 1707 2454 id
1721 2423 1779 2455 fieri
1797 2426 1917 2463 poterit,
1940 2435 1996 2456 100
2019 2428 2151 2466 quarteria
2173 2426 2322 2458 frumenti:

1258 2473 1315 2495 100
1335 2464 1468 2501 quarteria
1490 2462 1582 2493 brasii:
1602 2472 1661 2492 200
1677 2464 1810 2501 quarteria
1828 2473 1938 2495 avenae:
1957 2473 1997 2504 40
2018 2466 2120 2497 boves:
2144 2475 2200 2497 100
2221 2467 2325 2497 multo-

1255 2512 1318 2533 nes:
1337 2504 1369 2532 &
1385 2511 1425 2541 40
1441 2511 1554 2539 porcos:
1573 2501 1606 2531 ad
1621 2511 1691 2539 opus
1705 2501 1831 2533 nostrum
1846 2503 1904 2532 emi
1920 2502 1953 2533 &
1968 2505 2129 2544 provideri,
2147 2505 2181 2536 ὃ(
2195 2514 2227 2536 ea
2243 2504 2326 2544 usque

1258 2540 1547 2572 Westmonasterium
1562 2539 1619 2569 fine
1631 2539 1766 2570 dilatione
1778 2541 1845 2571 duci
1859 2540 1960 2579 facias,

1292 2578 1333 2610 Ita
1347 2578 1422 2617 quod
1439 2579 1488 2608 sint
1501 2577 1610 2608 ibidem
1622 2578 1651 2607 in
1665 2578 1785 2615 quidena
1805 2579 1966 2609 Nativitatis
1984 2579 2081 2612 Sancti
2094 2580 2233 2621 Johannis
2253 2582 2330 2621 Bap-

1255 2617 1341 2657 tistae,
1359 2617 1490 2656 proximo
1503 2616 1594 2647 futura
1608 2617 1642 2646 ad
1657 2617 1809 2657 ultimum,
1825 2619 1963 2655 recepturi
1977 2619 2143 2651 victualium
2160 2619 2323 2652 nostrorum

1256 2657 1365 2688 ibidem
1378 2655 1530 2686 liberanda:

1294 2695 1330 2740 Et
1343 2694 1401 2725 hoc
1410 2717 1421 2733 ,
1438 2694 1507 2724 sicut
1521 2692 1638 2731 teipsum
1652 2692 1840 2732 indempnem
1859 2693 1964 2726 servare
1977 2694 2117 2736 volueris,
2134 2696 2211 2728 nullo
2234 2698 2324 2730 modo

1259 2741 1383 2767 omittas:
1828 2766 1829 2769 Ἴ

1295 2772 1332 2803 Et
1345 2770 1457 2810 custos,
1474 2779 1543 2809 quos
1557 2771 1586 2800 in
1601 2772 1748 2811 emptione
1761 2771 1794 2801 ἃ
1813 2770 1948 2802 ductione
1969 2772 2135 2803 eorumdem
2158 2773 2324 2806 victualium

1258 2810 1292 2842 ad
1307 2818 1358 2841 nos
1372 2809 1507 2848 posueris,
1525 2816 1594 2839 cum
1608 2809 1668 2839 illos
1681 2810 1959 2849 sciverimiu,tibi'in
1967 2819 2183 2850 compototuO,
2199 2813 2235 2843 ad
2242 2813 2328 2845 Scae<

1260 2850 1368 2880 carium
1383 2848 1528 2886 nostrum,
1545 2847 1658 2878 allocari
1676 2848 1818 2879 faciemus.

1296 2925 1385 2957 Teste
1397 2924 1423 2965 J.
1440 2924 1556 2956 Bathon.
1571 2925 1603 2957 &
1616 2923 1740 2955 Wellen.
1754 2921 1912 2965 Episcopo,
1929 2922 2046 2957 decimo
2059 2926 2135 2958 sexto
2146 2926 2193 2958 die
2202 2927 2289 2967 Junii.

2366 2435 2432 2473 418.

1383 3014 1495 3046 Eodem
1511 3014 1603 3046 modo
1620 3013 1784 3046 mandatum
1803 3014 1844 3046 est
1860 3014 2033 3054 subscriptis3
2050 3016 2199 3055 videlicet,

1300 3092 1496 3123 Vieecomitibus
1510 3095 1611 3122 Surriae
1626 3090 1664 3126 ό
1676 3091 1819 3132 Suffixiae,
1834 3100 1883 3131 pro
1898 3101 1955 3123 100
1970 3092 2130 3132 Qarteriis
2150 3095 2305 3124 Frumenti:

1299 3140 1358 3170 500
1378 3130 1539 3170 Qarteriis
1553 3135 1684 3161 Avenae:

1300 3180 1341 3209 40
1358 3169 1498 3199 Bovibus:

1302 3218 1362 3239 200
1380 3207 1568 3244 Multonibu55

1297 3248 1341 3276 Et
1355 3255 1395 3285 40
1411 3248 1508 3276 Porcis.

1301 3322 1500 3353 Vicecomitibus
1517 3321 1635 3363 Eſjexiae
1658 3320 1697 3358 ό·
1715 3321 1902 3362 Hertfhrdiae,
1913 3328 1964 3360 pro
1989 3330 2049 3352 200
2072 3322 2234 3363 Qarteriis
2256 3325 2326 3353 Frua-

1369 3366 1471 3391 menti:

1306 3409 1363 3431 100
1380 3400 1539 3441 Qarteriis
1555 3398 1664 3438 Brafii:

1304 3448 1363 3469 200
1381 3440 1540 3478 Qarteriis
1557 3441 1688 3468 Avenae:

1304 3487 1344 3513 40
1362 3477 1499 3507 Bovibus:

1304 3522 1363 3545 200
1382 3515 1571 3553 Multonibu55

1305 3556 1349 3583 Et
1364 3563 1406 3593 40
1423 3556 1522 3584 Porcis.

1305 3631 1500 3661 chcomitihus
1515 3629 1669 3669 Beajfhrdiae
1683 3628 1722 3665 ἀι
1735 3627 1958 3668 Bukinghamiae‚
1970 3633 2019 3665 pro
2030 3635 2086 3657 100
2092 3624 2254 3667 Qarteriie
2260 3624 2332 3664 Fra}

1376 3674 1476 3700 menti:

1308 3713 1368 3739 200
1386 3707 1548 3746 Quarteriis
1561 3706 1670 3746 Brafii:

1309 3757 1371 3777 200
1387 3746 1548 3785 Qarteriis
1564 3749 1691 3774 Avenae:

1311 3794 1352 3824 40
1371 3784 1510 3813 bovibus:

1314 3832 1372 3853 100
1390 3820 1576 3856 Multonibus,·

1311 3863 1354 3891 Et
1365 3870 1406 3899 40
1419 3863 1518 3890 Portis.

1315 3939 1464 3968 chcomiti
1479 3932 1768 3974 Norththamptoniae,
1778 3940 1830 3974 pro
1845 3938 1902 3965 1'00
1914 3933 2074 3975 Qarteriis
2086 3932 2246 3966 frumentis

1310 3985 1376 4007 '200
1393 3974 1550 4014 Quarteriis
1565 3973 1670 4013 Brafii:

1337 4024 1356 4043 0
1375 4012 1512 4049 bovibusg

1348 4060 1362 4084 t
1376 4062 1416 4091 40
1429 4053 1527 4082 Porcisi

1789 4086 1811 4124 ti
2271 4080 2367 4133 nce,
