<?xml version="1.0" encoding="UTF-8"?>
<!DOCTYPE html PUBLIC "-//W3C//DTD XHTML 1.0 Transitional//EN"
    "http://www.w3.org/TR/xhtml1/DTD/xhtml1-transitional.dtd">
<html xmlns="http://www.w3.org/1999/xhtml" xml:lang="en" lang="en">
 <head>
  <title>
</title>
<meta http-equiv="Content-Type" content="text/html;charset=utf-8" />
  <meta name='ocr-system' content='tesseract 3.04.00' />
  <meta name='ocr-capabilities' content='ocr_page ocr_carea ocr_par ocr_line ocrx_word'/>
</head>
<body>
  <div class='ocr_page' id='page_1' title='image "./fderaconventione02ryme_0643.png"; bbox 0 0 2562 4279; ppageno 0'>
   <div class='ocr_carea' id='block_1_1' title="bbox 705 142 1176 192">
    <p class='ocr_par' dir='ltr' id='par_1_1' title="bbox 705 142 1176 192">
     <span class='ocr_line' id='line_1_1' title="bbox 705 142 1176 192; baseline 0 0"><span class='ocrx_word' id='word_1_1' title='bbox 705 142 816 192; x_wconf 88' lang='lat' dir='ltr'>ET</span> <span class='ocrx_word' id='word_1_2' title='bbox 899 142 1176 192; x_wconf 80' lang='lat' dir='ltr'>ACTA</span> 
     </span>
    </p>
   </div>
   <div class='ocr_carea' id='block_1_2' title="bbox 169 277 378 285">
    <p class='ocr_par' dir='ltr' id='par_1_2' title="bbox 169 277 378 285">
     <span class='ocr_line' id='line_1_2' title="bbox 169 277 378 285; baseline 0 3994"><span class='ocrx_word' id='word_1_3' title='bbox 169 277 378 285; x_wconf 95' lang='lat' dir='ltr'> </span> 
     </span>
    </p>
   </div>
   <div class='ocr_carea' id='block_1_3' title="bbox 0 235 1166 545">
    <p class='ocr_par' dir='ltr' id='par_1_3' title="bbox 0 235 1166 545">
     <span class='ocr_line' id='line_1_3' title="bbox 4 235 136 280; baseline -0.008 -12"><span class='ocrx_word' id='word_1_4' title='bbox 4 235 79 280; x_wconf 71' lang='lat' dir='ltr'>Ann.</span> <span class='ocrx_word' id='word_1_5' title='bbox 94 236 136 267; x_wconf 89' lang='lat' dir='ltr'>D.</span> 
     </span>
     <span class='ocr_line' id='line_1_4' title="bbox 21 281 106 315; baseline -0.024 0"><span class='ocrx_word' id='word_1_6' title='bbox 21 281 106 315; x_wconf 80' lang='lat'>1337-</span> 
     </span>
     <span class='ocr_line' id='line_1_5' title="bbox 0 317 1166 382; baseline 0 -19"><span class='ocrx_word' id='word_1_7' title='bbox 0 317 68 344; x_wconf 73' lang='lat' dir='ltr'>zdv.</span> <span class='ocrx_word' id='word_1_8' title='bbox 86 323 112 352; x_wconf 81' lang='lat'>3‘</span> <span class='ocrx_word' id='word_1_9' title='bbox 203 333 413 379; x_wconf 35' lang='lat' dir='ltr'>Dej-Po‘testm</span> <span class='ocrx_word' id='word_1_10' title='bbox 430 327 600 382; x_wconf 60' lang='lat' dir='ltr'>Rea-{piendi</span> <span class='ocrx_word' id='word_1_11' title='bbox 621 332 765 365; x_wconf 84' lang='lat' dir='ltr'><em>Homines</em></span> <span class='ocrx_word' id='word_1_12' title='bbox 780 330 816 365; x_wconf 84' lang='lat' dir='ltr'>de</span> <span class='ocrx_word' id='word_1_13' title='bbox 835 334 933 365; x_wconf 76' lang='lat' dir='ltr'>Scotia</span> <span class='ocrx_word' id='word_1_14' title='bbox 951 330 996 364; x_wconf 80' lang='lat' dir='ltr'>ad</span> <span class='ocrx_word' id='word_1_15' title='bbox 1007 328 1113 365; x_wconf 82' lang='lat' dir='ltr'><em>Fidem</em></span> <span class='ocrx_word' id='word_1_16' title='bbox 1130 332 1166 368; x_wconf 58' lang='grc' dir='ltr'>εἰν</span> 
     </span>
     <span class='ocr_line' id='line_1_6' title="bbox 573 382 798 426; baseline -0.009 -12"><span class='ocrx_word' id='word_1_17' title='bbox 573 382 681 415; x_wconf 73' lang='lat' dir='ltr'>Pacem</span> <span class='ocrx_word' id='word_1_18' title='bbox 699 382 798 426; x_wconf 80' lang='lat' dir='ltr'>Regis.</span> 
     </span>
     <span class='ocr_line' id='line_1_7' title="bbox 0 459 838 545; baseline -0.007 -45"><span class='ocrx_word' id='word_1_19' title='bbox 0 469 75 539; x_wconf 36' lang='grc' dir='ltr'>ἕως</span> <span class='ocrx_word' id='word_1_20' title='bbox 84 474 108 493; x_wconf 85' lang='lat'>¹·</span> <span class='ocrx_word' id='word_1_21' title='bbox 147 463 270 541; x_wconf 55' lang='lat' dir='ltr'>RE}</span> <span class='ocrx_word' id='word_1_22' title='bbox 284 459 609 545; x_wconf 46' lang='lat' dir='ltr'>Qifffgffi’ffi‘ssfiwffi</span> <span class='ocrx_word' id='word_1_23' title='bbox 624 465 684 496; x_wconf 74' lang='lat' dir='ltr'>sec.</span> <span class='ocrx_word' id='word_1_24' title='bbox 702 462 838 495; x_wconf 65' lang='lat' dir='ltr'>sautem.</span> 
     </span>
     <span class='ocr_line' id='line_1_8' title="bbox 68 517 542 542; baseline 0 -5"><span class='ocrx_word' id='word_1_25' title='bbox 68 523 76 532; x_wconf 79' lang='grc'><strong><em>·</em></strong></span> <span class='ocrx_word' id='word_1_26' title='bbox 269 519 311 540; x_wconf 72' lang='lat' dir='ltr'>Cla¹</span> <span class='ocrx_word' id='word_1_27' title='bbox 324 517 345 537; x_wconf 80' lang='lat' dir='ltr'>is</span> <span class='ocrx_word' id='word_1_28' title='bbox 381 517 398 537; x_wconf 77' lang='lat' dir='ltr'>U</span> <span class='ocrx_word' id='word_1_29' title='bbox 532 528 542 542; x_wconf 71' lang='grc' dir='ltr'>ι,</span> 
     </span>
    </p>
   </div>
   <div class='ocr_carea' id='block_1_4' title="bbox 0 526 59 572">
    <p class='ocr_par' dir='ltr' id='par_1_4' title="bbox 0 526 59 572">
     <span class='ocr_line' id='line_1_9' title="bbox 0 526 59 572; baseline -0.034 0"><span class='ocrx_word' id='word_1_30' title='bbox 0 526 59 572; x_wconf 69' lang='lat' dir='ltr'>rb&#39;iae.</span> 
     </span>
    </p>
   </div>
   <div class='ocr_carea' id='block_1_5' title="bbox 143 538 1213 777">
    <p class='ocr_par' dir='ltr' id='par_1_5' title="bbox 143 538 1213 661">
     <span class='ocr_line' id='line_1_10' title="bbox 182 538 1213 585; baseline -0.007 -7"><span class='ocrx_word' id='word_1_31' title='bbox 182 547 233 578; x_wconf 87' lang='lat' dir='ltr'>De</span> <span class='ocrx_word' id='word_1_32' title='bbox 248 546 380 577; x_wconf 83' lang='lat' dir='ltr'>fidelitate</span> <span class='ocrx_word' id='word_1_33' title='bbox 395 542 514 582; x_wconf 67' lang='lat' dir='ltr'>probata</span> <span class='ocrx_word' id='word_1_34' title='bbox 534 544 568 574; x_wconf 92' lang='lat'>&amp;</span> <span class='ocrx_word' id='word_1_35' title='bbox 590 540 850 585; x_wconf 55' lang='lat' dir='ltr'>circumspeccione</span> <span class='ocrx_word' id='word_1_36' title='bbox 871 538 1008 577; x_wconf 67' lang='lat' dir='ltr'>provida,</span> <span class='ocrx_word' id='word_1_37' title='bbox 1027 538 1213 584; x_wconf 74' lang='lat' dir='ltr'>DileC‘torum</span> 
     </span>
     <span class='ocr_line' id='line_1_11' title="bbox 143 576 1212 622; baseline -0.008 -5"><span class='ocrx_word' id='word_1_38' title='bbox 143 585 178 616; x_wconf 84' lang='lat'>&amp;</span> <span class='ocrx_word' id='word_1_39' title='bbox 193 585 333 616; x_wconf 87' lang='lat' dir='ltr'>Fidelium</span> <span class='ocrx_word' id='word_1_40' title='bbox 347 582 532 618; x_wconf 88' lang='lat' dir='ltr'>nostrorum,</span> <span class='ocrx_word' id='word_1_41' title='bbox 550 580 665 611; x_wconf 90' lang='lat' dir='ltr'>Ricardi</span> <span class='ocrx_word' id='word_1_42' title='bbox 681 576 863 622; x_wconf 70' lang='lat' dir='ltr'>[Fitz-Alan]</span> <span class='ocrx_word' id='word_1_43' title='bbox 880 577 1023 616; x_wconf 88' lang='lat' dir='ltr'>Arundel,</span> <span class='ocrx_word' id='word_1_44' title='bbox 1039 580 1073 610; x_wconf 90' lang='lat'>&amp;</span> <span class='ocrx_word' id='word_1_45' title='bbox 1089 578 1212 609; x_wconf 87' lang='lat' dir='ltr'>Williel-</span> 
     </span>
     <span class='ocr_line' id='line_1_12' title="bbox 144 617 915 661; baseline -0.018 -5"><span class='ocrx_word' id='word_1_46' title='bbox 144 625 236 655; x_wconf 79' lang='lat' dir='ltr'>mide</span> <span class='ocrx_word' id='word_1_47' title='bbox 251 622 357 654; x_wconf 83' lang='lat' dir='ltr'>Monte</span> <span class='ocrx_word' id='word_1_48' title='bbox 374 620 489 658; x_wconf 84' lang='lat' dir='ltr'>Acuto‚</span> <span class='ocrx_word' id='word_1_49' title='bbox 504 619 624 657; x_wconf 86' lang='lat' dir='ltr'>Sarum,</span> <span class='ocrx_word' id='word_1_50' title='bbox 643 617 815 660; x_wconf 79' lang='lat' dir='ltr'>Comitum,</span> <span class='ocrx_word' id='word_1_51' title='bbox 909 654 915 661; x_wconf 47' lang='lat'><strong>.</strong></span> 
     </span>
    </p>

    <p class='ocr_par' dir='ltr' id='par_1_6' title="bbox 143 652 1212 777">
     <span class='ocr_line' id='line_1_13' title="bbox 183 652 1211 702; baseline -0.007 -9"><span class='ocrx_word' id='word_1_52' title='bbox 183 661 339 702; x_wconf 73' lang='lat' dir='ltr'>Qios„&amp;</span> <span class='ocrx_word' id='word_1_53' title='bbox 349 668 452 690; x_wconf 88' lang='lat' dir='ltr'>eorum</span> <span class='ocrx_word' id='word_1_54' title='bbox 467 658 602 695; x_wconf 90' lang='lat' dir='ltr'>alterum,</span> <span class='ocrx_word' id='word_1_55' title='bbox 621 653 830 685; x_wconf 72' lang='lat' dir='ltr'>constituimus</span> <span class='ocrx_word' id='word_1_56' title='bbox 843 652 1028 700; x_wconf 58' lang='lat' dir='ltr'>Capitaneos,</span> <span class='ocrx_word' id='word_1_57' title='bbox 1048 656 1081 687; x_wconf 71' lang='grc' dir='ltr'>ὃς</span> <span class='ocrx_word' id='word_1_58' title='bbox 1094 655 1211 686; x_wconf 69' lang='lat' dir='ltr'>Ducto-</span> 
     </span>
     <span class='ocr_line' id='line_1_14' title="bbox 144 691 1212 745; baseline -0.008 -13"><span class='ocrx_word' id='word_1_59' title='bbox 144 711 205 739; x_wconf 86' lang='lat' dir='ltr'>res,</span> <span class='ocrx_word' id='word_1_60' title='bbox 217 700 256 745; x_wconf 63' lang='lat' dir='ltr'>ac</span> <span class='ocrx_word' id='word_1_61' title='bbox 270 698 478 745; x_wconf 77' lang='lat' dir='ltr'>Capitaneum,</span> <span class='ocrx_word' id='word_1_62' title='bbox 497 696 532 726; x_wconf 90' lang='lat'>&amp;</span> <span class='ocrx_word' id='word_1_63' title='bbox 548 695 729 730; x_wconf 61' lang='lat' dir='ltr'>Ductorem,</span> <span class='ocrx_word' id='word_1_64' title='bbox 748 691 897 736; x_wconf 75' lang='lat' dir='ltr'>Exercitus</span> <span class='ocrx_word' id='word_1_65' title='bbox 912 693 999 723; x_wconf 86' lang='lat' dir='ltr'>nostri</span> <span class='ocrx_word' id='word_1_66' title='bbox 1013 695 1105 724; x_wconf 85' lang='lat' dir='ltr'>versus</span> <span class='ocrx_word' id='word_1_67' title='bbox 1121 703 1212 738; x_wconf 76' lang='lat' dir='ltr'>partes</span> 
     </span>
     <span class='ocr_line' id='line_1_15' title="bbox 143 730 1209 777; baseline -0.008 -7"><span class='ocrx_word' id='word_1_68' title='bbox 143 739 268 776; x_wconf 80' lang='lat' dir='ltr'>Scotiae,</span> <span class='ocrx_word' id='word_1_69' title='bbox 286 745 340 777; x_wconf 88' lang='lat' dir='ltr'>pro</span> <span class='ocrx_word' id='word_1_70' title='bbox 361 733 502 766; x_wconf 86' lang='lat' dir='ltr'>Tuinone</span> <span class='ocrx_word' id='word_1_71' title='bbox 519 735 554 764; x_wconf 79' lang='grc' dir='ltr'>δε</span> <span class='ocrx_word' id='word_1_72' title='bbox 576 731 749 762; x_wconf 87' lang='lat' dir='ltr'>Defenfione</span> <span class='ocrx_word' id='word_1_73' title='bbox 764 730 877 769; x_wconf 84' lang='lat' dir='ltr'>Regni,</span> <span class='ocrx_word' id='word_1_74' title='bbox 892 731 1045 762; x_wconf 80' lang='lat' dir='ltr'>Terrarum</span> <span class='ocrx_word' id='word_1_75' title='bbox 1058 733 1091 763; x_wconf 90' lang='lat'>&amp;</span> <span class='ocrx_word' id='word_1_76' title='bbox 1108 732 1209 772; x_wconf 89' lang='lat' dir='ltr'>Populi</span> 
     </span>
    </p>
   </div>
   <div class='ocr_carea' id='block_1_6' title="bbox 95 768 1210 814">
    <p class='ocr_par' dir='ltr' id='par_1_7' title="bbox 95 768 1210 814">
     <span class='ocr_line' id='line_1_16' title="bbox 95 768 1210 814; baseline -0.004 -7"><span class='ocrx_word' id='word_1_77' title='bbox 95 774 98 777; x_wconf 82' lang='grc'><strong>’</strong></span> <span class='ocrx_word' id='word_1_78' title='bbox 141 777 326 814; x_wconf 86' lang='lat' dir='ltr'>nostrorum,</span> <span class='ocrx_word' id='word_1_79' title='bbox 347 782 447 805; x_wconf 90' lang='lat' dir='ltr'>contra</span> <span class='ocrx_word' id='word_1_80' title='bbox 460 770 588 802; x_wconf 86' lang='lat' dir='ltr'>Hostiles</span> <span class='ocrx_word' id='word_1_81' title='bbox 607 768 745 807; x_wconf 83' lang='lat' dir='ltr'>Agreffus</span> <span class='ocrx_word' id='word_1_82' title='bbox 768 768 925 800; x_wconf 87' lang='lat' dir='ltr'>Scotorum</span> <span class='ocrx_word' id='word_1_83' title='bbox 948 770 1138 802; x_wconf 72' lang='lat' dir='ltr'>inimicorum</span> <span class='ocrx_word' id='word_1_84' title='bbox 1155 780 1210 802; x_wconf 90' lang='lat' dir='ltr'>no-</span> 
     </span>
    </p>
   </div>
   <div class='ocr_carea' id='block_1_7' title="bbox 0 1643 126 1964">
    <p class='ocr_par' dir='ltr' id='par_1_8' title="bbox 0 1643 126 1964">
     <span class='ocr_line' id='line_1_17' title="bbox 0 1643 88 1687; baseline -0.023 -10"><span class='ocrx_word' id='word_1_85' title='bbox 0 1655 13 1687; x_wconf 59' lang='grc' dir='ltr'><strong>μ</strong></span> <span class='ocrx_word' id='word_1_86' title='bbox 34 1643 88 1677; x_wconf 81' lang='lat' dir='ltr'>IV&#39;.</span> 
     </span>
     <span class='ocr_line' id='line_1_18' title="bbox 0 1696 62 1723; baseline 0.016 -3"><span class='ocrx_word' id='word_1_87' title='bbox 0 1696 62 1723; x_wconf 77' lang='lat'>325·</span> 
     </span>
     <span class='ocr_line' id='line_1_19' title="bbox 0 1722 124 1764; baseline -0.024 -8"><span class='ocrx_word' id='word_1_88' title='bbox 0 1722 124 1764; x_wconf 63' lang='lat' dir='ltr'><strong>Arm-D·</strong></span> 
     </span>
     <span class='ocr_line' id='line_1_20' title="bbox 19 1772 106 1809; baseline 0 -7"><span class='ocrx_word' id='word_1_89' title='bbox 19 1772 106 1809; x_wconf 83' lang='lat'>1337·</span> 
     </span>
     <span class='ocr_line' id='line_1_21' title="bbox 0 1812 107 1838; baseline -0.019 0"><span class='ocrx_word' id='word_1_90' title='bbox 0 1813 48 1838; x_wconf 74' lang='lat' dir='ltr'>Aa.</span> <span class='ocrx_word' id='word_1_91' title='bbox 63 1812 107 1833; x_wconf 77' lang='grc' dir='ltr'>Η·</span> 
     </span>
     <span class='ocr_line' id='line_1_22' title="bbox 0 1854 69 1884; baseline -0.058 -6"><span class='ocrx_word' id='word_1_92' title='bbox 0 1854 23 1878; x_wconf 81' lang='grc' dir='ltr'>ῑ.</span> <span class='ocrx_word' id='word_1_93' title='bbox 43 1855 69 1884; x_wconf 84' lang='lat'>3·</span> 
     </span>
     <span class='ocr_line' id='line_1_23' title="bbox 0 1889 126 1917; baseline -0.008 0"><span class='ocrx_word' id='word_1_94' title='bbox 0 1894 65 1917; x_wconf 76' lang='lat' dir='ltr'>Rom·</span> <span class='ocrx_word' id='word_1_95' title='bbox 85 1889 126 1908; x_wconf 82' lang='lat'>1¹·</span> 
     </span>
     <span class='ocr_line' id='line_1_24' title="bbox 0 1931 103 1964; baseline -0.029 -10"><span class='ocrx_word' id='word_1_96' title='bbox 0 1931 103 1964; x_wconf 80' lang='lat' dir='ltr'>E.3.m·</span> 
     </span>
    </p>
   </div>
   <div class='ocr_carea' id='block_1_8' title="bbox 0 3098 136 3183">
    <p class='ocr_par' dir='ltr' id='par_1_9' title="bbox 0 3098 136 3183">
     <span class='ocr_line' id='line_1_25' title="bbox 8 3098 136 3142; baseline 0 -8"><span class='ocrx_word' id='word_1_97' title='bbox 8 3098 85 3142; x_wconf 74' lang='lat' dir='ltr'>Ann.</span> <span class='ocrx_word' id='word_1_98' title='bbox 95 3102 136 3134; x_wconf 90' lang='lat' dir='ltr'>D.</span> 
     </span>
     <span class='ocr_line' id='line_1_26' title="bbox 0 3150 113 3183; baseline -0.018 -10"><span class='ocrx_word' id='word_1_99' title='bbox 0 3158 4 3161; x_wconf 84' lang='grc'><strong>-</strong></span> <span class='ocrx_word' id='word_1_100' title='bbox 26 3150 113 3183; x_wconf 84' lang='lat'><em>1337.</em></span> 
     </span>
    </p>
   </div>
   <div class='ocr_carea' id='block_1_9' title="bbox 9 3185 126 3210">
    <p class='ocr_par' dir='ltr' id='par_1_10' title="bbox 9 3185 126 3210">
     <span class='ocr_line' id='line_1_27' title="bbox 9 3185 126 3210; baseline -0.017 0"><span class='ocrx_word' id='word_1_101' title='bbox 9 3185 62 3210; x_wconf 82' lang='lat' dir='ltr'>An.</span> <span class='ocrx_word' id='word_1_102' title='bbox 81 3190 126 3210; x_wconf 80' lang='lat'>11.</span> 
     </span>
    </p>
   </div>
   <div class='ocr_carea' id='block_1_10' title="bbox 10 3262 143 3334">
    <p class='ocr_par' dir='ltr' id='par_1_11' title="bbox 10 3262 143 3334">
     <span class='ocr_line' id='line_1_28' title="bbox 10 3262 143 3286; baseline -0.023 0"><span class='ocrx_word' id='word_1_103' title='bbox 10 3262 81 3286; x_wconf 84' lang='lat' dir='ltr'>Rom.</span> <span class='ocrx_word' id='word_1_104' title='bbox 101 3266 143 3284; x_wconf 89' lang='lat'>11.</span> 
     </span>
     <span class='ocr_line' id='line_1_29' title="bbox 13 3299 142 3334; baseline 0 -10"><span class='ocrx_word' id='word_1_105' title='bbox 13 3299 44 3324; x_wconf 75' lang='lat' dir='ltr'>E.</span> <span class='ocrx_word' id='word_1_106' title='bbox 64 3306 90 3334; x_wconf 88' lang='lat'>3.</span> <span class='ocrx_word' id='word_1_107' title='bbox 106 3305 142 3324; x_wconf 90' lang='lat' dir='ltr'>m.</span> 
     </span>
    </p>
   </div>
   <div class='ocr_carea' id='block_1_11' title="bbox 140 813 1211 1542">
    <p class='ocr_par' dir='ltr' id='par_1_12' title="bbox 140 813 1211 1542">
     <span class='ocr_line' id='line_1_30' title="bbox 143 813 469 852; baseline -0.015 -7"><span class='ocrx_word' id='word_1_108' title='bbox 143 815 269 852; x_wconf 85' lang='lat' dir='ltr'>strorum</span> <span class='ocrx_word' id='word_1_109' title='bbox 280 813 469 852; x_wconf 64' lang='lat' dir='ltr'>profed&#39;mros.</span> 
     </span>
     <span class='ocr_line' id='line_1_31' title="bbox 179 849 921 893; baseline -0.02 -9"><span class='ocrx_word' id='word_1_110' title='bbox 179 853 309 884; x_wconf 80' lang='lat' dir='ltr'>Plenarie</span> <span class='ocrx_word' id='word_1_111' title='bbox 323 849 515 886; x_wconf 89' lang='lat' dir='ltr'>confidentes,</span> <span class='ocrx_word' id='word_1_112' title='bbox 553 886 558 891; x_wconf 40' lang='grc' dir='ltr'>Ι</span> <span class='ocrx_word' id='word_1_113' title='bbox 574 886 579 891; x_wconf 36' lang='lat'><em>¹</em></span> <span class='ocrx_word' id='word_1_114' title='bbox 916 886 921 893; x_wconf 29' lang='grc' dir='ltr'><strong><em>ι</em></strong></span> 
     </span>
     <span class='ocr_line' id='line_1_32' title="bbox 179 884 1211 923; baseline -0.006 0"><span class='ocrx_word' id='word_1_115' title='bbox 179 891 323 922; x_wconf 87' lang='lat' dir='ltr'>Dedimus</span> <span class='ocrx_word' id='word_1_116' title='bbox 342 888 448 919; x_wconf 83' lang='lat' dir='ltr'>eisdem</span> <span class='ocrx_word' id='word_1_117' title='bbox 469 884 650 923; x_wconf 90' lang='lat' dir='ltr'>Comitibus,</span> <span class='ocrx_word' id='word_1_118' title='bbox 669 885 703 917; x_wconf 88' lang='lat'>&amp;</span> <span class='ocrx_word' id='word_1_119' title='bbox 721 894 824 916; x_wconf 88' lang='lat' dir='ltr'>eorum</span> <span class='ocrx_word' id='word_1_120' title='bbox 845 886 935 923; x_wconf 87' lang='lat' dir='ltr'>alteri,</span> <span class='ocrx_word' id='word_1_121' title='bbox 958 886 1075 918; x_wconf 88' lang='lat' dir='ltr'>Plenam</span> <span class='ocrx_word' id='word_1_122' title='bbox 1110 895 1211 918; x_wconf 89' lang='lat' dir='ltr'>tenore</span> 
     </span>
     <span class='ocr_line' id='line_1_33' title="bbox 141 910 1210 969; baseline -0.004 -9"><span class='ocrx_word' id='word_1_123' title='bbox 141 931 342 969; x_wconf 74' lang='lat' dir='ltr'>praesentium,</span> <span class='ocrx_word' id='word_1_124' title='bbox 367 923 556 961; x_wconf 88' lang='lat' dir='ltr'>Potestatem,</span> <span class='ocrx_word' id='word_1_125' title='bbox 583 923 720 954; x_wconf 85' lang='lat' dir='ltr'>Nomine</span> <span class='ocrx_word' id='word_1_126' title='bbox 742 923 859 962; x_wconf 83' lang='lat' dir='ltr'>nostro,</span> <span class='ocrx_word' id='word_1_127' title='bbox 878 926 1033 963; x_wconf 89' lang='lat' dir='ltr'>recipiendi</span> <span class='ocrx_word' id='word_1_128' title='bbox 1054 910 1092 956; x_wconf 78' lang='lat' dir='ltr'>ad</span> <span class='ocrx_word' id='word_1_129' title='bbox 1110 926 1210 956; x_wconf 86' lang='lat' dir='ltr'>Fidem</span> 
     </span>
     <span class='ocr_line' id='line_1_34' title="bbox 142 962 1211 1000; baseline -0.006 0"><span class='ocrx_word' id='word_1_130' title='bbox 142 970 178 1000; x_wconf 92' lang='lat'>&amp;</span> <span class='ocrx_word' id='word_1_131' title='bbox 194 968 301 999; x_wconf 89' lang='lat' dir='ltr'><strong>Pacem</strong></span> <span class='ocrx_word' id='word_1_132' title='bbox 312 963 438 996; x_wconf 86' lang='lat' dir='ltr'>nostram</span> <span class='ocrx_word' id='word_1_133' title='bbox 451 962 595 992; x_wconf 84' lang='lat' dir='ltr'>Homines</span> <span class='ocrx_word' id='word_1_134' title='bbox 610 962 646 993; x_wconf 91' lang='lat' dir='ltr'>de</span> <span class='ocrx_word' id='word_1_135' title='bbox 662 962 771 1000; x_wconf 82' lang='lat' dir='ltr'>Scotia‚</span> <span class='ocrx_word' id='word_1_136' title='bbox 790 962 825 993; x_wconf 88' lang='lat' dir='ltr'>ad</span> <span class='ocrx_word' id='word_1_137' title='bbox 842 963 942 994; x_wconf 88' lang='lat' dir='ltr'>Fidem</span> <span class='ocrx_word' id='word_1_138' title='bbox 965 964 999 995; x_wconf 70' lang='grc' dir='ltr'>ὃς</span> <span class='ocrx_word' id='word_1_139' title='bbox 1022 964 1130 995; x_wconf 83' lang='lat' dir='ltr'>Pacem</span> <span class='ocrx_word' id='word_1_140' title='bbox 1153 965 1211 994; x_wconf 86' lang='lat' dir='ltr'>illas</span> 
     </span>
     <span class='ocr_line' id='line_1_35' title="bbox 141 999 1211 1041; baseline -0.006 -3"><span class='ocrx_word' id='word_1_141' title='bbox 141 1015 204 1038; x_wconf 88' lang='lat' dir='ltr'>non</span> <span class='ocrx_word' id='word_1_142' title='bbox 220 1005 384 1041; x_wconf 82' lang='lat' dir='ltr'>existentes,</span> <span class='ocrx_word' id='word_1_143' title='bbox 401 1002 435 1033; x_wconf 64' lang='grc' dir='ltr'>ὃς</span> <span class='ocrx_word' id='word_1_144' title='bbox 448 1000 546 1038; x_wconf 83' lang='lat' dir='ltr'>Alios,</span> <span class='ocrx_word' id='word_1_145' title='bbox 563 1001 612 1037; x_wconf 87' lang='lat' dir='ltr'>qui</span> <span class='ocrx_word' id='word_1_146' title='bbox 627 999 729 1031; x_wconf 86' lang='lat' dir='ltr'>eisdem</span> <span class='ocrx_word' id='word_1_147' title='bbox 741 1001 834 1031; x_wconf 86' lang='lat' dir='ltr'>Scotis</span> <span class='ocrx_word' id='word_1_148' title='bbox 856 1010 956 1033; x_wconf 87' lang='lat' dir='ltr'>contra</span> <span class='ocrx_word' id='word_1_149' title='bbox 976 1013 1030 1033; x_wconf 91' lang='lat' dir='ltr'>nos</span> <span class='ocrx_word' id='word_1_150' title='bbox 1050 1002 1211 1041; x_wconf 83' lang='lat' dir='ltr'>adhaerent,</span> 
     </span>
     <span class='ocr_line' id='line_1_36' title="bbox 142 1038 1192 1078; baseline -0.005 -2"><span class='ocrx_word' id='word_1_151' title='bbox 142 1046 190 1076; x_wconf 77' lang='lat' dir='ltr'>seu</span> <span class='ocrx_word' id='word_1_152' title='bbox 210 1042 400 1078; x_wconf 80' lang='lat' dir='ltr'>adhaeserunt,</span> <span class='ocrx_word' id='word_1_153' title='bbox 427 1040 461 1070; x_wconf 90' lang='lat'>&amp;</span> <span class='ocrx_word' id='word_1_154' title='bbox 482 1049 552 1069; x_wconf 89' lang='lat' dir='ltr'>curn</span> <span class='ocrx_word' id='word_1_155' title='bbox 571 1038 618 1069; x_wconf 90' lang='lat' dir='ltr'>Eis</span> <span class='ocrx_word' id='word_1_156' title='bbox 638 1048 739 1070; x_wconf 89' lang='lat' dir='ltr'>contra</span> <span class='ocrx_word' id='word_1_157' title='bbox 758 1038 828 1070; x_wconf 84' lang='lat' dir='ltr'>Nos</span> <span class='ocrx_word' id='word_1_158' title='bbox 848 1039 885 1070; x_wconf 92' lang='lat' dir='ltr'>de</span> <span class='ocrx_word' id='word_1_159' title='bbox 904 1040 1056 1072; x_wconf 67' lang='lat' dir='ltr'>Inimicitia</span> <span class='ocrx_word' id='word_1_160' title='bbox 1078 1040 1192 1071; x_wconf 88' lang='lat' dir='ltr'>fuerunt</span> 
     </span>
     <span class='ocr_line' id='line_1_37' title="bbox 143 1064 1211 1120; baseline -0.005 -6"><span class='ocrx_word' id='word_1_161' title='bbox 143 1084 195 1120; x_wconf 86' lang='lat' dir='ltr'>qui</span> <span class='ocrx_word' id='word_1_162' title='bbox 214 1081 248 1112; x_wconf 90' lang='lat' dir='ltr'>ad</span> <span class='ocrx_word' id='word_1_163' title='bbox 269 1079 371 1112; x_wconf 89' lang='lat' dir='ltr'>Fidem</span> <span class='ocrx_word' id='word_1_164' title='bbox 392 1079 425 1110; x_wconf 78' lang='grc' dir='ltr'>ὅτ.</span> <span class='ocrx_word' id='word_1_165' title='bbox 448 1078 554 1108; x_wconf 85' lang='lat' dir='ltr'>Pacem</span> <span class='ocrx_word' id='word_1_166' title='bbox 576 1077 701 1108; x_wconf 89' lang='lat' dir='ltr'>nostram</span> <span class='ocrx_word' id='word_1_167' title='bbox 724 1079 820 1108; x_wconf 90' lang='lat' dir='ltr'>venire</span> <span class='ocrx_word' id='word_1_168' title='bbox 840 1079 999 1117; x_wconf 89' lang='lat' dir='ltr'>voluerint,</span> <span class='ocrx_word' id='word_1_169' title='bbox 1026 1080 1060 1110; x_wconf 89' lang='lat'>&amp;</span> <span class='ocrx_word' id='word_1_170' title='bbox 1082 1089 1153 1117; x_wconf 90' lang='lat' dir='ltr'>quos</span> <span class='ocrx_word' id='word_1_171' title='bbox 1175 1064 1211 1109; x_wconf 81' lang='lat' dir='ltr'>ad</span> 
     </span>
     <span class='ocr_line' id='line_1_38' title="bbox 141 1115 1211 1157; baseline -0.004 -6"><span class='ocrx_word' id='word_1_172' title='bbox 141 1121 249 1157; x_wconf 83' lang='lat' dir='ltr'>Pacem</span> <span class='ocrx_word' id='word_1_173' title='bbox 271 1120 305 1151; x_wconf 65' lang='grc' dir='ltr'>ὃς</span> <span class='ocrx_word' id='word_1_174' title='bbox 325 1117 427 1149; x_wconf 91' lang='lat' dir='ltr'>Fidem</span> <span class='ocrx_word' id='word_1_175' title='bbox 448 1116 607 1155; x_wconf 90' lang='lat' dir='ltr'>hujusmodi</span> <span class='ocrx_word' id='word_1_176' title='bbox 630 1116 694 1148; x_wconf 91' lang='lat' dir='ltr'>fore</span> <span class='ocrx_word' id='word_1_177' title='bbox 711 1115 847 1156; x_wconf 82' lang='lat' dir='ltr'>viderint,</span> <span class='ocrx_word' id='word_1_178' title='bbox 865 1117 912 1148; x_wconf 91' lang='lat' dir='ltr'>vel</span> <span class='ocrx_word' id='word_1_179' title='bbox 925 1117 1043 1155; x_wconf 90' lang='lat' dir='ltr'>viderit,</span> <span class='ocrx_word' id='word_1_180' title='bbox 1059 1117 1211 1148; x_wconf 80' lang='lat' dir='ltr'>admitten-</span> 
     </span>
     <span class='ocr_line' id='line_1_39' title="bbox 141 1159 194 1190; baseline 0 0"><span class='ocrx_word' id='word_1_181' title='bbox 141 1159 194 1190; x_wconf 91' lang='lat' dir='ltr'>dos</span> 
     </span>
     <span class='ocr_line' id='line_1_40' title="bbox 177 1183 1210 1233; baseline -0.004 -5"><span class='ocrx_word' id='word_1_182' title='bbox 177 1183 217 1228; x_wconf 70' lang='lat' dir='ltr'>E&#39;t</span> <span class='ocrx_word' id='word_1_183' title='bbox 230 1196 338 1227; x_wconf 89' lang='lat' dir='ltr'>Literas</span> <span class='ocrx_word' id='word_1_184' title='bbox 351 1194 387 1225; x_wconf 90' lang='lat' dir='ltr'>de</span> <span class='ocrx_word' id='word_1_185' title='bbox 400 1193 609 1225; x_wconf 87' lang='lat' dir='ltr'>Pardonatione</span> <span class='ocrx_word' id='word_1_186' title='bbox 621 1192 763 1223; x_wconf 63' lang='lat' dir='ltr'>dictarum</span> <span class='ocrx_word' id='word_1_187' title='bbox 783 1193 959 1224; x_wconf 86' lang='lat' dir='ltr'>Adhaesionis</span> <span class='ocrx_word' id='word_1_188' title='bbox 980 1194 1014 1225; x_wconf 90' lang='lat'>&amp;</span> <span class='ocrx_word' id='word_1_189' title='bbox 1032 1193 1210 1233; x_wconf 71' lang='lat' dir='ltr'>Inimicitiae,</span> 
     </span>
     <span class='ocr_line' id='line_1_41' title="bbox 142 1231 1209 1270; baseline -0.005 -3"><span class='ocrx_word' id='word_1_190' title='bbox 142 1246 197 1267; x_wconf 89' lang='lat' dir='ltr'>nec</span> <span class='ocrx_word' id='word_1_191' title='bbox 210 1245 271 1266; x_wconf 89' lang='lat' dir='ltr'>non</span> <span class='ocrx_word' id='word_1_192' title='bbox 285 1233 321 1264; x_wconf 91' lang='lat' dir='ltr'>de</span> <span class='ocrx_word' id='word_1_193' title='bbox 335 1232 496 1270; x_wconf 86' lang='lat' dir='ltr'>huiusmodi</span> <span class='ocrx_word' id='word_1_194' title='bbox 509 1231 688 1262; x_wconf 87' lang='lat' dir='ltr'>Admiffione</span> <span class='ocrx_word' id='word_1_195' title='bbox 699 1231 734 1261; x_wconf 92' lang='lat' dir='ltr'>ad</span> <span class='ocrx_word' id='word_1_196' title='bbox 747 1231 852 1262; x_wconf 88' lang='lat' dir='ltr'>Pacem</span> <span class='ocrx_word' id='word_1_197' title='bbox 868 1232 993 1262; x_wconf 86' lang='lat' dir='ltr'>nostram</span> <span class='ocrx_word' id='word_1_198' title='bbox 1002 1256 1011 1270; x_wconf 93' lang='lat'>,</span> <span class='ocrx_word' id='word_1_199' title='bbox 1023 1232 1127 1262; x_wconf 90' lang='lat' dir='ltr'>eisdem</span> <span class='ocrx_word' id='word_1_200' title='bbox 1141 1232 1209 1263; x_wconf 92' lang='lat' dir='ltr'>Ho-</span> 
     </span>
     <span class='ocr_line' id='line_1_42' title="bbox 140 1269 1188 1310; baseline -0.005 -4"><span class='ocrx_word' id='word_1_201' title='bbox 140 1275 283 1310; x_wconf 78' lang='lat' dir='ltr'>minibus,</span> <span class='ocrx_word' id='word_1_202' title='bbox 300 1281 354 1309; x_wconf 87' lang='lat' dir='ltr'>pro</span> <span class='ocrx_word' id='word_1_203' title='bbox 367 1271 512 1302; x_wconf 82' lang='lat' dir='ltr'>securitate</span> <span class='ocrx_word' id='word_1_204' title='bbox 524 1269 570 1301; x_wconf 69' lang='lat' dir='ltr'>sua</span> <span class='ocrx_word' id='word_1_205' title='bbox 583 1271 613 1300; x_wconf 92' lang='lat' dir='ltr'>in</span> <span class='ocrx_word' id='word_1_206' title='bbox 629 1270 682 1300; x_wconf 88' lang='lat' dir='ltr'>hac</span> <span class='ocrx_word' id='word_1_207' title='bbox 696 1277 789 1308; x_wconf 82' lang='lat' dir='ltr'>parte,</span> <span class='ocrx_word' id='word_1_208' title='bbox 807 1272 925 1301; x_wconf 85' lang='lat' dir='ltr'>nomine</span> <span class='ocrx_word' id='word_1_209' title='bbox 938 1270 1037 1301; x_wconf 90' lang='lat' dir='ltr'>nostro</span> <span class='ocrx_word' id='word_1_210' title='bbox 1052 1271 1188 1309; x_wconf 87' lang='lat' dir='ltr'>faciendi,</span> 
     </span>
     <span class='ocr_line' id='line_1_43' title="bbox 178 1307 1207 1346; baseline -0.003 -3"><span class='ocrx_word' id='word_1_211' title='bbox 178 1313 287 1345; x_wconf 89' lang='lat' dir='ltr'>Ratum</span> <span class='ocrx_word' id='word_1_212' title='bbox 299 1311 333 1342; x_wconf 88' lang='lat'>&amp;</span> <span class='ocrx_word' id='word_1_213' title='bbox 347 1309 472 1341; x_wconf 83' lang='lat' dir='ltr'>Gratum</span> <span class='ocrx_word' id='word_1_214' title='bbox 484 1308 605 1344; x_wconf 86' lang='lat' dir='ltr'>habituri</span> <span class='ocrx_word' id='word_1_215' title='bbox 618 1307 755 1346; x_wconf 90' lang='lat' dir='ltr'>quicquid</span> <span class='ocrx_word' id='word_1_216' title='bbox 776 1308 862 1338; x_wconf 88' lang='lat' dir='ltr'>iidem</span> <span class='ocrx_word' id='word_1_217' title='bbox 885 1308 1034 1346; x_wconf 76' lang='lat' dir='ltr'>Comites,</span> <span class='ocrx_word' id='word_1_218' title='bbox 1051 1310 1084 1340; x_wconf 73' lang='grc' dir='ltr'>δε</span> <span class='ocrx_word' id='word_1_219' title='bbox 1105 1319 1207 1340; x_wconf 89' lang='lat' dir='ltr'>eorum</span> 
     </span>
     <span class='ocr_line' id='line_1_44' title="bbox 140 1346 1079 1391; baseline -0.004 -9"><span class='ocrx_word' id='word_1_220' title='bbox 140 1351 277 1391; x_wconf 77' lang='lat' dir='ltr'>quilibet,</span> <span class='ocrx_word' id='word_1_221' title='bbox 291 1349 410 1379; x_wconf 88' lang='lat' dir='ltr'>nomine</span> <span class='ocrx_word' id='word_1_222' title='bbox 424 1347 539 1385; x_wconf 86' lang='lat' dir='ltr'>nostro,</span> <span class='ocrx_word' id='word_1_223' title='bbox 556 1347 692 1383; x_wconf 82' lang='lat' dir='ltr'>fecerint,</span> <span class='ocrx_word' id='word_1_224' title='bbox 711 1346 757 1376; x_wconf 93' lang='lat' dir='ltr'>vel</span> <span class='ocrx_word' id='word_1_225' title='bbox 770 1347 866 1377; x_wconf 91' lang='lat' dir='ltr'>fecerit</span> <span class='ocrx_word' id='word_1_226' title='bbox 878 1348 907 1377; x_wconf 89' lang='lat' dir='ltr'>in</span> <span class='ocrx_word' id='word_1_227' title='bbox 923 1347 1079 1385; x_wconf 71' lang='lat' dir='ltr'>priemiffis.</span> 
     </span>
     <span class='ocr_line' id='line_1_45' title="bbox 179 1385 992 1427; baseline -0.004 -8"><span class='ocrx_word' id='word_1_228' title='bbox 179 1389 214 1419; x_wconf 89' lang='lat' dir='ltr'>In</span> <span class='ocrx_word' id='word_1_229' title='bbox 229 1390 307 1427; x_wconf 84' lang='lat' dir='ltr'>cujus</span> <span class='ocrx_word' id='word_1_230' title='bbox 317 1410 326 1426; x_wconf 86' lang='lat'>,</span> <span class='ocrx_word' id='word_1_231' title='bbox 344 1387 404 1418; x_wconf 85' lang='lat' dir='ltr'>&amp;c.</span> <span class='ocrx_word' id='word_1_232' title='bbox 423 1385 559 1425; x_wconf 85' lang='lat' dir='ltr'>quamdiu</span> <span class='ocrx_word' id='word_1_233' title='bbox 574 1385 658 1415; x_wconf 91' lang='lat' dir='ltr'>nobis</span> <span class='ocrx_word' id='word_1_234' title='bbox 672 1385 822 1422; x_wconf 73' lang='lat' dir='ltr'>placuerit,</span> <span class='ocrx_word' id='word_1_235' title='bbox 841 1385 992 1416; x_wconf 89' lang='lat' dir='ltr'>duraturas.</span> 
     </span>
     <span class='ocr_line' id='line_1_46' title="bbox 178 1422 1209 1465; baseline -0.002 -7"><span class='ocrx_word' id='word_1_236' title='bbox 178 1427 268 1460; x_wconf 86' lang='lat' dir='ltr'>Teste</span> <span class='ocrx_word' id='word_1_237' title='bbox 280 1426 363 1465; x_wconf 86' lang='lat' dir='ltr'>Rege</span> <span class='ocrx_word' id='word_1_238' title='bbox 378 1424 452 1464; x_wconf 86' lang='lat' dir='ltr'>apud</span> <span class='ocrx_word' id='word_1_239' title='bbox 469 1422 779 1463; x_wconf 85' lang='lat' dir='ltr'>Westmonasterium,</span> <span class='ocrx_word' id='word_1_240' title='bbox 795 1423 912 1456; x_wconf 86' lang='lat' dir='ltr'>decimo</span> <span class='ocrx_word' id='word_1_241' title='bbox 927 1425 1027 1463; x_wconf 89' lang='lat' dir='ltr'>quinto</span> <span class='ocrx_word' id='word_1_242' title='bbox 1046 1424 1092 1456; x_wconf 88' lang='lat' dir='ltr'>die</span> <span class='ocrx_word' id='word_1_243' title='bbox 1113 1425 1209 1456; x_wconf 68' lang='lat' dir='ltr'>octo-</span> 
     </span>
     <span class='ocr_line' id='line_1_47' title="bbox 164 1476 208 1498; baseline -0.023 0"><span class='ocrx_word' id='word_1_244' title='bbox 164 1476 208 1498; x_wconf 87' lang='lat' dir='ltr'>ris.</span> 
     </span>
     <span class='ocr_line' id='line_1_48' title="bbox 142 1468 1105 1542; baseline -0.002 -8"><span class='ocrx_word' id='word_1_245' title='bbox 142 1468 163 1499; x_wconf 78' lang='lat' dir='ltr'>b</span> <span class='ocrx_word' id='word_1_246' title='bbox 838 1504 893 1532; x_wconf 80' lang='lat' dir='ltr'>Per</span> <span class='ocrx_word' id='word_1_247' title='bbox 905 1501 986 1542; x_wconf 60' lang='lat' dir='ltr'>spfimz</span> <span class='ocrx_word' id='word_1_248' title='bbox 1000 1504 1105 1539; x_wconf 77' lang='lat' dir='ltr'>Regem.</span> 
     </span>
    </p>
   </div>
   <div class='ocr_carea' id='block_1_12' title="bbox 222 1631 1120 1683">
    <p class='ocr_par' dir='ltr' id='par_1_13' title="bbox 222 1631 1120 1683">
     <span class='ocr_line' id='line_1_49' title="bbox 222 1631 1120 1683; baseline -0.002 -13"><span class='ocrx_word' id='word_1_249' title='bbox 222 1635 251 1663; x_wconf 47' lang='grc' dir='ltr'>*ἕ</span> <span class='ocrx_word' id='word_1_250' title='bbox 275 1635 335 1670; x_wconf 85' lang='lat' dir='ltr'>Ad</span> <span class='ocrx_word' id='word_1_251' title='bbox 350 1639 463 1683; x_wconf 78' lang='lat' dir='ltr'>Papam</span> <span class='ocrx_word' id='word_1_252' title='bbox 475 1662 485 1679; x_wconf 89' lang='lat'>‚</span> <span class='ocrx_word' id='word_1_253' title='bbox 507 1646 562 1683; x_wconf 85' lang='lat' dir='ltr'>pro</span> <span class='ocrx_word' id='word_1_254' title='bbox 581 1635 704 1682; x_wconf 83' lang='lat' dir='ltr'>Collegio</span> <span class='ocrx_word' id='word_1_255' title='bbox 721 1634 891 1668; x_wconf 79' lang='lat' dir='ltr'>Scolarinm</span> <span class='ocrx_word' id='word_1_256' title='bbox 912 1631 1120 1680; x_wconf 71' lang='lat' dir='ltr'>Cantabrigiae.</span> 
     </span>
    </p>
   </div>
   <div class='ocr_carea' id='block_1_13' title="bbox 142 1720 1221 2838">
    <p class='ocr_par' dir='ltr' id='par_1_14' title="bbox 142 1720 864 1783">
     <span class='ocr_line' id='line_1_50' title="bbox 142 1720 864 1783; baseline -0.004 -30"><span class='ocrx_word' id='word_1_257' title='bbox 142 1721 220 1783; x_wconf 86' lang='lat' dir='ltr'>PA</span> <span class='ocrx_word' id='word_1_258' title='bbox 242 1732 267 1753; x_wconf 87' lang='lat' dir='ltr'>ae</span> <span class='ocrx_word' id='word_1_259' title='bbox 279 1722 346 1754; x_wconf 87' lang='lat' dir='ltr'>Rex</span> <span class='ocrx_word' id='word_1_260' title='bbox 362 1721 467 1754; x_wconf 83' lang='lat' dir='ltr'>devota</span> <span class='ocrx_word' id='word_1_261' title='bbox 479 1721 585 1760; x_wconf 87' lang='lat' dir='ltr'>pedum</span> <span class='ocrx_word' id='word_1_262' title='bbox 600 1720 693 1751; x_wconf 90' lang='lat' dir='ltr'>oscula</span> <span class='ocrx_word' id='word_1_263' title='bbox 705 1721 864 1751; x_wconf 88' lang='lat' dir='ltr'>beatorum.</span> 
     </span>
    </p>

    <p class='ocr_par' dir='ltr' id='par_1_15' title="bbox 142 1732 1212 1953">
     <span class='ocr_line' id='line_1_51' title="bbox 222 1732 1211 1796; baseline -0.005 -3"><span class='ocrx_word' id='word_1_264' title='bbox 222 1732 413 1792; x_wconf 36' lang='lat' dir='ltr'>&amp;educentes</span> <span class='ocrx_word' id='word_1_265' title='bbox 434 1762 463 1791; x_wconf 90' lang='lat' dir='ltr'>in</span> <span class='ocrx_word' id='word_1_266' title='bbox 484 1760 588 1791; x_wconf 87' lang='lat' dir='ltr'>debitae</span> <span class='ocrx_word' id='word_1_267' title='bbox 602 1759 832 1789; x_wconf 76' lang='lat' dir='ltr'>considerationis</span> <span class='ocrx_word' id='word_1_268' title='bbox 848 1759 993 1796; x_wconf 81' lang='lat' dir='ltr'>examine,</span> <span class='ocrx_word' id='word_1_269' title='bbox 1012 1758 1130 1796; x_wconf 87' lang='lat' dir='ltr'>qualiter</span> <span class='ocrx_word' id='word_1_270' title='bbox 1146 1757 1211 1788; x_wconf 91' lang='lat' dir='ltr'>Re-</span> 
     </span>
     <span class='ocr_line' id='line_1_52' title="bbox 142 1796 1211 1837; baseline -0.002 -8"><span class='ocrx_word' id='word_1_271' title='bbox 142 1802 190 1837; x_wconf 82' lang='lat' dir='ltr'>ges</span> <span class='ocrx_word' id='word_1_272' title='bbox 210 1801 244 1831; x_wconf 91' lang='lat'>&amp;</span> <span class='ocrx_word' id='word_1_273' title='bbox 270 1800 373 1831; x_wconf 73' lang='lat' dir='ltr'>Reona</span> <span class='ocrx_word' id='word_1_274' title='bbox 387 1800 449 1830; x_wconf 91' lang='lat' dir='ltr'>sunt</span> <span class='ocrx_word' id='word_1_275' title='bbox 464 1799 606 1837; x_wconf 76' lang='lat' dir='ltr'>praecipue</span> <span class='ocrx_word' id='word_1_276' title='bbox 621 1807 671 1835; x_wconf 90' lang='lat' dir='ltr'>per</span> <span class='ocrx_word' id='word_1_277' title='bbox 685 1796 864 1834; x_wconf 79' lang='lat' dir='ltr'>Potentiam,</span> <span class='ocrx_word' id='word_1_278' title='bbox 883 1796 1068 1835; x_wconf 85' lang='lat' dir='ltr'>Sapientiam,</span> <span class='ocrx_word' id='word_1_279' title='bbox 1087 1798 1120 1828; x_wconf 89' lang='lat'>&amp;</span> <span class='ocrx_word' id='word_1_280' title='bbox 1140 1797 1211 1827; x_wconf 90' lang='lat' dir='ltr'>Cle-</span> 
     </span>
     <span class='ocr_line' id='line_1_53' title="bbox 143 1824 1212 1877; baseline -0.002 -10"><span class='ocrx_word' id='word_1_281' title='bbox 143 1840 299 1877; x_wconf 90' lang='lat' dir='ltr'>mentiam,</span> <span class='ocrx_word' id='word_1_282' title='bbox 317 1824 475 1875; x_wconf 64' lang='lat' dir='ltr'>dirigenda,</span> <span class='ocrx_word' id='word_1_283' title='bbox 495 1844 614 1874; x_wconf 90' lang='lat' dir='ltr'>quarum</span> <span class='ocrx_word' id='word_1_284' title='bbox 631 1834 735 1865; x_wconf 92' lang='lat' dir='ltr'>Medio</span> <span class='ocrx_word' id='word_1_285' title='bbox 751 1835 769 1865; x_wconf 86' lang='lat' dir='ltr'>si</span> <span class='ocrx_word' id='word_1_286' title='bbox 784 1834 856 1865; x_wconf 92' lang='lat' dir='ltr'>Duo</span> <span class='ocrx_word' id='word_1_287' title='bbox 870 1835 1053 1866; x_wconf 88' lang='lat' dir='ltr'>destituantur</span> <span class='ocrx_word' id='word_1_288' title='bbox 1067 1835 1212 1873; x_wconf 89' lang='lat' dir='ltr'>Extrema,</span> 
     </span>
     <span class='ocr_line' id='line_1_54' title="bbox 143 1873 1211 1914; baseline -0.003 -7"><span class='ocrx_word' id='word_1_289' title='bbox 143 1875 274 1907; x_wconf 83' lang='lat' dir='ltr'>Potentia</span> <span class='ocrx_word' id='word_1_290' title='bbox 294 1877 463 1914; x_wconf 89' lang='lat' dir='ltr'>plerumque</span> <span class='ocrx_word' id='word_1_291' title='bbox 483 1874 575 1905; x_wconf 88' lang='lat' dir='ltr'>deviat</span> <span class='ocrx_word' id='word_1_292' title='bbox 597 1875 627 1904; x_wconf 88' lang='lat' dir='ltr'>in</span> <span class='ocrx_word' id='word_1_293' title='bbox 641 1873 802 1913; x_wconf 88' lang='lat' dir='ltr'>Rigorem,</span> <span class='ocrx_word' id='word_1_294' title='bbox 821 1874 855 1904; x_wconf 90' lang='lat'>&amp;</span> <span class='ocrx_word' id='word_1_295' title='bbox 870 1873 1030 1905; x_wconf 84' lang='lat' dir='ltr'>Clementia</span> <span class='ocrx_word' id='word_1_296' title='bbox 1044 1874 1211 1905; x_wconf 87' lang='lat' dir='ltr'>Fatuitatem</span> 
     </span>
     <span class='ocr_line' id='line_1_55' title="bbox 143 1913 616 1953; baseline -0.008 -7"><span class='ocrx_word' id='word_1_297' title='bbox 143 1916 239 1953; x_wconf 77' lang='lat' dir='ltr'>potius</span> <span class='ocrx_word' id='word_1_298' title='bbox 252 1915 345 1945; x_wconf 85' lang='lat' dir='ltr'>induit</span> <span class='ocrx_word' id='word_1_299' title='bbox 357 1915 444 1953; x_wconf 73' lang='lat' dir='ltr'>quam</span> <span class='ocrx_word' id='word_1_300' title='bbox 458 1913 616 1944; x_wconf 88' lang='lat' dir='ltr'>Virtutem:</span> 
     </span>
    </p>

    <p class='ocr_par' dir='ltr' id='par_1_16' title="bbox 142 1949 1214 2099">
     <span class='ocr_line' id='line_1_56' title="bbox 183 1949 1212 1991; baseline -0.002 -8"><span class='ocrx_word' id='word_1_301' title='bbox 183 1954 229 1984; x_wconf 93' lang='lat' dir='ltr'>Ac</span> <span class='ocrx_word' id='word_1_302' title='bbox 243 1952 363 1991; x_wconf 85' lang='lat' dir='ltr'>proinde</span> <span class='ocrx_word' id='word_1_303' title='bbox 375 1952 574 1989; x_wconf 83' lang='lat' dir='ltr'>desiderantes,</span> <span class='ocrx_word' id='word_1_304' title='bbox 589 1951 648 1982; x_wconf 71' lang='lat' dir='ltr'>tam</span> <span class='ocrx_word' id='word_1_305' title='bbox 662 1949 697 1980; x_wconf 88' lang='lat' dir='ltr'>ad</span> <span class='ocrx_word' id='word_1_306' title='bbox 712 1950 808 1989; x_wconf 83' lang='lat' dir='ltr'>Regni</span> <span class='ocrx_word' id='word_1_307' title='bbox 821 1950 925 1989; x_wconf 89' lang='lat' dir='ltr'>nostri,</span> <span class='ocrx_word' id='word_1_308' title='bbox 944 1952 1032 1990; x_wconf 75' lang='lat' dir='ltr'>quarn</span> <span class='ocrx_word' id='word_1_309' title='bbox 1056 1950 1135 1981; x_wconf 87' lang='lat' dir='ltr'>Fidei</span> <span class='ocrx_word' id='word_1_310' title='bbox 1153 1949 1212 1981; x_wconf 91' lang='lat' dir='ltr'>Ca-</span> 
     </span>
     <span class='ocr_line' id='line_1_57' title="bbox 144 1989 1210 2028; baseline -0.003 -5"><span class='ocrx_word' id='word_1_311' title='bbox 144 1991 261 2023; x_wconf 82' lang='lat' dir='ltr'>tholicae</span> <span class='ocrx_word' id='word_1_312' title='bbox 277 1992 299 2022; x_wconf 92' lang='lat' dir='ltr'>F</span> <span class='ocrx_word' id='word_1_313' title='bbox 301 1991 505 2028; x_wconf 85' lang='lat' dir='ltr'>ulcimentum,</span> <span class='ocrx_word' id='word_1_314' title='bbox 523 1991 552 2019; x_wconf 91' lang='lat' dir='ltr'>in</span> <span class='ocrx_word' id='word_1_315' title='bbox 566 1989 670 2019; x_wconf 90' lang='lat' dir='ltr'>eodem</span> <span class='ocrx_word' id='word_1_316' title='bbox 687 1989 793 2027; x_wconf 82' lang='lat' dir='ltr'>Regno</span> <span class='ocrx_word' id='word_1_317' title='bbox 808 1989 898 2026; x_wconf 91' lang='lat' dir='ltr'>plures</span> <span class='ocrx_word' id='word_1_318' title='bbox 910 1990 1013 2020; x_wconf 89' lang='lat' dir='ltr'>habere</span> <span class='ocrx_word' id='word_1_319' title='bbox 1031 1989 1158 2026; x_wconf 84' lang='lat' dir='ltr'>Peritos,</span> <span class='ocrx_word' id='word_1_320' title='bbox 1176 1990 1210 2020; x_wconf 91' lang='lat'><strong>&amp;</strong></span> 
     </span>
     <span class='ocr_line' id='line_1_58' title="bbox 142 2026 1214 2068; baseline -0.003 -7"><span class='ocrx_word' id='word_1_321' title='bbox 142 2031 174 2067; x_wconf 81' lang='lat' dir='ltr'>in</span> <span class='ocrx_word' id='word_1_322' title='bbox 186 2031 334 2068; x_wconf 87' lang='lat' dir='ltr'>Scripturis</span> <span class='ocrx_word' id='word_1_323' title='bbox 346 2030 437 2060; x_wconf 78' lang='lat' dir='ltr'>Sacris</span> <span class='ocrx_word' id='word_1_324' title='bbox 452 2030 485 2060; x_wconf 75' lang='grc' dir='ltr'>δε</span> <span class='ocrx_word' id='word_1_325' title='bbox 501 2028 665 2066; x_wconf 88' lang='lat' dir='ltr'>Sapientum</span> <span class='ocrx_word' id='word_1_326' title='bbox 687 2026 903 2058; x_wconf 86' lang='lat' dir='ltr'>Traditionibus</span> <span class='ocrx_word' id='word_1_327' title='bbox 923 2038 973 2067; x_wconf 89' lang='lat' dir='ltr'>per</span> <span class='ocrx_word' id='word_1_328' title='bbox 993 2028 1117 2059; x_wconf 87' lang='lat' dir='ltr'>studium</span> <span class='ocrx_word' id='word_1_329' title='bbox 1139 2028 1214 2059; x_wconf 90' lang='lat' dir='ltr'>Eru-</span> 
     </span>
     <span class='ocr_line' id='line_1_59' title="bbox 143 2069 217 2099; baseline -0.014 0"><span class='ocrx_word' id='word_1_330' title='bbox 143 2069 217 2099; x_wconf 91' lang='lat' dir='ltr'>ditos</span> 
     </span>
    </p>

    <p class='ocr_par' dir='ltr' id='par_1_17' title="bbox 144 2091 1215 2415">
     <span class='ocr_line' id='line_1_60' title="bbox 183 2091 1212 2145; baseline -0.001 -8"><span class='ocrx_word' id='word_1_331' title='bbox 183 2091 342 2143; x_wconf 68' lang='lat' dir='ltr'>Qiioddam</span> <span class='ocrx_word' id='word_1_332' title='bbox 366 2105 547 2145; x_wconf 72' lang='lat' dir='ltr'>Collegium,</span> <span class='ocrx_word' id='word_1_333' title='bbox 565 2104 696 2143; x_wconf 83' lang='lat' dir='ltr'>Triginta</span> <span class='ocrx_word' id='word_1_334' title='bbox 716 2103 855 2135; x_wconf 89' lang='lat' dir='ltr'>Duorum</span> <span class='ocrx_word' id='word_1_335' title='bbox 878 2104 1053 2143; x_wconf 88' lang='lat' dir='ltr'>Scolarium,</span> <span class='ocrx_word' id='word_1_336' title='bbox 1078 2113 1212 2143; x_wconf 89' lang='lat' dir='ltr'>aptorum</span> 
     </span>
     <span class='ocr_line' id='line_1_61' title="bbox 144 2141 1213 2183; baseline -0.001 -8"><span class='ocrx_word' id='word_1_337' title='bbox 144 2144 180 2175; x_wconf 83' lang='lat' dir='ltr'>ad</span> <span class='ocrx_word' id='word_1_338' title='bbox 194 2144 402 2183; x_wconf 81' lang='lat' dir='ltr'>proficiendum</span> <span class='ocrx_word' id='word_1_339' title='bbox 416 2145 444 2174; x_wconf 92' lang='lat' dir='ltr'>in</span> <span class='ocrx_word' id='word_1_340' title='bbox 467 2143 586 2181; x_wconf 89' lang='lat' dir='ltr'>Studio,</span> <span class='ocrx_word' id='word_1_341' title='bbox 604 2144 634 2173; x_wconf 92' lang='lat' dir='ltr'>in</span> <span class='ocrx_word' id='word_1_342' title='bbox 655 2141 846 2174; x_wconf 88' lang='lat' dir='ltr'>Universitate</span> <span class='ocrx_word' id='word_1_343' title='bbox 870 2142 1060 2183; x_wconf 75' lang='lat' dir='ltr'>Cantebrigiae</span> <span class='ocrx_word' id='word_1_344' title='bbox 1085 2145 1162 2182; x_wconf 83' lang='lat' dir='ltr'>(quae</span> <span class='ocrx_word' id='word_1_345' title='bbox 1184 2145 1213 2174; x_wconf 93' lang='lat' dir='ltr'>in</span> 
     </span>
     <span class='ocr_line' id='line_1_62' title="bbox 144 2181 1213 2219; baseline -0.002 -5"><span class='ocrx_word' id='word_1_346' title='bbox 144 2183 223 2217; x_wconf 86' lang='lat' dir='ltr'>Otto</span> <span class='ocrx_word' id='word_1_347' title='bbox 238 2183 387 2214; x_wconf 75' lang='lat' dir='ltr'>Militantis</span> <span class='ocrx_word' id='word_1_348' title='bbox 401 2182 537 2213; x_wconf 65' lang='lat' dir='ltr'>Ecclesia:</span> <span class='ocrx_word' id='word_1_349' title='bbox 552 2182 657 2212; x_wconf 90' lang='lat' dir='ltr'>multos</span> <span class='ocrx_word' id='word_1_350' title='bbox 670 2182 784 2219; x_wconf 89' lang='lat' dir='ltr'>protulit</span> <span class='ocrx_word' id='word_1_351' title='bbox 797 2181 931 2212; x_wconf 88' lang='lat' dir='ltr'>Palmites</span> <span class='ocrx_word' id='word_1_352' title='bbox 951 2182 1130 2217; x_wconf 67' lang='lat' dir='ltr'>FrutStuosos)</span> <span class='ocrx_word' id='word_1_353' title='bbox 1155 2182 1213 2212; x_wconf 90' lang='lat' dir='ltr'>Or-</span> 
     </span>
     <span class='ocr_line' id='line_1_63' title="bbox 145 2219 1214 2259; baseline -0.002 -6"><span class='ocrx_word' id='word_1_354' title='bbox 145 2222 304 2253; x_wconf 85' lang='lat' dir='ltr'>dinavimus</span> <span class='ocrx_word' id='word_1_355' title='bbox 318 2223 352 2252; x_wconf 88' lang='lat'>&amp;</span> <span class='ocrx_word' id='word_1_356' title='bbox 369 2220 559 2251; x_wconf 80' lang='lat' dir='ltr'>Fundavimus</span> <span class='ocrx_word' id='word_1_357' title='bbox 567 2221 628 2259; x_wconf 86' lang='lat' dir='ltr'>jam</span> <span class='ocrx_word' id='word_1_358' title='bbox 642 2219 679 2249; x_wconf 88' lang='lat' dir='ltr'>de</span> <span class='ocrx_word' id='word_1_359' title='bbox 692 2220 806 2258; x_wconf 90' lang='lat' dir='ltr'>Novo,</span> <span class='ocrx_word' id='word_1_360' title='bbox 827 2221 905 2259; x_wconf 90' lang='lat' dir='ltr'>quod</span> <span class='ocrx_word' id='word_1_361' title='bbox 925 2230 974 2258; x_wconf 89' lang='lat' dir='ltr'>per</span> <span class='ocrx_word' id='word_1_362' title='bbox 993 2231 1082 2251; x_wconf 88' lang='lat' dir='ltr'>unum</span> <span class='ocrx_word' id='word_1_363' title='bbox 1105 2220 1214 2251; x_wconf 89' lang='lat' dir='ltr'>Custo-</span> 
     </span>
     <span class='ocr_line' id='line_1_64' title="bbox 147 2258 1213 2298; baseline -0.002 -7"><span class='ocrx_word' id='word_1_364' title='bbox 147 2260 217 2290; x_wconf 88' lang='lat' dir='ltr'>dem</span> <span class='ocrx_word' id='word_1_365' title='bbox 234 2260 389 2298; x_wconf 84' lang='lat' dir='ltr'>providum</span> <span class='ocrx_word' id='word_1_366' title='bbox 402 2259 584 2297; x_wconf 76' lang='lat' dir='ltr'>disposuimus</span> <span class='ocrx_word' id='word_1_367' title='bbox 597 2258 763 2297; x_wconf 65' lang='lat' dir='ltr'>gubernari,</span> <span class='ocrx_word' id='word_1_368' title='bbox 782 2269 835 2297; x_wconf 89' lang='lat' dir='ltr'>pro</span> <span class='ocrx_word' id='word_1_369' title='bbox 853 2259 989 2295; x_wconf 83' lang='lat' dir='ltr'>Quorumi</span> <span class='ocrx_word' id='word_1_370' title='bbox 1003 2259 1213 2290; x_wconf 81' lang='lat' dir='ltr'>Sustentatione</span> 
     </span>
     <span class='ocr_line' id='line_1_65' title="bbox 147 2295 1214 2337; baseline -0.002 -7"><span class='ocrx_word' id='word_1_371' title='bbox 147 2299 336 2329; x_wconf 79' lang='lat' dir='ltr'>Possessiones</span> <span class='ocrx_word' id='word_1_372' title='bbox 350 2306 456 2337; x_wconf 85' lang='lat' dir='ltr'>certas,</span> <span class='ocrx_word' id='word_1_373' title='bbox 475 2297 532 2328; x_wconf 73' lang='lat' dir='ltr'>una</span> <span class='ocrx_word' id='word_1_374' title='bbox 546 2307 613 2328; x_wconf 88' lang='lat' dir='ltr'>cum</span> <span class='ocrx_word' id='word_1_375' title='bbox 626 2296 694 2335; x_wconf 90' lang='lat' dir='ltr'>Jure</span> <span class='ocrx_word' id='word_1_376' title='bbox 709 2295 875 2328; x_wconf 64' lang='lat' dir='ltr'>Patronatiis</span> <span class='ocrx_word' id='word_1_377' title='bbox 891 2298 1025 2328; x_wconf 86' lang='lat' dir='ltr'>Ecclesiae</span> <span class='ocrx_word' id='word_1_378' title='bbox 1039 2298 1136 2328; x_wconf 68' lang='lat' dir='ltr'>Sanffi</span> <span class='ocrx_word' id='word_1_379' title='bbox 1158 2297 1214 2328; x_wconf 90' lang='lat' dir='ltr'>Pe-</span> 
     </span>
     <span class='ocr_line' id='line_1_66' title="bbox 147 2335 1215 2376; baseline 0 -8"><span class='ocrx_word' id='word_1_380' title='bbox 147 2339 183 2369; x_wconf 87' lang='lat' dir='ltr'>tri</span> <span class='ocrx_word' id='word_1_381' title='bbox 195 2338 452 2375; x_wconf 78' lang='lat' dir='ltr'>Northamproniae</span> <span class='ocrx_word' id='word_1_382' title='bbox 466 2335 659 2366; x_wconf 83' lang='lat' dir='ltr'>Lincolnienfi</span> <span class='ocrx_word' id='word_1_383' title='bbox 668 2335 797 2366; x_wconf 85' lang='lat' dir='ltr'>Dioecesi</span> <span class='ocrx_word' id='word_1_384' title='bbox 809 2336 875 2376; x_wconf 82' lang='lat' dir='ltr'>Ipfis</span> <span class='ocrx_word' id='word_1_385' title='bbox 890 2336 1030 2367; x_wconf 86' lang='lat' dir='ltr'>Dedimus</span> <span class='ocrx_word' id='word_1_386' title='bbox 1043 2337 1146 2368; x_wconf 90' lang='lat' dir='ltr'>intuitu</span> <span class='ocrx_word' id='word_1_387' title='bbox 1156 2335 1215 2368; x_wconf 88' lang='lat' dir='ltr'>Ca-</span> 
     </span>
     <span class='ocr_line' id='line_1_67' title="bbox 146 2373 886 2415; baseline -0.007 -8"><span class='ocrx_word' id='word_1_388' title='bbox 146 2377 247 2414; x_wconf 81' lang='lat' dir='ltr'>ritatis,</span> <span class='ocrx_word' id='word_1_389' title='bbox 265 2377 300 2407; x_wconf 88' lang='lat'>&amp;</span> <span class='ocrx_word' id='word_1_390' title='bbox 314 2377 405 2414; x_wconf 88' lang='lat' dir='ltr'>plures</span> <span class='ocrx_word' id='word_1_391' title='bbox 418 2375 483 2406; x_wconf 86' lang='lat' dir='ltr'>dare</span> <span class='ocrx_word' id='word_1_392' title='bbox 495 2375 696 2415; x_wconf 74' lang='lat' dir='ltr'>proponimus,</span> <span class='ocrx_word' id='word_1_393' title='bbox 717 2373 786 2404; x_wconf 93' lang='lat' dir='ltr'>Deo</span> <span class='ocrx_word' id='word_1_394' title='bbox 799 2375 886 2405; x_wconf 87' lang='lat' dir='ltr'>duce:</span> 
     </span>
    </p>

    <p class='ocr_par' dir='ltr' id='par_1_18' title="bbox 147 2411 1221 2791">
     <span class='ocr_line' id='line_1_68' title="bbox 187 2411 1216 2453; baseline -0.001 -8"><span class='ocrx_word' id='word_1_395' title='bbox 187 2415 388 2453; x_wconf 81' lang='lat' dir='ltr'>Qamobrem</span> <span class='ocrx_word' id='word_1_396' title='bbox 401 2413 578 2452; x_wconf 79' lang='lat' dir='ltr'>Apostolicae</span> <span class='ocrx_word' id='word_1_397' title='bbox 593 2411 801 2443; x_wconf 83' lang='lat' dir='ltr'>Munificentiae</span> <span class='ocrx_word' id='word_1_398' title='bbox 816 2414 913 2451; x_wconf 89' lang='lat' dir='ltr'>(quam</span> <span class='ocrx_word' id='word_1_399' title='bbox 926 2415 956 2444; x_wconf 88' lang='lat' dir='ltr'>in</span> <span class='ocrx_word' id='word_1_400' title='bbox 978 2413 1091 2445; x_wconf 89' lang='lat' dir='ltr'>Pietatis</span> <span class='ocrx_word' id='word_1_401' title='bbox 1111 2414 1216 2451; x_wconf 88' lang='lat' dir='ltr'>Operi-</span> 
     </span>
     <span class='ocr_line' id='line_1_69' title="bbox 148 2450 1216 2491; baseline -0.002 -7"><span class='ocrx_word' id='word_1_402' title='bbox 148 2453 217 2491; x_wconf 92' lang='lat' dir='ltr'>bus,</span> <span class='ocrx_word' id='word_1_403' title='bbox 235 2453 314 2491; x_wconf 89' lang='lat' dir='ltr'>super</span> <span class='ocrx_word' id='word_1_404' title='bbox 329 2463 431 2484; x_wconf 88' lang='lat' dir='ltr'>ornnes</span> <span class='ocrx_word' id='word_1_405' title='bbox 445 2452 581 2490; x_wconf 89' lang='lat' dir='ltr'>Divitias,</span> <span class='ocrx_word' id='word_1_406' title='bbox 600 2450 770 2482; x_wconf 84' lang='lat' dir='ltr'>confidimus</span> <span class='ocrx_word' id='word_1_407' title='bbox 785 2451 928 2490; x_wconf 56' lang='lat' dir='ltr'>deledhri)</span> <span class='ocrx_word' id='word_1_408' title='bbox 945 2454 1048 2482; x_wconf 87' lang='lat' dir='ltr'>votivis</span> <span class='ocrx_word' id='word_1_409' title='bbox 1067 2452 1216 2484; x_wconf 71' lang='lat' dir='ltr'>affeetibus</span> 
     </span>
     <span class='ocr_line' id='line_1_70' title="bbox 147 2488 1216 2530; baseline 0 -9"><span class='ocrx_word' id='word_1_410' title='bbox 147 2491 335 2530; x_wconf 74' lang='lat' dir='ltr'>supplicamus</span> <span class='ocrx_word' id='word_1_411' title='bbox 348 2493 491 2530; x_wconf 85' lang='lat' dir='ltr'>quatinus,</span> <span class='ocrx_word' id='word_1_412' title='bbox 508 2498 616 2521; x_wconf 87' lang='lat' dir='ltr'>attento</span> <span class='ocrx_word' id='word_1_413' title='bbox 637 2490 791 2521; x_wconf 89' lang='lat' dir='ltr'>clementer</span> <span class='ocrx_word' id='word_1_414' title='bbox 811 2491 916 2521; x_wconf 72' lang='lat' dir='ltr'>Fru6tu</span> <span class='ocrx_word' id='word_1_415' title='bbox 938 2488 1109 2529; x_wconf 71' lang='lat' dir='ltr'>Multiplici,</span> <span class='ocrx_word' id='word_1_416' title='bbox 1129 2501 1216 2530; x_wconf 87' lang='lat' dir='ltr'>quem</span> 
     </span>
     <span class='ocr_line' id='line_1_71' title="bbox 149 2527 1218 2569; baseline -0.001 -8"><span class='ocrx_word' id='word_1_417' title='bbox 149 2529 263 2561; x_wconf 64' lang='lat' dir='ltr'>dictum</span> <span class='ocrx_word' id='word_1_418' title='bbox 286 2529 452 2569; x_wconf 82' lang='lat' dir='ltr'>Collegium</span> <span class='ocrx_word' id='word_1_419' title='bbox 474 2528 515 2559; x_wconf 91' lang='lat' dir='ltr'>est</span> <span class='ocrx_word' id='word_1_420' title='bbox 536 2530 565 2559; x_wconf 92' lang='lat' dir='ltr'>in</span> <span class='ocrx_word' id='word_1_421' title='bbox 578 2527 705 2559; x_wconf 66' lang='lat' dir='ltr'>Ecclesia</span> <span class='ocrx_word' id='word_1_422' title='bbox 720 2529 777 2559; x_wconf 85' lang='lat' dir='ltr'>Dei</span> <span class='ocrx_word' id='word_1_423' title='bbox 790 2529 974 2560; x_wconf 89' lang='lat' dir='ltr'>verisimiliter</span> <span class='ocrx_word' id='word_1_424' title='bbox 991 2529 1218 2568; x_wconf 66' lang='lat' dir='ltr'>produ&amp;urum,</span> 
     </span>
     <span class='ocr_line' id='line_1_72' title="bbox 153 2567 1219 2636; baseline 0.001 -37"><span class='ocrx_word' id='word_1_425' title='bbox 153 2568 287 2607; x_wconf 83' lang='lat' dir='ltr'>dignetur</span> <span class='ocrx_word' id='word_1_426' title='bbox 306 2568 396 2600; x_wconf 87' lang='lat' dir='ltr'>vestra</span> <span class='ocrx_word' id='word_1_427' title='bbox 414 2567 572 2636; x_wconf 50' lang='lat' dir='ltr'>Bengnitas</span> <span class='ocrx_word' id='word_1_428' title='bbox 592 2567 661 2598; x_wconf 92' lang='lat' dir='ltr'>illud</span> <span class='ocrx_word' id='word_1_429' title='bbox 684 2576 717 2597; x_wconf 85' lang='lat' dir='ltr'>ex</span> <span class='ocrx_word' id='word_1_430' title='bbox 739 2568 817 2598; x_wconf 57' lang='lat' dir='ltr'>cert&amp;</span> <span class='ocrx_word' id='word_1_431' title='bbox 839 2567 953 2599; x_wconf 68' lang='lat' dir='ltr'>scientia</span> <span class='ocrx_word' id='word_1_432' title='bbox 968 2567 1168 2607; x_wconf 84' lang='lat' dir='ltr'>Confirmare,</span> <span class='ocrx_word' id='word_1_433' title='bbox 1185 2570 1219 2600; x_wconf 89' lang='lat'>&amp;</span> 
     </span>
     <span class='ocr_line' id='line_1_73' title="bbox 147 2605 1221 2644; baseline -0.001 -6"><span class='ocrx_word' id='word_1_434' title='bbox 147 2616 186 2638; x_wconf 80' lang='lat' dir='ltr'>ex</span> <span class='ocrx_word' id='word_1_435' title='bbox 208 2608 334 2639; x_wconf 84' lang='lat' dir='ltr'>uberiori</span> <span class='ocrx_word' id='word_1_436' title='bbox 355 2606 449 2637; x_wconf 90' lang='lat' dir='ltr'>Dono</span> <span class='ocrx_word' id='word_1_437' title='bbox 507 2606 600 2644; x_wconf 83' lang='lat' dir='ltr'>ratiae,</span> <span class='ocrx_word' id='word_1_438' title='bbox 617 2607 646 2636; x_wconf 90' lang='lat' dir='ltr'>in</span> <span class='ocrx_word' id='word_1_439' title='bbox 668 2605 886 2636; x_wconf 86' lang='lat' dir='ltr'>subventionem</span> <span class='ocrx_word' id='word_1_440' title='bbox 906 2606 1056 2643; x_wconf 83' lang='lat' dir='ltr'>Congruae</span> <span class='ocrx_word' id='word_1_441' title='bbox 1077 2607 1221 2638; x_wconf 86' lang='lat' dir='ltr'>Sustenta-</span> 
     </span>
     <span class='ocr_line' id='line_1_74' title="bbox 149 2643 1218 2684; baseline -0.001 -6"><span class='ocrx_word' id='word_1_442' title='bbox 149 2647 236 2678; x_wconf 89' lang='lat' dir='ltr'>tionis</span> <span class='ocrx_word' id='word_1_443' title='bbox 258 2645 444 2684; x_wconf 87' lang='lat' dir='ltr'>eorumdem,</span> <span class='ocrx_word' id='word_1_444' title='bbox 471 2643 616 2682; x_wconf 82' lang='lat' dir='ltr'>praefatam</span> <span class='ocrx_word' id='word_1_445' title='bbox 637 2643 795 2674; x_wconf 82' lang='lat' dir='ltr'>Ecclesiam</span> <span class='ocrx_word' id='word_1_446' title='bbox 817 2644 919 2683; x_wconf 57' lang='lat' dir='ltr'>disin,</span> <span class='ocrx_word' id='word_1_447' title='bbox 944 2644 1067 2675; x_wconf 88' lang='lat' dir='ltr'>Custodi</span> <span class='ocrx_word' id='word_1_448' title='bbox 1086 2647 1120 2677; x_wconf 63' lang='grc' dir='ltr'>ὃς</span> <span class='ocrx_word' id='word_1_449' title='bbox 1143 2646 1218 2676; x_wconf 90' lang='lat' dir='ltr'>Sco-</span> 
     </span>
     <span class='ocr_line' id='line_1_75' title="bbox 149 2682 1218 2724; baseline -0.001 -9"><span class='ocrx_word' id='word_1_450' title='bbox 149 2684 269 2724; x_wconf 86' lang='lat' dir='ltr'>laribus,</span> <span class='ocrx_word' id='word_1_451' title='bbox 283 2686 361 2723; x_wconf 88' lang='lat' dir='ltr'>juxta</span> <span class='ocrx_word' id='word_1_452' title='bbox 376 2683 501 2714; x_wconf 90' lang='lat' dir='ltr'>formam</span> <span class='ocrx_word' id='word_1_453' title='bbox 518 2682 734 2719; x_wconf 86' lang='lat' dir='ltr'>Supplicationis</span> <span class='ocrx_word' id='word_1_454' title='bbox 748 2682 870 2721; x_wconf 79' lang='lat' dir='ltr'>nostrae,</span> <span class='ocrx_word' id='word_1_455' title='bbox 888 2683 941 2713; x_wconf 88' lang='lat' dir='ltr'>hiis</span> <span class='ocrx_word' id='word_1_456' title='bbox 955 2683 1127 2721; x_wconf 84' lang='lat' dir='ltr'>interclusae,</span> <span class='ocrx_word' id='word_1_457' title='bbox 1143 2694 1218 2714; x_wconf 88' lang='lat' dir='ltr'>con-</span> 
     </span>
     <span class='ocr_line' id='line_1_76' title="bbox 150 2719 1220 2791; baseline -0.001 -37"><span class='ocrx_word' id='word_1_458' title='bbox 150 2723 254 2791; x_wconf 56' lang='lat' dir='ltr'>{edere</span> <span class='ocrx_word' id='word_1_459' title='bbox 267 2721 497 2760; x_wconf 81' lang='lat' dir='ltr'>misericorditer,</span> <span class='ocrx_word' id='word_1_460' title='bbox 514 2723 544 2752; x_wconf 89' lang='lat' dir='ltr'>in</span> <span class='ocrx_word' id='word_1_461' title='bbox 558 2720 635 2752; x_wconf 89' lang='lat' dir='ltr'>Usus</span> <span class='ocrx_word' id='word_1_462' title='bbox 655 2720 717 2753; x_wconf 88' lang='lat' dir='ltr'>suos</span> <span class='ocrx_word' id='word_1_463' title='bbox 741 2719 893 2762; x_wconf 85' lang='lat' dir='ltr'>Proprios,</span> <span class='ocrx_word' id='word_1_464' title='bbox 911 2724 1049 2761; x_wconf 83' lang='lat' dir='ltr'>perpetuo</span> <span class='ocrx_word' id='word_1_465' title='bbox 1072 2721 1220 2754; x_wconf 85' lang='lat' dir='ltr'>Poffiden-</span> 
     </span>
    </p>

    <p class='ocr_par' dir='ltr' id='par_1_19' title="bbox 173 2771 228 2793">
     <span class='ocr_line' id='line_1_77' title="bbox 173 2771 228 2793; baseline -0.055 0"><span class='ocrx_word' id='word_1_466' title='bbox 173 2771 228 2793; x_wconf 86' lang='lat' dir='ltr'>am.</span> 
     </span>
    </p>

    <p class='ocr_par' dir='ltr' id='par_1_20' title="bbox 190 2799 448 2838">
     <span class='ocr_line' id='line_1_78' title="bbox 190 2799 448 2838; baseline 0.004 -8"><span class='ocrx_word' id='word_1_467' title='bbox 190 2799 366 2838; x_wconf 88' lang='lat' dir='ltr'>Conservet,</span> <span class='ocrx_word' id='word_1_468' title='bbox 385 2799 448 2831; x_wconf 79' lang='lat' dir='ltr'>&amp;c-</span> 
     </span>
    </p>
   </div>
   <div class='ocr_carea' id='block_1_14' title="bbox 228 2873 991 2917">
    <p class='ocr_par' dir='ltr' id='par_1_21' title="bbox 228 2873 991 2917">
     <span class='ocr_line' id='line_1_79' title="bbox 228 2873 991 2917; baseline 0.007 -12"><span class='ocrx_word' id='word_1_469' title='bbox 228 2873 299 2907; x_wconf 88' lang='lat' dir='ltr'>Dat.</span> <span class='ocrx_word' id='word_1_470' title='bbox 316 2875 391 2914; x_wconf 87' lang='lat' dir='ltr'>apud</span> <span class='ocrx_word' id='word_1_471' title='bbox 404 2873 696 2908; x_wconf 82' lang='lat' dir='ltr'>westmonasterium</span> <span class='ocrx_word' id='word_1_472' title='bbox 705 2900 715 2917; x_wconf 88' lang='lat'>,</span> <span class='ocrx_word' id='word_1_473' title='bbox 735 2877 773 2908; x_wconf 88' lang='lat'>16</span> <span class='ocrx_word' id='word_1_474' title='bbox 785 2877 830 2909; x_wconf 93' lang='lat' dir='ltr'>die</span> <span class='ocrx_word' id='word_1_475' title='bbox 842 2877 991 2910; x_wconf 67' lang='lat' dir='ltr'>oetobris.</span> 
     </span>
    </p>
   </div>
   <div class='ocr_carea' id='block_1_15' title="bbox 347 3005 1028 3055">
    <p class='ocr_par' dir='ltr' id='par_1_22' title="bbox 347 3005 1028 3055">
     <span class='ocr_line' id='line_1_80' title="bbox 347 3005 1028 3055; baseline 0.001 -16"><span class='ocrx_word' id='word_1_476' title='bbox 347 3005 407 3039; x_wconf 82' lang='lat' dir='ltr'>Ad</span> <span class='ocrx_word' id='word_1_477' title='bbox 421 3005 598 3040; x_wconf 75' lang='lat' dir='ltr'>Cardinales</span> <span class='ocrx_word' id='word_1_478' title='bbox 610 3033 619 3050; x_wconf 88' lang='lat'>‚</span> <span class='ocrx_word' id='word_1_479' title='bbox 639 3017 694 3053; x_wconf 85' lang='lat' dir='ltr'>pro</span> <span class='ocrx_word' id='word_1_480' title='bbox 712 3007 838 3055; x_wconf 82' lang='lat' dir='ltr'>Collegio</span> <span class='ocrx_word' id='word_1_481' title='bbox 852 3017 1028 3041; x_wconf 82' lang='lat' dir='ltr'>memorato.</span> 
     </span>
    </p>
   </div>
   <div class='ocr_carea' id='block_1_16' title="bbox 155 3088 1239 3937">
    <p class='ocr_par' dir='ltr' id='par_1_23' title="bbox 155 3088 1222 3199">
     <span class='ocr_line' id='line_1_81' title="bbox 155 3088 1222 3150; baseline 0.002 -30"><span class='ocrx_word' id='word_1_482' title='bbox 155 3088 361 3150; x_wconf 85' lang='lat' dir='ltr'>VEnerabili</span> <span class='ocrx_word' id='word_1_483' title='bbox 379 3090 410 3121; x_wconf 89' lang='lat' dir='ltr'>in</span> <span class='ocrx_word' id='word_1_484' title='bbox 431 3091 550 3122; x_wconf 86' lang='lat' dir='ltr'>Christo</span> <span class='ocrx_word' id='word_1_485' title='bbox 573 3090 648 3121; x_wconf 84' lang='lat' dir='ltr'>Patri</span> <span class='ocrx_word' id='word_1_486' title='bbox 663 3090 805 3124; x_wconf 76' lang='lat' dir='ltr'>‚Domino</span> <span class='ocrx_word' id='word_1_487' title='bbox 828 3092 861 3122; x_wconf 91' lang='lat' dir='ltr'>P.</span> <span class='ocrx_word' id='word_1_488' title='bbox 881 3091 940 3122; x_wconf 88' lang='lat' dir='ltr'>Dei</span> <span class='ocrx_word' id='word_1_489' title='bbox 955 3092 1057 3130; x_wconf 68' lang='lat' dir='ltr'>gratia,</span> <span class='ocrx_word' id='word_1_490' title='bbox 1075 3091 1222 3130; x_wconf 83' lang='lat' dir='ltr'>Episcopo</span> 
     </span>
     <span class='ocr_line' id='line_1_82' title="bbox 240 3127 1221 3169; baseline 0.002 -11"><span class='ocrx_word' id='word_1_491' title='bbox 240 3127 432 3169; x_wconf 87' lang='lat' dir='ltr'>Penestrensi,</span> <span class='ocrx_word' id='word_1_492' title='bbox 450 3130 558 3161; x_wconf 88' lang='lat' dir='ltr'>Amico</span> <span class='ocrx_word' id='word_1_493' title='bbox 573 3130 622 3160; x_wconf 89' lang='lat' dir='ltr'>suo</span> <span class='ocrx_word' id='word_1_494' title='bbox 638 3129 810 3168; x_wconf 87' lang='lat' dir='ltr'>Cariffimo,</span> <span class='ocrx_word' id='word_1_495' title='bbox 824 3130 996 3168; x_wconf 83' lang='lat' dir='ltr'>Edwardus,</span> <span class='ocrx_word' id='word_1_496' title='bbox 1009 3131 1069 3161; x_wconf 89' lang='lat' dir='ltr'>&amp;c.</span> <span class='ocrx_word' id='word_1_497' title='bbox 1087 3131 1221 3169; x_wconf 84' lang='lat' dir='ltr'>Salutem,</span> 
     </span>
     <span class='ocr_line' id='line_1_83' title="bbox 157 3165 656 3199; baseline 0.006 -4"><span class='ocrx_word' id='word_1_498' title='bbox 157 3165 191 3196; x_wconf 62' lang='grc' dir='ltr'>ὃς</span> <span class='ocrx_word' id='word_1_499' title='bbox 205 3165 318 3197; x_wconf 83' lang='lat' dir='ltr'>smeerae</span> <span class='ocrx_word' id='word_1_500' title='bbox 334 3168 494 3199; x_wconf 57' lang='lat' dir='ltr'>dileetionis</span> <span class='ocrx_word' id='word_1_501' title='bbox 508 3168 656 3199; x_wconf 57' lang='lat' dir='ltr'>asscitum.</span> 
     </span>
    </p>

    <p class='ocr_par' dir='ltr' id='par_1_24' title="bbox 158 3203 1226 3396">
     <span class='ocr_line' id='line_1_84' title="bbox 195 3203 1222 3247; baseline 0.003 -12"><span class='ocrx_word' id='word_1_502' title='bbox 195 3203 277 3235; x_wconf 79' lang='lat' dir='ltr'>Cum</span> <span class='ocrx_word' id='word_1_503' title='bbox 297 3207 356 3247; x_wconf 76' lang='lat' dir='ltr'>tam</span> <span class='ocrx_word' id='word_1_504' title='bbox 380 3207 415 3237; x_wconf 91' lang='lat' dir='ltr'>ad</span> <span class='ocrx_word' id='word_1_505' title='bbox 432 3207 531 3245; x_wconf 87' lang='lat' dir='ltr'>Regni</span> <span class='ocrx_word' id='word_1_506' title='bbox 555 3206 662 3245; x_wconf 89' lang='lat' dir='ltr'>nostri,</span> <span class='ocrx_word' id='word_1_507' title='bbox 682 3208 768 3245; x_wconf 71' lang='lat' dir='ltr'>quam</span> <span class='ocrx_word' id='word_1_508' title='bbox 783 3207 863 3238; x_wconf 85' lang='lat' dir='ltr'>Fidei</span> <span class='ocrx_word' id='word_1_509' title='bbox 878 3207 1040 3239; x_wconf 67' lang='lat' dir='ltr'>Catholicae</span> <span class='ocrx_word' id='word_1_510' title='bbox 1057 3207 1080 3237; x_wconf 93' lang='lat' dir='ltr'>F</span> <span class='ocrx_word' id='word_1_511' title='bbox 1083 3207 1222 3238; x_wconf 84' lang='lat' dir='ltr'>ulcimen-</span> 
     </span>
     <span class='ocr_line' id='line_1_85' title="bbox 158 3242 1225 3285; baseline 0.005 -13"><span class='ocrx_word' id='word_1_512' title='bbox 158 3250 238 3281; x_wconf 87' lang='lat' dir='ltr'>tum,</span> <span class='ocrx_word' id='word_1_513' title='bbox 262 3242 446 3275; x_wconf 86' lang='lat' dir='ltr'>defiderantes</span> <span class='ocrx_word' id='word_1_514' title='bbox 469 3247 500 3275; x_wconf 91' lang='lat' dir='ltr'>in</span> <span class='ocrx_word' id='word_1_515' title='bbox 520 3245 714 3276; x_wconf 83' lang='lat' dir='ltr'>Universitate</span> <span class='ocrx_word' id='word_1_516' title='bbox 735 3246 927 3285; x_wconf 87' lang='lat' dir='ltr'>Cantebrigiae</span> <span class='ocrx_word' id='word_1_517' title='bbox 948 3245 1119 3277; x_wconf 88' lang='lat' dir='ltr'>Numerum</span> <span class='ocrx_word' id='word_1_518' title='bbox 1140 3246 1225 3277; x_wconf 86' lang='lat' dir='ltr'>adau-</span> 
     </span>
     <span class='ocr_line' id='line_1_86' title="bbox 159 3281 1225 3322; baseline 0.005 -11"><span class='ocrx_word' id='word_1_519' title='bbox 159 3290 229 3318; x_wconf 83' lang='lat' dir='ltr'>gere</span> <span class='ocrx_word' id='word_1_520' title='bbox 244 3281 441 3322; x_wconf 89' lang='lat' dir='ltr'>Studentium,</span> <span class='ocrx_word' id='word_1_521' title='bbox 459 3285 508 3322; x_wconf 93' lang='lat' dir='ltr'>qui</span> <span class='ocrx_word' id='word_1_522' title='bbox 524 3284 554 3313; x_wconf 90' lang='lat' dir='ltr'>in</span> <span class='ocrx_word' id='word_1_523' title='bbox 569 3284 629 3314; x_wconf 92' lang='lat' dir='ltr'>Scri</span> <span class='ocrx_word' id='word_1_524' title='bbox 651 3286 716 3315; x_wconf 89' lang='lat' dir='ltr'>turis</span> <span class='ocrx_word' id='word_1_525' title='bbox 733 3285 822 3316; x_wconf 86' lang='lat' dir='ltr'>Sacris</span> <span class='ocrx_word' id='word_1_526' title='bbox 842 3286 875 3316; x_wconf 69' lang='grc' dir='ltr'>ὃς</span> <span class='ocrx_word' id='word_1_527' title='bbox 896 3286 1061 3322; x_wconf 89' lang='lat' dir='ltr'>Sapientum</span> <span class='ocrx_word' id='word_1_528' title='bbox 1080 3285 1225 3316; x_wconf 87' lang='lat' dir='ltr'>Traditio-</span> 
     </span>
     <span class='ocr_line' id='line_1_87' title="bbox 159 3319 1226 3364; baseline 0.005 -15"><span class='ocrx_word' id='word_1_529' title='bbox 159 3320 242 3364; x_wconf 77' lang='lat' dir='ltr'>nibus</span> <span class='ocrx_word' id='word_1_530' title='bbox 264 3319 377 3351; x_wconf 86' lang='lat' dir='ltr'>Eruditi</span> <span class='ocrx_word' id='word_1_531' title='bbox 396 3321 463 3352; x_wconf 85' lang='lat' dir='ltr'>fiant</span> <span class='ocrx_word' id='word_1_532' title='bbox 481 3321 591 3361; x_wconf 87' lang='lat' dir='ltr'>Pugiles</span> <span class='ocrx_word' id='word_1_533' title='bbox 637 3322 716 3362; x_wconf 87' lang='lat' dir='ltr'>idei,</span> <span class='ocrx_word' id='word_1_534' title='bbox 750 3324 783 3355; x_wconf 68' lang='grc' dir='ltr'>ὃς</span> <span class='ocrx_word' id='word_1_535' title='bbox 805 3323 839 3354; x_wconf 86' lang='lat' dir='ltr'>ad</span> <span class='ocrx_word' id='word_1_536' title='bbox 860 3324 982 3362; x_wconf 41' lang='lat' dir='ltr'>consilia,</span> <span class='ocrx_word' id='word_1_537' title='bbox 998 3322 1116 3354; x_wconf 88' lang='lat' dir='ltr'>Publica</span> <span class='ocrx_word' id='word_1_538' title='bbox 1136 3324 1226 3362; x_wconf 86' lang='lat' dir='ltr'>magis</span> 
     </span>
     <span class='ocr_line' id='line_1_88' title="bbox 160 3366 234 3396; baseline -0.027 -7"><span class='ocrx_word' id='word_1_539' title='bbox 160 3366 234 3396; x_wconf 84' lang='lat' dir='ltr'>apti,</span> 
     </span>
    </p>

    <p class='ocr_par' dir='ltr' id='par_1_25' title="bbox 159 3396 1229 3620">
     <span class='ocr_line' id='line_1_89' title="bbox 200 3396 1227 3440; baseline 0.006 -14"><span class='ocrx_word' id='word_1_540' title='bbox 200 3396 360 3435; x_wconf 71' lang='lat' dir='ltr'>Qioddam</span> <span class='ocrx_word' id='word_1_541' title='bbox 376 3396 539 3437; x_wconf 83' lang='lat' dir='ltr'>Collegium</span> <span class='ocrx_word' id='word_1_542' title='bbox 556 3398 747 3438; x_wconf 87' lang='lat' dir='ltr'>Perpetuum,</span> <span class='ocrx_word' id='word_1_543' title='bbox 760 3400 894 3439; x_wconf 82' lang='lat' dir='ltr'>Triginta</span> <span class='ocrx_word' id='word_1_544' title='bbox 910 3397 1044 3432; x_wconf 86' lang='lat' dir='ltr'>Duorum</span> <span class='ocrx_word' id='word_1_545' title='bbox 1058 3400 1227 3440; x_wconf 86' lang='lat' dir='ltr'>Scolarium‚</span> 
     </span>
     <span class='ocr_line' id='line_1_90' title="bbox 162 3435 1229 3477; baseline 0.005 -12"><span class='ocrx_word' id='word_1_546' title='bbox 162 3436 192 3465; x_wconf 85' lang='lat' dir='ltr'>in</span> <span class='ocrx_word' id='word_1_547' title='bbox 215 3435 408 3466; x_wconf 85' lang='lat' dir='ltr'>Universitate</span> <span class='ocrx_word' id='word_1_548' title='bbox 429 3436 581 3474; x_wconf 66' lang='lat' dir='ltr'>praedieta,</span> <span class='ocrx_word' id='word_1_549' title='bbox 599 3436 728 3467; x_wconf 85' lang='lat' dir='ltr'>Caritatis</span> <span class='ocrx_word' id='word_1_550' title='bbox 751 3438 868 3477; x_wconf 82' lang='lat' dir='ltr'>intuitu,</span> <span class='ocrx_word' id='word_1_551' title='bbox 887 3439 1096 3470; x_wconf 84' lang='lat' dir='ltr'>fundaverimus</span> <span class='ocrx_word' id='word_1_552' title='bbox 1112 3441 1170 3477; x_wconf 84' lang='lat' dir='ltr'>jam</span> <span class='ocrx_word' id='word_1_553' title='bbox 1192 3441 1229 3470; x_wconf 90' lang='lat' dir='ltr'>de</span> 
     </span>
     <span class='ocr_line' id='line_1_91' title="bbox 159 3474 1228 3516; baseline 0.005 -12"><span class='ocrx_word' id='word_1_554' title='bbox 159 3474 276 3513; x_wconf 87' lang='lat' dir='ltr'>Novo,</span> <span class='ocrx_word' id='word_1_555' title='bbox 293 3475 374 3504; x_wconf 88' lang='lat' dir='ltr'>certis</span> <span class='ocrx_word' id='word_1_556' title='bbox 390 3474 625 3512; x_wconf 82' lang='lat' dir='ltr'>Poffessionibus,</span> <span class='ocrx_word' id='word_1_557' title='bbox 645 3477 702 3506; x_wconf 73' lang='lat' dir='ltr'>una</span> <span class='ocrx_word' id='word_1_558' title='bbox 715 3485 785 3506; x_wconf 92' lang='lat' dir='ltr'>cum</span> <span class='ocrx_word' id='word_1_559' title='bbox 801 3476 872 3513; x_wconf 89' lang='lat' dir='ltr'>Jure</span> <span class='ocrx_word' id='word_1_560' title='bbox 891 3476 1073 3516; x_wconf 89' lang='lat' dir='ltr'>Patronatus,</span> <span class='ocrx_word' id='word_1_561' title='bbox 1092 3477 1228 3509; x_wconf 75' lang='lat' dir='ltr'>Ecclesiae</span> 
     </span>
     <span class='ocr_line' id='line_1_92' title="bbox 159 3512 1229 3554; baseline 0.004 -11"><span class='ocrx_word' id='word_1_562' title='bbox 159 3512 257 3543; x_wconf 65' lang='lat' dir='ltr'>Sancti</span> <span class='ocrx_word' id='word_1_563' title='bbox 270 3512 345 3543; x_wconf 89' lang='lat' dir='ltr'>Petri</span> <span class='ocrx_word' id='word_1_564' title='bbox 360 3512 634 3550; x_wconf 81' lang='lat' dir='ltr'>Northamptoniae,</span> <span class='ocrx_word' id='word_1_565' title='bbox 644 3513 840 3544; x_wconf 88' lang='lat' dir='ltr'>Lincolniensi</span> <span class='ocrx_word' id='word_1_566' title='bbox 855 3514 1002 3554; x_wconf 83' lang='lat' dir='ltr'>Dioecesi,</span> <span class='ocrx_word' id='word_1_567' title='bbox 1019 3517 1049 3545; x_wconf 90' lang='lat' dir='ltr'>in</span> <span class='ocrx_word' id='word_1_568' title='bbox 1063 3516 1229 3547; x_wconf 83' lang='lat' dir='ltr'>subventio-</span> 
     </span>
     <span class='ocr_line' id='line_1_93' title="bbox 161 3550 1229 3595; baseline 0.004 -14"><span class='ocrx_word' id='word_1_569' title='bbox 161 3561 232 3595; x_wconf 81' lang='lat' dir='ltr'>nem</span> <span class='ocrx_word' id='word_1_570' title='bbox 251 3550 464 3582; x_wconf 87' lang='lat' dir='ltr'>Sustentationis</span> <span class='ocrx_word' id='word_1_571' title='bbox 484 3550 671 3590; x_wconf 88' lang='lat' dir='ltr'>eorumdem,</span> <span class='ocrx_word' id='word_1_572' title='bbox 690 3551 757 3590; x_wconf 88' lang='lat' dir='ltr'>Ipsis</span> <span class='ocrx_word' id='word_1_573' title='bbox 779 3562 829 3593; x_wconf 87' lang='lat' dir='ltr'>per</span> <span class='ocrx_word' id='word_1_574' title='bbox 850 3563 902 3583; x_wconf 91' lang='lat' dir='ltr'>nos</span> <span class='ocrx_word' id='word_1_575' title='bbox 917 3554 1134 3585; x_wconf 88' lang='lat' dir='ltr'>misericorditer</span> <span class='ocrx_word' id='word_1_576' title='bbox 1147 3555 1229 3595; x_wconf 84' lang='lat' dir='ltr'>affig-</span> 
     </span>
     <span class='ocr_line' id='line_1_94' title="bbox 162 3598 232 3620; baseline -0.014 0"><span class='ocrx_word' id='word_1_577' title='bbox 162 3598 232 3620; x_wconf 86' lang='lat' dir='ltr'>natis</span> 
     </span>
    </p>

    <p class='ocr_par' dir='ltr' id='par_1_26' title="bbox 164 3612 1233 3823">
     <span class='ocr_line' id='line_1_95' title="bbox 201 3612 1233 3668; baseline 0.004 -11"><span class='ocrx_word' id='word_1_578' title='bbox 201 3612 250 3658; x_wconf 71' lang='lat' dir='ltr'>Ac&#39;</span> <span class='ocrx_word' id='word_1_579' title='bbox 272 3627 409 3658; x_wconf 92' lang='lat' dir='ltr'>Domino</span> <span class='ocrx_word' id='word_1_580' title='bbox 432 3626 555 3658; x_wconf 87' lang='lat' dir='ltr'>Summo</span> <span class='ocrx_word' id='word_1_581' title='bbox 577 3626 711 3658; x_wconf 84' lang='lat' dir='ltr'>Pontifici</span> <span class='ocrx_word' id='word_1_582' title='bbox 723 3639 772 3666; x_wconf 88' lang='lat' dir='ltr'>per</span> <span class='ocrx_word' id='word_1_583' title='bbox 786 3628 893 3660; x_wconf 86' lang='lat' dir='ltr'>nostras</span> <span class='ocrx_word' id='word_1_584' title='bbox 909 3629 1155 3668; x_wconf 88' lang='lat' dir='ltr'>supplicaverimus</span> <span class='ocrx_word' id='word_1_585' title='bbox 1171 3632 1233 3662; x_wconf 88' lang='lat' dir='ltr'>Lit-</span> 
     </span>
     <span class='ocr_line' id='line_1_96' title="bbox 164 3665 1233 3707; baseline 0.003 -10"><span class='ocrx_word' id='word_1_586' title='bbox 164 3674 236 3697; x_wconf 84' lang='lat' dir='ltr'>teras</span> <span class='ocrx_word' id='word_1_587' title='bbox 251 3666 398 3704; x_wconf 74' lang='lat' dir='ltr'>speciales,</span> <span class='ocrx_word' id='word_1_588' title='bbox 417 3674 465 3703; x_wconf 84' lang='lat' dir='ltr'>ut,</span> <span class='ocrx_word' id='word_1_589' title='bbox 482 3665 517 3696; x_wconf 86' lang='lat' dir='ltr'>ad</span> <span class='ocrx_word' id='word_1_590' title='bbox 531 3666 693 3696; x_wconf 85' lang='lat' dir='ltr'>uberiorem</span> <span class='ocrx_word' id='word_1_591' title='bbox 709 3666 950 3698; x_wconf 87' lang='lat' dir='ltr'>Sustentationem</span> <span class='ocrx_word' id='word_1_592' title='bbox 965 3669 1151 3707; x_wconf 88' lang='lat' dir='ltr'>eorumdem,</span> <span class='ocrx_word' id='word_1_593' title='bbox 1169 3670 1233 3700; x_wconf 93' lang='lat' dir='ltr'>Cu-</span> 
     </span>
     <span class='ocr_line' id='line_1_97' title="bbox 168 3703 1232 3748; baseline 0.005 -14"><span class='ocrx_word' id='word_1_594' title='bbox 168 3704 243 3736; x_wconf 90' lang='lat' dir='ltr'>stodi</span> <span class='ocrx_word' id='word_1_595' title='bbox 269 3706 302 3736; x_wconf 89' lang='lat'>&amp;</span> <span class='ocrx_word' id='word_1_596' title='bbox 330 3705 492 3736; x_wconf 86' lang='lat' dir='ltr'>Scolaribus</span> <span class='ocrx_word' id='word_1_597' title='bbox 517 3703 586 3734; x_wconf 62' lang='lat' dir='ltr'>dieti</span> <span class='ocrx_word' id='word_1_598' title='bbox 606 3703 734 3741; x_wconf 90' lang='lat' dir='ltr'>Collegii</span> <span class='ocrx_word' id='word_1_599' title='bbox 756 3706 902 3742; x_wconf 77' lang='lat' dir='ltr'>praefatam</span> <span class='ocrx_word' id='word_1_600' title='bbox 924 3707 1080 3737; x_wconf 86' lang='lat' dir='ltr'>Ecclesiam</span> <span class='ocrx_word' id='word_1_601' title='bbox 1101 3707 1232 3748; x_wconf 86' lang='lat' dir='ltr'>dignetur</span> 
     </span>
     <span class='ocr_line' id='line_1_98' title="bbox 168 3742 1233 3784; baseline 0.006 -12"><span class='ocrx_word' id='word_1_602' title='bbox 168 3743 345 3781; x_wconf 82' lang='lat' dir='ltr'>concedere,</span> <span class='ocrx_word' id='word_1_603' title='bbox 362 3744 392 3772; x_wconf 92' lang='lat' dir='ltr'>in</span> <span class='ocrx_word' id='word_1_604' title='bbox 410 3743 488 3773; x_wconf 86' lang='lat' dir='ltr'>Usus</span> <span class='ocrx_word' id='word_1_605' title='bbox 509 3742 567 3773; x_wconf 93' lang='lat' dir='ltr'>suos</span> <span class='ocrx_word' id='word_1_606' title='bbox 588 3743 735 3780; x_wconf 81' lang='lat' dir='ltr'>proprios,</span> <span class='ocrx_word' id='word_1_607' title='bbox 753 3746 891 3781; x_wconf 79' lang='lat' dir='ltr'>perpetuo</span> <span class='ocrx_word' id='word_1_608' title='bbox 913 3744 1131 3784; x_wconf 83' lang='lat' dir='ltr'>Poffidendam,</span> <span class='ocrx_word' id='word_1_609' title='bbox 1153 3747 1233 3784; x_wconf 78' lang='lat' dir='ltr'>quta</span> 
     </span>
     <span class='ocr_line' id='line_1_99' title="bbox 170 3780 1196 3823; baseline 0.005 -12"><span class='ocrx_word' id='word_1_610' title='bbox 170 3781 294 3811; x_wconf 88' lang='lat' dir='ltr'>formam</span> <span class='ocrx_word' id='word_1_611' title='bbox 316 3781 532 3819; x_wconf 75' lang='lat' dir='ltr'>Supplicationis</span> <span class='ocrx_word' id='word_1_612' title='bbox 546 3780 668 3819; x_wconf 87' lang='lat' dir='ltr'>nostrae,</span> <span class='ocrx_word' id='word_1_613' title='bbox 686 3781 770 3812; x_wconf 67' lang='lat' dir='ltr'>dietis</span> <span class='ocrx_word' id='word_1_614' title='bbox 786 3782 897 3813; x_wconf 88' lang='lat' dir='ltr'>Litteris</span> <span class='ocrx_word' id='word_1_615' title='bbox 910 3783 1011 3814; x_wconf 90' lang='lat' dir='ltr'>nostris</span> <span class='ocrx_word' id='word_1_616' title='bbox 1025 3785 1196 3823; x_wconf 66' lang='lat' dir='ltr'>interclusae,</span> 
     </span>
    </p>

    <p class='ocr_par' dir='ltr' id='par_1_27' title="bbox 171 3818 1239 3901">
     <span class='ocr_line' id='line_1_100' title="bbox 208 3818 1236 3859; baseline 0.005 -9"><span class='ocrx_word' id='word_1_617' title='bbox 208 3818 406 3850; x_wconf 88' lang='lat' dir='ltr'>Paternitatem</span> <span class='ocrx_word' id='word_1_618' title='bbox 428 3819 549 3850; x_wconf 87' lang='lat' dir='ltr'>vestram</span> <span class='ocrx_word' id='word_1_619' title='bbox 570 3819 769 3849; x_wconf 86' lang='lat' dir='ltr'>Reverendam</span> <span class='ocrx_word' id='word_1_620' title='bbox 792 3821 891 3857; x_wconf 87' lang='lat' dir='ltr'>(quam</span> <span class='ocrx_word' id='word_1_621' title='bbox 906 3821 941 3853; x_wconf 76' lang='lat' dir='ltr'>aid</span> <span class='ocrx_word' id='word_1_622' title='bbox 957 3823 1155 3859; x_wconf 86' lang='lat' dir='ltr'>promovenda</span> <span class='ocrx_word' id='word_1_623' title='bbox 1170 3823 1236 3855; x_wconf 83' lang='lat' dir='ltr'>Pie-</span> 
     </span>
     <span class='ocr_line' id='line_1_101' title="bbox 171 3857 1239 3901; baseline 0.007 -15"><span class='ocrx_word' id='word_1_624' title='bbox 171 3858 232 3887; x_wconf 90' lang='lat' dir='ltr'>tatis</span> <span class='ocrx_word' id='word_1_625' title='bbox 251 3858 348 3896; x_wconf 89' lang='lat' dir='ltr'>Opera</span> <span class='ocrx_word' id='word_1_626' title='bbox 377 3859 518 3889; x_wconf 87' lang='lat' dir='ltr'>credimus</span> <span class='ocrx_word' id='word_1_627' title='bbox 536 3857 724 3888; x_wconf 85' lang='lat' dir='ltr'>favorabiliter</span> <span class='ocrx_word' id='word_1_628' title='bbox 744 3858 917 3896; x_wconf 87' lang='lat' dir='ltr'>inclinatam)</span> <span class='ocrx_word' id='word_1_629' title='bbox 948 3862 1053 3891; x_wconf 80' lang='lat' dir='ltr'>attente</span> <span class='ocrx_word' id='word_1_630' title='bbox 1081 3870 1214 3901; x_wconf 87' lang='lat' dir='ltr'>rogamus</span> <span class='ocrx_word' id='word_1_631' title='bbox 1229 3885 1239 3901; x_wconf 96' lang='lat'>,</span> 
     </span>
    </p>

    <p class='ocr_par' dir='ltr' id='par_1_28' title="bbox 195 3895 1239 3937">
     <span class='ocr_line' id='line_1_102' title="bbox 195 3895 1239 3937; baseline 0.008 -13"><span class='ocrx_word' id='word_1_632' title='bbox 195 3896 300 3926; x_wconf 83' lang='lat' dir='ltr'>narinus</span> <span class='ocrx_word' id='word_1_633' title='bbox 314 3907 381 3934; x_wconf 85' lang='lat' dir='ltr'>erga</span> <span class='ocrx_word' id='word_1_634' title='bbox 396 3897 506 3927; x_wconf 66' lang='lat' dir='ltr'>dietum</span> <span class='ocrx_word' id='word_1_635' title='bbox 520 3896 672 3926; x_wconf 89' lang='lat' dir='ltr'>Summum</span> <span class='ocrx_word' id='word_1_636' title='bbox 689 3895 878 3934; x_wconf 80' lang='lat' dir='ltr'>Pontificem,</span> <span class='ocrx_word' id='word_1_637' title='bbox 898 3908 952 3934; x_wconf 89' lang='lat' dir='ltr'>pro</span> <span class='ocrx_word' id='word_1_638' title='bbox 965 3898 1039 3929; x_wconf 90' lang='lat' dir='ltr'>felici</span> <span class='ocrx_word' id='word_1_639' title='bbox 1061 3901 1239 3937; x_wconf 82' lang='lat' dir='ltr'>expeditione</span> 
     </span>
    </p>
   </div>
   <div class='ocr_carea' id='block_1_17' title="bbox 1257 147 1739 194">
    <p class='ocr_par' dir='ltr' id='par_1_29' title="bbox 1257 147 1739 194">
     <span class='ocr_line' id='line_1_103' title="bbox 1257 147 1739 194; baseline 0.01 -5"><span class='ocrx_word' id='word_1_640' title='bbox 1257 147 1739 194; x_wconf 65' lang='lat' dir='ltr'><strong>PUBLICAJ</strong></span> 
     </span>
    </p>
   </div>
   <div class='ocr_carea' id='block_1_18' title="bbox 1279 273 2309 368">
    <p class='ocr_par' dir='ltr' id='par_1_30' title="bbox 1279 273 2309 368">
     <span class='ocr_line' id='line_1_104' title="bbox 1279 273 2309 357; baseline 0.019 -48"><span class='ocrx_word' id='word_1_641' title='bbox 1279 273 1392 311; x_wconf 86' lang='lat' dir='ltr'>Eodem</span> <span class='ocrx_word' id='word_1_642' title='bbox 1407 283 1496 314; x_wconf 90' lang='lat' dir='ltr'>modo</span> <span class='ocrx_word' id='word_1_643' title='bbox 1510 284 1636 318; x_wconf 88' lang='lat' dir='ltr'>scribitur</span> <span class='ocrx_word' id='word_1_644' title='bbox 1651 287 1845 357; x_wconf 47' lang='lat' dir='ltr'>Cffidissffllbus</span> <span class='ocrx_word' id='word_1_645' title='bbox 1860 290 2032 333; x_wconf 72' lang='lat' dir='ltr'>subscriptis,</span> <span class='ocrx_word' id='word_1_646' title='bbox 2051 294 2101 326; x_wconf 90' lang='lat' dir='ltr'>sub</span> <span class='ocrx_word' id='word_1_647' title='bbox 2116 279 2309 335; x_wconf 66' lang='lat' dir='ltr'>eademdat133</span> 
     </span>
     <span class='ocr_line' id='line_1_105' title="bbox 1721 337 1870 368; baseline 0.013 -10"><span class='ocrx_word' id='word_1_648' title='bbox 1721 337 1751 358; x_wconf 79' lang='lat' dir='ltr'>vr</span> <span class='ocrx_word' id='word_1_649' title='bbox 1772 337 1870 368; x_wconf 62' lang='lat' dir='ltr'>eiicet,</span> 
     </span>
    </p>
   </div>
   <div class='ocr_carea' id='block_1_19' title="bbox 1295 403 2216 489">
    <p class='ocr_par' dir='ltr' id='par_1_31' title="bbox 1295 403 2216 489">
     <span class='ocr_line' id='line_1_106' title="bbox 1295 403 2198 458; baseline 0.024 -27"><span class='ocrx_word' id='word_1_650' title='bbox 1295 403 1412 450; x_wconf 66' lang='lat' dir='ltr'>Domino</span> <span class='ocrx_word' id='word_1_651' title='bbox 1424 407 1458 435; x_wconf 87' lang='lat' dir='ltr'>G.</span> <span class='ocrx_word' id='word_1_652' title='bbox 1477 409 1531 437; x_wconf 80' lang='lat' dir='ltr'>Dei</span> <span class='ocrx_word' id='word_1_653' title='bbox 1542 409 1655 458; x_wconf 36' lang='lat' dir='ltr'>gratia}</span> <span class='ocrx_word' id='word_1_654' title='bbox 1674 411 1797 451; x_wconf 67' lang='lat' dir='ltr'>Epifiopo</span> <span class='ocrx_word' id='word_1_655' title='bbox 1814 414 1974 447; x_wconf 65' lang='lat' dir='ltr'>A&#39;hanens&#39;z.</span> <span class='ocrx_word' id='word_1_656' title='bbox 2196 446 2198 449; x_wconf 86' lang='lat'>-</span> 
     </span>
     <span class='ocr_line' id='line_1_107' title="bbox 1298 443 2216 489; baseline 0.022 -19"><span class='ocrx_word' id='word_1_657' title='bbox 1298 443 1413 472; x_wconf 68' lang='lat' dir='ltr'>Domeno</span> <span class='ocrx_word' id='word_1_658' title='bbox 1426 447 1467 474; x_wconf 90' lang='lat' dir='ltr'>N.</span> <span class='ocrx_word' id='word_1_659' title='bbox 1486 449 1540 476; x_wconf 89' lang='lat' dir='ltr'>Dei</span> <span class='ocrx_word' id='word_1_660' title='bbox 1551 452 1664 486; x_wconf 81' lang='lat' dir='ltr'>gratia,</span> <span class='ocrx_word' id='word_1_661' title='bbox 1684 453 1779 481; x_wconf 68' lang='lat' dir='ltr'>Sam‘Zi</span> <span class='ocrx_word' id='word_1_662' title='bbox 1794 457 1915 485; x_wconf 64' lang='lat' dir='ltr'>Adriani</span> <span class='ocrx_word' id='word_1_663' title='bbox 1930 447 2050 488; x_wconf 47' lang='lat' dir='ltr'>Damno</span> <span class='ocrx_word' id='word_1_664' title='bbox 2065 459 2216 489; x_wconf 78' lang='lat' dir='ltr'>cardinali.</span> 
     </span>
    </p>
   </div>
   <div class='ocr_carea' id='block_1_20' title="bbox 1289 533 1832 547">
    <p class='ocr_par' dir='ltr' id='par_1_32' title="bbox 1289 533 1832 547">
     <span class='ocr_line' id='line_1_108' title="bbox 1289 533 1832 547; baseline 0 0"><span class='ocrx_word' id='word_1_665' title='bbox 1289 533 1832 547; x_wconf 95' lang='lat' dir='ltr'> </span> 
     </span>
    </p>
   </div>
   <div class='ocr_carea' id='block_1_21' title="bbox 1258 587 2322 694">
    <p class='ocr_par' dir='ltr' id='par_1_33' title="bbox 1258 587 2322 694">
     <span class='ocr_line' id='line_1_109' title="bbox 1258 587 2322 649; baseline 0.013 -28"><span class='ocrx_word' id='word_1_666' title='bbox 1258 587 1278 611; x_wconf 55' lang='lat'><em>2</em></span> <span class='ocrx_word' id='word_1_667' title='bbox 1294 589 1354 622; x_wconf 80' lang='lat' dir='ltr'>Ad</span> <span class='ocrx_word' id='word_1_668' title='bbox 1365 591 1448 636; x_wconf 75' lang='lat' dir='ltr'>Papae</span> <span class='ocrx_word' id='word_1_669' title='bbox 1468 593 1587 626; x_wconf 74' lang='lat' dir='ltr'>Literas</span> <span class='ocrx_word' id='word_1_670' title='bbox 1597 595 1689 641; x_wconf 74' lang='lat' dir='ltr'>sttper</span> <span class='ocrx_word' id='word_1_671' title='bbox 1702 599 1821 630; x_wconf 65' lang='lat' dir='ltr'>Guerrzr</span> <span class='ocrx_word' id='word_1_672' title='bbox 1834 609 1902 630; x_wconf 78' lang='lat' dir='ltr'>cum</span> <span class='ocrx_word' id='word_1_673' title='bbox 1919 602 1995 646; x_wconf 74' lang='lat' dir='ltr'>Rege</span> <span class='ocrx_word' id='word_1_674' title='bbox 2014 603 2162 644; x_wconf 62' lang='lat' dir='ltr'>mehz,</span> <span class='ocrx_word' id='word_1_675' title='bbox 2182 605 2218 641; x_wconf 54' lang='grc' dir='ltr'><strong><em>ὠ</em></strong></span> <span class='ocrx_word' id='word_1_676' title='bbox 2230 603 2322 649; x_wconf 58' lang='lat' dir='ltr'>fitp&#39;er</span> 
     </span>
     <span class='ocr_line' id='line_1_110' title="bbox 1422 640 2148 694; baseline 0.015 -21"><span class='ocrx_word' id='word_1_677' title='bbox 1422 640 1604 686; x_wconf 71' lang='lat' dir='ltr'>Alltgantiis</span> <span class='ocrx_word' id='word_1_678' title='bbox 1621 655 1690 676; x_wconf 78' lang='lat' dir='ltr'>cum</span> <span class='ocrx_word' id='word_1_679' title='bbox 1706 648 1907 692; x_wconf 76' lang='lat' dir='ltr'>Imperatore,</span> <span class='ocrx_word' id='word_1_680' title='bbox 1933 649 2148 694; x_wconf 72' lang='lat' dir='ltr'>Excustztoria.</span> 
     </span>
    </p>
   </div>
   <div class='ocr_carea' id='block_1_22' title="bbox 1247 732 2318 1196">
    <p class='ocr_par' dir='ltr' id='par_1_34' title="bbox 1248 732 2315 927">
     <span class='ocr_line' id='line_1_111' title="bbox 1303 732 2106 772; baseline 0.016 -10"><span class='ocrx_word' id='word_1_681' title='bbox 1303 732 1374 771; x_wconf 83' lang='lat' dir='ltr'>Apae</span> <span class='ocrx_word' id='word_1_682' title='bbox 1389 732 1453 764; x_wconf 86' lang='lat' dir='ltr'>Rex</span> <span class='ocrx_word' id='word_1_683' title='bbox 1466 733 1569 766; x_wconf 81' lang='lat' dir='ltr'>devota</span> <span class='ocrx_word' id='word_1_684' title='bbox 1584 734 1697 767; x_wconf 90' lang='lat' dir='ltr'>Pedum</span> <span class='ocrx_word' id='word_1_685' title='bbox 1713 738 1806 770; x_wconf 89' lang='lat' dir='ltr'>oscula</span> <span class='ocrx_word' id='word_1_686' title='bbox 1822 740 1979 772; x_wconf 83' lang='lat' dir='ltr'>beatorum.</span> <span class='ocrx_word' id='word_1_687' title='bbox 2104 768 2106 771; x_wconf 31' lang='lat' dir='ltr'>v</span> 
     </span>
     <span class='ocr_line' id='line_1_112' title="bbox 1338 771 2314 817; baseline 0.014 -17"><span class='ocrx_word' id='word_1_688' title='bbox 1338 771 1463 817; x_wconf 80' lang='lat' dir='ltr'>Honore</span> <span class='ocrx_word' id='word_1_689' title='bbox 1478 773 1625 817; x_wconf 76' lang='lat' dir='ltr'>condigno</span> <span class='ocrx_word' id='word_1_690' title='bbox 1641 779 1757 814; x_wconf 89' lang='lat' dir='ltr'>receptis</span> <span class='ocrx_word' id='word_1_691' title='bbox 1772 779 1843 809; x_wconf 87' lang='lat' dir='ltr'>binis</span> <span class='ocrx_word' id='word_1_692' title='bbox 1859 780 1958 810; x_wconf 77' lang='lat' dir='ltr'>vestrae</span> <span class='ocrx_word' id='word_1_693' title='bbox 1973 780 2151 812; x_wconf 89' lang='lat' dir='ltr'>Celsitudinis</span> <span class='ocrx_word' id='word_1_694' title='bbox 2166 782 2192 813; x_wconf 91' lang='lat' dir='ltr'><strong>A</strong></span> <span class='ocrx_word' id='word_1_695' title='bbox 2213 783 2314 814; x_wconf 84' lang='lat' dir='ltr'>ostoli-</span> 
     </span>
     <span class='ocr_line' id='line_1_113' title="bbox 1249 792 2314 858; baseline 0.013 -20"><span class='ocrx_word' id='word_1_696' title='bbox 1249 818 1294 838; x_wconf 64' lang='grc' dir='ltr'>επ</span> <span class='ocrx_word' id='word_1_697' title='bbox 1315 809 1447 855; x_wconf 67' lang='lat' dir='ltr'>Litteris,</span> <span class='ocrx_word' id='word_1_698' title='bbox 1465 812 1549 842; x_wconf 87' lang='lat' dir='ltr'>nobis</span> <span class='ocrx_word' id='word_1_699' title='bbox 1570 822 1638 852; x_wconf 84' lang='lat' dir='ltr'>per,</span> <span class='ocrx_word' id='word_1_700' title='bbox 1657 816 1845 847; x_wconf 82' lang='lat' dir='ltr'>reverendum</span> <span class='ocrx_word' id='word_1_701' title='bbox 1864 820 1976 857; x_wconf 88' lang='lat' dir='ltr'>virum,</span> <span class='ocrx_word' id='word_1_702' title='bbox 2005 819 2174 858; x_wconf 87' lang='lat' dir='ltr'>Magistrum</span> <span class='ocrx_word' id='word_1_703' title='bbox 2193 792 2314 852; x_wconf 60' lang='lat' dir='ltr'>lPetrum</span> 
     </span>
     <span class='ocr_line' id='line_1_114' title="bbox 1248 846 2315 895; baseline 0.012 -18"><span class='ocrx_word' id='word_1_704' title='bbox 1248 846 1469 891; x_wconf 83' lang='lat' dir='ltr'>Burgundionis,</span> <span class='ocrx_word' id='word_1_705' title='bbox 1495 849 1682 895; x_wconf 83' lang='lat' dir='ltr'>Capelianum</span> <span class='ocrx_word' id='word_1_706' title='bbox 1704 854 1849 894; x_wconf 84' lang='lat' dir='ltr'>vestrum,</span> <span class='ocrx_word' id='word_1_707' title='bbox 1876 857 1909 888; x_wconf 66' lang='grc' dir='ltr'>ὃς</span> <span class='ocrx_word' id='word_1_708' title='bbox 1931 857 2086 889; x_wconf 71' lang='lat' dir='ltr'>Sanstitatis</span> <span class='ocrx_word' id='word_1_709' title='bbox 2106 859 2205 891; x_wconf 84' lang='lat' dir='ltr'>vestrae</span> <span class='ocrx_word' id='word_1_710' title='bbox 2226 860 2261 890; x_wconf 92' lang='lat' dir='ltr'>N</span> <span class='ocrx_word' id='word_1_711' title='bbox 2265 871 2315 890; x_wconf 91' lang='lat' dir='ltr'>un-</span> 
     </span>
     <span class='ocr_line' id='line_1_115' title="bbox 1250 888 1548 927; baseline 0.013 -11"><span class='ocrx_word' id='word_1_712' title='bbox 1250 895 1346 924; x_wconf 90' lang='lat' dir='ltr'>cium,</span> <span class='ocrx_word' id='word_1_713' title='bbox 1364 888 1548 927; x_wconf 84' lang='lat' dir='ltr'>praesentatls,</span> 
     </span>
    </p>

    <p class='ocr_par' dir='ltr' id='par_1_35' title="bbox 1247 924 2318 1196">
     <span class='ocr_line' id='line_1_116' title="bbox 1284 924 2316 971; baseline 0.013 -17"><span class='ocrx_word' id='word_1_714' title='bbox 1284 924 1347 968; x_wconf 32' lang='lat' dir='ltr'>*Per</span> <span class='ocrx_word' id='word_1_715' title='bbox 1357 926 1492 971; x_wconf 69' lang='lat' dir='ltr'>Quarum</span> <span class='ocrx_word' id='word_1_716' title='bbox 1505 928 1599 959; x_wconf 87' lang='lat' dir='ltr'>alteras</span> <span class='ocrx_word' id='word_1_717' title='bbox 1610 929 1702 960; x_wconf 86' lang='lat' dir='ltr'>vestra</span> <span class='ocrx_word' id='word_1_718' title='bbox 1715 929 1874 968; x_wconf 86' lang='lat' dir='ltr'>Benignitas</span> <span class='ocrx_word' id='word_1_719' title='bbox 1887 932 1993 963; x_wconf 81' lang='lat' dir='ltr'>Pacem</span> <span class='ocrx_word' id='word_1_720' title='bbox 2008 935 2156 965; x_wconf 86' lang='lat' dir='ltr'>ineundam</span> <span class='ocrx_word' id='word_1_721' title='bbox 2170 946 2237 967; x_wconf 81' lang='lat' dir='ltr'>cum</span> <span class='ocrx_word' id='word_1_722' title='bbox 2248 937 2316 968; x_wconf 93' lang='lat' dir='ltr'>Do-</span> 
     </span>
     <span class='ocr_line' id='line_1_117' title="bbox 1250 962 2316 1010; baseline 0.012 -18"><span class='ocrx_word' id='word_1_723' title='bbox 1250 971 1331 1009; x_wconf 81' lang='lat' dir='ltr'>mino</span> <span class='ocrx_word' id='word_1_724' title='bbox 1346 962 1498 1004; x_wconf 86' lang='lat' dir='ltr'>Philippo,</span> <span class='ocrx_word' id='word_1_725' title='bbox 1517 966 1631 1006; x_wconf 90' lang='lat' dir='ltr'>Regem</span> <span class='ocrx_word' id='word_1_726' title='bbox 1647 969 1774 1000; x_wconf 82' lang='lat' dir='ltr'>Franciae</span> <span class='ocrx_word' id='word_1_727' title='bbox 1790 971 1827 1001; x_wconf 90' lang='lat' dir='ltr'>Se</span> <span class='ocrx_word' id='word_1_728' title='bbox 1840 970 1967 1010; x_wconf 80' lang='lat' dir='ltr'>dicente,</span> <span class='ocrx_word' id='word_1_729' title='bbox 1987 973 2068 1002; x_wconf 86' lang='lat' dir='ltr'>nobis</span> <span class='ocrx_word' id='word_1_730' title='bbox 2082 974 2242 1009; x_wconf 63' lang='lat' dir='ltr'>persuadere</span> <span class='ocrx_word' id='word_1_731' title='bbox 2263 986 2316 1006; x_wconf 90' lang='lat' dir='ltr'>cu-</span> 
     </span>
     <span class='ocr_line' id='line_1_118' title="bbox 1249 1002 2318 1076; baseline 0.013 -45"><span class='ocrx_word' id='word_1_732' title='bbox 1249 1010 1335 1040; x_wconf 73' lang='lat' dir='ltr'>ravit,</span> <span class='ocrx_word' id='word_1_733' title='bbox 1364 1002 1398 1033; x_wconf 91' lang='lat' dir='ltr'>ad</span> <span class='ocrx_word' id='word_1_734' title='bbox 1421 1004 1532 1047; x_wconf 88' lang='lat' dir='ltr'>Quod,</span> <span class='ocrx_word' id='word_1_735' title='bbox 1550 1006 1624 1050; x_wconf 85' lang='lat' dir='ltr'>duce</span> <span class='ocrx_word' id='word_1_736' title='bbox 1643 1006 2044 1076; x_wconf 56' lang='lat' dir='ltr'>Domino,}procurandum,</span> <span class='ocrx_word' id='word_1_737' title='bbox 2065 1010 2242 1043; x_wconf 85' lang='lat' dir='ltr'>Venerabiles</span> <span class='ocrx_word' id='word_1_738' title='bbox 2263 1014 2318 1044; x_wconf 90' lang='lat' dir='ltr'>Pa-</span> 
     </span>
     <span class='ocr_line' id='line_1_119' title="bbox 1247 1039 2315 1087; baseline 0.012 -18"><span class='ocrx_word' id='word_1_739' title='bbox 1247 1048 1319 1078; x_wconf 90' lang='lat' dir='ltr'>tres,</span> <span class='ocrx_word' id='word_1_740' title='bbox 1345 1039 1493 1087; x_wconf 72' lang='lat' dir='ltr'>Domitios</span> <span class='ocrx_word' id='word_1_741' title='bbox 1508 1042 1546 1086; x_wconf 83' lang='lat' dir='ltr'>.P·</span> <span class='ocrx_word' id='word_1_742' title='bbox 1572 1044 1644 1074; x_wconf 91' lang='lat' dir='ltr'>tituli</span> <span class='ocrx_word' id='word_1_743' title='bbox 1663 1045 1775 1076; x_wconf 62' lang='lat' dir='ltr'>Sanetae</span> <span class='ocrx_word' id='word_1_744' title='bbox 1828 1048 1930 1078; x_wconf 87' lang='lat' dir='ltr'>raxedis</span> <span class='ocrx_word' id='word_1_745' title='bbox 1944 1073 1953 1086; x_wconf 87' lang='lat'>,</span> <span class='ocrx_word' id='word_1_746' title='bbox 1986 1048 2174 1079; x_wconf 81' lang='lat' dir='ltr'>presbiterum</span> <span class='ocrx_word' id='word_1_747' title='bbox 2190 1075 2198 1086; x_wconf 87' lang='lat'>,</span> <span class='ocrx_word' id='word_1_748' title='bbox 2226 1053 2259 1082; x_wconf 65' lang='grc' dir='ltr'>ὃς</span> <span class='ocrx_word' id='word_1_749' title='bbox 2281 1052 2315 1083; x_wconf 81' lang='grc' dir='ltr'>Β.</span> 
     </span>
     <span class='ocr_line' id='line_1_120' title="bbox 1249 1078 2316 1124; baseline 0.011 -16"><span class='ocrx_word' id='word_1_750' title='bbox 1249 1078 1362 1123; x_wconf 63' lang='lat' dir='ltr'>Santfi&#39;tae</span> <span class='ocrx_word' id='word_1_751' title='bbox 1383 1080 1487 1111; x_wconf 80' lang='lat' dir='ltr'>Mariae</span> <span class='ocrx_word' id='word_1_752' title='bbox 1506 1091 1535 1111; x_wconf 91' lang='lat' dir='ltr'>in</span> <span class='ocrx_word' id='word_1_753' title='bbox 1558 1081 1669 1120; x_wconf 87' lang='lat' dir='ltr'>Aquiro</span> <span class='ocrx_word' id='word_1_754' title='bbox 1692 1083 1874 1124; x_wconf 78' lang='lat' dir='ltr'>Diaconum,</span> <span class='ocrx_word' id='word_1_755' title='bbox 1894 1086 2007 1117; x_wconf 62' lang='lat' dir='ltr'>Sanffle</span> <span class='ocrx_word' id='word_1_756' title='bbox 2022 1087 2165 1118; x_wconf 74' lang='lat' dir='ltr'>Romana:</span> <span class='ocrx_word' id='word_1_757' title='bbox 2180 1088 2316 1121; x_wconf 81' lang='lat' dir='ltr'>Ecclefiae</span> 
     </span>
     <span class='ocr_line' id='line_1_121' title="bbox 1249 1116 2314 1164; baseline 0.011 -18"><span class='ocrx_word' id='word_1_758' title='bbox 1249 1116 1412 1162; x_wconf 77' lang='lat' dir='ltr'>Cardinales</span> <span class='ocrx_word' id='word_1_759' title='bbox 1432 1158 1437 1163; x_wconf 36' lang='lat'>¹</span> <span class='ocrx_word' id='word_1_760' title='bbox 1453 1118 1488 1149; x_wconf 87' lang='lat' dir='ltr'>ad</span> <span class='ocrx_word' id='word_1_761' title='bbox 1508 1120 1656 1157; x_wconf 78' lang='lat' dir='ltr'>praefatum</span> <span class='ocrx_word' id='word_1_762' title='bbox 1678 1121 1845 1154; x_wconf 89' lang='lat' dir='ltr'>Dominum</span> <span class='ocrx_word' id='word_1_763' title='bbox 1866 1126 1900 1156; x_wconf 75' lang='grc' dir='ltr'>δε</span> <span class='ocrx_word' id='word_1_764' title='bbox 1920 1135 1972 1155; x_wconf 91' lang='lat' dir='ltr'>nos</span> <span class='ocrx_word' id='word_1_765' title='bbox 1994 1125 2085 1156; x_wconf 85' lang='lat' dir='ltr'>vestra</span> <span class='ocrx_word' id='word_1_766' title='bbox 2103 1127 2227 1164; x_wconf 88' lang='lat' dir='ltr'>providit</span> <span class='ocrx_word' id='word_1_767' title='bbox 2244 1126 2314 1158; x_wconf 90' lang='lat' dir='ltr'>Cle-</span> 
     </span>
     <span class='ocr_line' id='line_1_122' title="bbox 1248 1143 1564 1196; baseline 0.009 -11"><span class='ocrx_word' id='word_1_768' title='bbox 1248 1164 1355 1186; x_wconf 82' lang='lat' dir='ltr'>mentia</span> <span class='ocrx_word' id='word_1_769' title='bbox 1368 1143 1564 1196; x_wconf 61' lang='lat' dir='ltr'>desiinandos,</span> 
     </span>
    </p>
   </div>
   <div class='ocr_carea' id='block_1_23' title="bbox 1245 1194 2322 1813">
    <p class='ocr_par' dir='ltr' id='par_1_36' title="bbox 1247 1194 2315 1268">
     <span class='ocr_line' id='line_1_123' title="bbox 1286 1194 2315 1240; baseline 0.012 -17"><span class='ocrx_word' id='word_1_770' title='bbox 1286 1194 1324 1239; x_wconf 71' lang='lat' dir='ltr'>Er</span> <span class='ocrx_word' id='word_1_771' title='bbox 1336 1205 1386 1233; x_wconf 89' lang='lat' dir='ltr'>per</span> <span class='ocrx_word' id='word_1_772' title='bbox 1401 1195 1462 1240; x_wconf 82' lang='lat' dir='ltr'>alias</span> <span class='ocrx_word' id='word_1_773' title='bbox 1478 1195 1728 1240; x_wconf 78' lang='lat' dir='ltr'>Participationem</span> <span class='ocrx_word' id='word_1_774' title='bbox 1744 1209 1814 1230; x_wconf 89' lang='lat' dir='ltr'>cum</span> <span class='ocrx_word' id='word_1_775' title='bbox 1826 1200 1961 1232; x_wconf 87' lang='lat' dir='ltr'>Domino</span> <span class='ocrx_word' id='word_1_776' title='bbox 1976 1202 2138 1234; x_wconf 85' lang='lat' dir='ltr'>Lodowico</span> <span class='ocrx_word' id='word_1_777' title='bbox 2152 1202 2188 1234; x_wconf 88' lang='lat' dir='ltr'>de</span> <span class='ocrx_word' id='word_1_778' title='bbox 2201 1203 2315 1236; x_wconf 79' lang='lat' dir='ltr'>Bavaria</span> 
     </span>
     <span class='ocr_line' id='line_1_124' title="bbox 1247 1233 1725 1268; baseline 0.008 -4"><span class='ocrx_word' id='word_1_779' title='bbox 1247 1234 1330 1264; x_wconf 90' lang='lat' dir='ltr'>nobis</span> <span class='ocrx_word' id='word_1_780' title='bbox 1343 1233 1433 1264; x_wconf 83' lang='lat' dir='ltr'>Sacris</span> <span class='ocrx_word' id='word_1_781' title='bbox 1449 1233 1572 1266; x_wconf 89' lang='lat' dir='ltr'>Monitis</span> <span class='ocrx_word' id='word_1_782' title='bbox 1588 1236 1725 1268; x_wconf 76' lang='lat' dir='ltr'>dissuasit:</span> 
     </span>
    </p>

    <p class='ocr_par' dir='ltr' id='par_1_37' title="bbox 1246 1272 2318 1429">
     <span class='ocr_line' id='line_1_125' title="bbox 1287 1272 2316 1317; baseline 0.01 -15"><span class='ocrx_word' id='word_1_783' title='bbox 1287 1272 1331 1316; x_wconf 74' lang='lat' dir='ltr'>Ac</span> <span class='ocrx_word' id='word_1_784' title='bbox 1347 1272 1475 1317; x_wconf 79' lang='lat' dir='ltr'>Auditis,</span> <span class='ocrx_word' id='word_1_785' title='bbox 1493 1274 1527 1305; x_wconf 89' lang='lat'>&amp;</span> <span class='ocrx_word' id='word_1_786' title='bbox 1540 1274 1636 1305; x_wconf 79' lang='lat' dir='ltr'>debite</span> <span class='ocrx_word' id='word_1_787' title='bbox 1653 1275 1831 1315; x_wconf 84' lang='lat' dir='ltr'>Ponderatis,</span> <span class='ocrx_word' id='word_1_788' title='bbox 1854 1279 1914 1309; x_wconf 73' lang='lat' dir='ltr'>tam</span> <span class='ocrx_word' id='word_1_789' title='bbox 1936 1277 2089 1310; x_wconf 87' lang='lat' dir='ltr'>Contentis</span> <span class='ocrx_word' id='word_1_790' title='bbox 2110 1282 2137 1310; x_wconf 91' lang='lat' dir='ltr'>in</span> <span class='ocrx_word' id='word_1_791' title='bbox 2161 1280 2244 1311; x_wconf 64' lang='lat' dir='ltr'>dictis</span> <span class='ocrx_word' id='word_1_792' title='bbox 2264 1291 2316 1312; x_wconf 87' lang='lat' dir='ltr'>ve-</span> 
     </span>
     <span class='ocr_line' id='line_1_126' title="bbox 1246 1309 2315 1356; baseline 0.009 -16"><span class='ocrx_word' id='word_1_793' title='bbox 1246 1309 1308 1340; x_wconf 86' lang='lat' dir='ltr'>stris</span> <span class='ocrx_word' id='word_1_794' title='bbox 1323 1311 1476 1350; x_wconf 83' lang='lat' dir='ltr'>Apicibus,</span> <span class='ocrx_word' id='word_1_795' title='bbox 1489 1313 1575 1350; x_wconf 73' lang='lat' dir='ltr'>quam</span> <span class='ocrx_word' id='word_1_796' title='bbox 1589 1313 1666 1352; x_wconf 79' lang='lat' dir='ltr'>Quae</span> <span class='ocrx_word' id='word_1_797' title='bbox 1683 1315 1813 1352; x_wconf 64' lang='lat' dir='ltr'>praefatus</span> <span class='ocrx_word' id='word_1_798' title='bbox 1828 1315 1994 1355; x_wconf 78' lang='lat' dir='ltr'>Capelianus</span> <span class='ocrx_word' id='word_1_799' title='bbox 2008 1318 2100 1348; x_wconf 90' lang='lat' dir='ltr'>vester</span> <span class='ocrx_word' id='word_1_800' title='bbox 2114 1319 2187 1348; x_wconf 78' lang='lat' dir='ltr'>bene</span> <span class='ocrx_word' id='word_1_801' title='bbox 2203 1321 2236 1350; x_wconf 74' lang='grc' dir='ltr'>δε</span> <span class='ocrx_word' id='word_1_802' title='bbox 2249 1329 2315 1356; x_wconf 89' lang='lat' dir='ltr'>pru-</span> 
     </span>
     <span class='ocr_line' id='line_1_127' title="bbox 1246 1349 2318 1393; baseline 0.009 -15"><span class='ocrx_word' id='word_1_803' title='bbox 1246 1349 1345 1380; x_wconf 90' lang='lat' dir='ltr'>denter</span> <span class='ocrx_word' id='word_1_804' title='bbox 1358 1349 1439 1388; x_wconf 87' lang='lat' dir='ltr'>super</span> <span class='ocrx_word' id='word_1_805' title='bbox 1456 1351 1514 1381; x_wconf 85' lang='lat' dir='ltr'>hoc</span> <span class='ocrx_word' id='word_1_806' title='bbox 1528 1353 1673 1389; x_wconf 85' lang='lat' dir='ltr'>proposuit</span> <span class='ocrx_word' id='word_1_807' title='bbox 1688 1363 1784 1384; x_wconf 89' lang='lat' dir='ltr'>coram</span> <span class='ocrx_word' id='word_1_808' title='bbox 1798 1356 1895 1393; x_wconf 89' lang='lat' dir='ltr'>nobis,</span> <span class='ocrx_word' id='word_1_809' title='bbox 1916 1356 2026 1386; x_wconf 82' lang='lat' dir='ltr'>Laudes</span> <span class='ocrx_word' id='word_1_810' title='bbox 2040 1358 2073 1387; x_wconf 86' lang='lat'>&amp;</span> <span class='ocrx_word' id='word_1_811' title='bbox 2088 1356 2197 1387; x_wconf 77' lang='lat' dir='ltr'>Gratias</span> <span class='ocrx_word' id='word_1_812' title='bbox 2221 1358 2318 1387; x_wconf 50' lang='lat' dir='ltr'>humi‘</span> 
     </span>
     <span class='ocr_line' id='line_1_128' title="bbox 1246 1387 1815 1429; baseline 0.011 -12"><span class='ocrx_word' id='word_1_813' title='bbox 1246 1387 1307 1418; x_wconf 87' lang='lat' dir='ltr'>liter</span> <span class='ocrx_word' id='word_1_814' title='bbox 1321 1388 1403 1418; x_wconf 90' lang='lat' dir='ltr'>vobis</span> <span class='ocrx_word' id='word_1_815' title='bbox 1416 1389 1585 1421; x_wconf 82' lang='lat' dir='ltr'>exsolvimus</span> <span class='ocrx_word' id='word_1_816' title='bbox 1599 1401 1666 1429; x_wconf 86' lang='lat' dir='ltr'>quas</span> <span class='ocrx_word' id='word_1_817' title='bbox 1681 1391 1815 1423; x_wconf 88' lang='lat' dir='ltr'>valemus.</span> 
     </span>
    </p>

    <p class='ocr_par' dir='ltr' id='par_1_38' title="bbox 1245 1425 2322 1813">
     <span class='ocr_line' id='line_1_129' title="bbox 1285 1425 2315 1472; baseline 0.007 -16"><span class='ocrx_word' id='word_1_818' title='bbox 1285 1425 1322 1471; x_wconf 70' lang='lat' dir='ltr'>N</span> <span class='ocrx_word' id='word_1_819' title='bbox 1322 1437 1354 1456; x_wconf 92' lang='lat' dir='ltr'>os</span> <span class='ocrx_word' id='word_1_820' title='bbox 1366 1435 1460 1457; x_wconf 90' lang='lat' dir='ltr'>autem</span> <span class='ocrx_word' id='word_1_821' title='bbox 1470 1452 1479 1466; x_wconf 87' lang='lat'>,</span> <span class='ocrx_word' id='word_1_822' title='bbox 1496 1428 1716 1461; x_wconf 87' lang='lat' dir='ltr'>Exhortationes</span> <span class='ocrx_word' id='word_1_823' title='bbox 1730 1431 1834 1463; x_wconf 88' lang='lat' dir='ltr'>vestras</span> <span class='ocrx_word' id='word_1_824' title='bbox 1850 1433 1878 1462; x_wconf 89' lang='lat' dir='ltr'>in</span> <span class='ocrx_word' id='word_1_825' title='bbox 1894 1433 2023 1471; x_wconf 83' lang='lat' dir='ltr'>speciales</span> <span class='ocrx_word' id='word_1_826' title='bbox 2031 1431 2174 1472; x_wconf 84' lang='lat' dir='ltr'>Juffiones</span> <span class='ocrx_word' id='word_1_827' title='bbox 2192 1433 2315 1464; x_wconf 88' lang='lat' dir='ltr'>corditer</span> 
     </span>
     <span class='ocr_line' id='line_1_130' title="bbox 1247 1465 2319 1511; baseline 0.006 -15"><span class='ocrx_word' id='word_1_828' title='bbox 1247 1465 1442 1504; x_wconf 83' lang='lat' dir='ltr'>admittentes,</span> <span class='ocrx_word' id='word_1_829' title='bbox 1460 1466 1593 1509; x_wconf 31' lang='lat' dir='ltr'>ut-Pacis</span> <span class='ocrx_word' id='word_1_830' title='bbox 1618 1468 1718 1511; x_wconf 59' lang='lat' dir='ltr'>Elim,</span> <span class='ocrx_word' id='word_1_831' title='bbox 1738 1469 1862 1510; x_wconf 80' lang='lat' dir='ltr'>Pacem,</span> <span class='ocrx_word' id='word_1_832' title='bbox 1882 1480 2018 1510; x_wconf 86' lang='lat' dir='ltr'>quantum</span> <span class='ocrx_word' id='word_1_833' title='bbox 2041 1474 2070 1502; x_wconf 91' lang='lat' dir='ltr'>in</span> <span class='ocrx_word' id='word_1_834' title='bbox 2092 1473 2174 1502; x_wconf 87' lang='lat' dir='ltr'>nobis</span> <span class='ocrx_word' id='word_1_835' title='bbox 2196 1472 2253 1509; x_wconf 88' lang='lat' dir='ltr'>est,</span> <span class='ocrx_word' id='word_1_836' title='bbox 2270 1472 2319 1502; x_wconf 93' lang='lat' dir='ltr'>ha-</span> 
     </span>
     <span class='ocr_line' id='line_1_131' title="bbox 1247 1505 2314 1549; baseline 0.007 -15"><span class='ocrx_word' id='word_1_837' title='bbox 1247 1505 1320 1548; x_wconf 55' lang='lat' dir='ltr'>bes?</span> <span class='ocrx_word' id='word_1_838' title='bbox 1337 1514 1404 1534; x_wconf 91' lang='lat' dir='ltr'>cum</span> <span class='ocrx_word' id='word_1_839' title='bbox 1425 1506 1561 1549; x_wconf 77' lang='lat' dir='ltr'>omnibus</span> <span class='ocrx_word' id='word_1_840' title='bbox 1583 1506 1765 1547; x_wconf 61' lang='lat' dir='ltr'>affectamus,</span> <span class='ocrx_word' id='word_1_841' title='bbox 1791 1510 1825 1540; x_wconf 69' lang='grc' dir='ltr'>ὃ(</span> <span class='ocrx_word' id='word_1_842' title='bbox 1845 1512 1968 1540; x_wconf 80' lang='lat' dir='ltr'>maxime</span> <span class='ocrx_word' id='word_1_843' title='bbox 1990 1520 2061 1540; x_wconf 90' lang='lat' dir='ltr'>cum</span> <span class='ocrx_word' id='word_1_844' title='bbox 2084 1510 2164 1541; x_wconf 54' lang='lat' dir='ltr'>disto</span> <span class='ocrx_word' id='word_1_845' title='bbox 2177 1510 2314 1541; x_wconf 89' lang='lat' dir='ltr'>Domino</span> 
     </span>
     <span class='ocr_line' id='line_1_132' title="bbox 1247 1542 2322 1587; baseline 0.007 -16"><span class='ocrx_word' id='word_1_846' title='bbox 1247 1542 1399 1585; x_wconf 73' lang='lat' dir='ltr'>Philippo,</span> <span class='ocrx_word' id='word_1_847' title='bbox 1417 1542 1476 1573; x_wconf 87' lang='lat' dir='ltr'>Cui</span> <span class='ocrx_word' id='word_1_848' title='bbox 1489 1543 1601 1575; x_wconf 79' lang='lat' dir='ltr'>diversis</span> <span class='ocrx_word' id='word_1_849' title='bbox 1617 1545 1752 1576; x_wconf 87' lang='lat' dir='ltr'>Nexibus</span> <span class='ocrx_word' id='word_1_850' title='bbox 1767 1550 1933 1587; x_wconf 83' lang='lat' dir='ltr'>attinemus,</span> <span class='ocrx_word' id='word_1_851' title='bbox 1952 1550 1985 1580; x_wconf 67' lang='grc' dir='ltr'>ὃς</span> <span class='ocrx_word' id='word_1_852' title='bbox 1998 1558 2032 1579; x_wconf 80' lang='lat' dir='ltr'>ex</span> <span class='ocrx_word' id='word_1_853' title='bbox 2048 1549 2099 1579; x_wconf 89' lang='lat' dir='ltr'>hac</span> <span class='ocrx_word' id='word_1_854' title='bbox 2135 1548 2191 1579; x_wconf 67' lang='lat' dir='ltr'>rata</span> <span class='ocrx_word' id='word_1_855' title='bbox 2209 1548 2322 1579; x_wconf 61' lang='lat' dir='ltr'>Consi:</span> 
     </span>
     <span class='ocr_line' id='line_1_133' title="bbox 1245 1581 2313 1625; baseline 0.006 -14"><span class='ocrx_word' id='word_1_856' title='bbox 1245 1581 1407 1619; x_wconf 86' lang='lat' dir='ltr'>deratione,</span> <span class='ocrx_word' id='word_1_857' title='bbox 1427 1590 1562 1619; x_wconf 82' lang='lat' dir='ltr'>quantum</span> <span class='ocrx_word' id='word_1_858' title='bbox 1582 1593 1651 1613; x_wconf 92' lang='lat' dir='ltr'>cum</span> <span class='ocrx_word' id='word_1_859' title='bbox 1673 1585 1773 1615; x_wconf 86' lang='lat' dir='ltr'>nostro</span> <span class='ocrx_word' id='word_1_860' title='bbox 1795 1586 1919 1617; x_wconf 87' lang='lat' dir='ltr'>Honore</span> <span class='ocrx_word' id='word_1_861' title='bbox 1940 1589 2098 1625; x_wconf 87' lang='lat' dir='ltr'>potuimus,</span> <span class='ocrx_word' id='word_1_862' title='bbox 2143 1597 2223 1617; x_wconf 65' lang='lat' dir='ltr'>,icem</span> <span class='ocrx_word' id='word_1_863' title='bbox 2239 1588 2313 1617; x_wconf 88' lang='lat' dir='ltr'>sem-</span> 
     </span>
     <span class='ocr_line' id='line_1_134' title="bbox 1247 1619 2316 1664; baseline 0.007 -16"><span class='ocrx_word' id='word_1_864' title='bbox 1247 1629 1298 1663; x_wconf 72' lang='lat' dir='ltr'>per</span> <span class='ocrx_word' id='word_1_865' title='bbox 1312 1619 1397 1664; x_wconf 81' lang='lat' dir='ltr'>abeo</span> <span class='ocrx_word' id='word_1_866' title='bbox 1410 1620 1592 1664; x_wconf 78' lang='lat' dir='ltr'>quaesuimus,</span> <span class='ocrx_word' id='word_1_867' title='bbox 1611 1631 1661 1660; x_wconf 87' lang='lat' dir='ltr'>ac,</span> <span class='ocrx_word' id='word_1_868' title='bbox 1681 1631 1711 1653; x_wconf 87' lang='lat' dir='ltr'>ut</span> <span class='ocrx_word' id='word_1_869' title='bbox 1728 1623 1833 1654; x_wconf 89' lang='lat' dir='ltr'>Pacem</span> <span class='ocrx_word' id='word_1_870' title='bbox 1849 1626 1934 1655; x_wconf 89' lang='lat' dir='ltr'>etiarn</span> <span class='ocrx_word' id='word_1_871' title='bbox 1954 1636 2128 1664; x_wconf 88' lang='lat' dir='ltr'>emeremus,</span> <span class='ocrx_word' id='word_1_872' title='bbox 2146 1625 2316 1656; x_wconf 85' lang='lat' dir='ltr'>Oblationes</span> 
     </span>
     <span class='ocr_line' id='line_1_135' title="bbox 1249 1658 2316 1704; baseline 0.007 -17"><span class='ocrx_word' id='word_1_873' title='bbox 1249 1658 1300 1688; x_wconf 86' lang='lat' dir='ltr'>sibi</span> <span class='ocrx_word' id='word_1_874' title='bbox 1316 1658 1435 1688; x_wconf 82' lang='lat' dir='ltr'>fecimus</span> <span class='ocrx_word' id='word_1_875' title='bbox 1449 1658 1544 1689; x_wconf 83' lang='lat' dir='ltr'>Varias</span> <span class='ocrx_word' id='word_1_876' title='bbox 1555 1659 1754 1703; x_wconf 64' lang='lat' dir='ltr'>&amp;immensas</span> <span class='ocrx_word' id='word_1_877' title='bbox 1771 1663 1850 1699; x_wconf 86' lang='lat' dir='ltr'>(quas</span> <span class='ocrx_word' id='word_1_878' title='bbox 1867 1663 1989 1700; x_wconf 84' lang='lat' dir='ltr'>longum</span> <span class='ocrx_word' id='word_1_879' title='bbox 2001 1664 2076 1694; x_wconf 85' lang='lat' dir='ltr'>foret</span> <span class='ocrx_word' id='word_1_880' title='bbox 2090 1674 2139 1702; x_wconf 89' lang='lat' dir='ltr'>per</span> <span class='ocrx_word' id='word_1_881' title='bbox 2154 1665 2257 1704; x_wconf 79' lang='lat' dir='ltr'>fingula</span> <span class='ocrx_word' id='word_1_882' title='bbox 2271 1675 2316 1695; x_wconf 90' lang='lat' dir='ltr'>re-</span> 
     </span>
     <span class='ocr_line' id='line_1_136' title="bbox 1248 1696 2318 1738; baseline 0.007 -12"><span class='ocrx_word' id='word_1_883' title='bbox 1248 1697 1344 1733; x_wconf 91' lang='lat' dir='ltr'>serare)</span> <span class='ocrx_word' id='word_1_884' title='bbox 1366 1706 1487 1727; x_wconf 91' lang='lat' dir='ltr'>omnem</span> <span class='ocrx_word' id='word_1_885' title='bbox 1508 1696 1710 1729; x_wconf 86' lang='lat' dir='ltr'>Humilitatem</span> <span class='ocrx_word' id='word_1_886' title='bbox 1731 1702 1765 1731; x_wconf 91' lang='lat'>&amp;</span> <span class='ocrx_word' id='word_1_887' title='bbox 1787 1699 1966 1738; x_wconf 86' lang='lat' dir='ltr'>Obsequium</span> <span class='ocrx_word' id='word_1_888' title='bbox 1988 1702 2117 1733; x_wconf 86' lang='lat' dir='ltr'>nostrum</span> <span class='ocrx_word' id='word_1_889' title='bbox 2133 1702 2318 1734; x_wconf 69' lang='lat' dir='ltr'>effectualiter</span> 
     </span>
     <span class='ocr_line' id='line_1_137' title="bbox 1248 1735 2316 1779; baseline 0.007 -14"><span class='ocrx_word' id='word_1_890' title='bbox 1248 1735 1428 1766; x_wconf 86' lang='lat' dir='ltr'>ostendentes</span> <span class='ocrx_word' id='word_1_891' title='bbox 1448 1736 1482 1766; x_wconf 93' lang='lat'>&amp;</span> <span class='ocrx_word' id='word_1_892' title='bbox 1500 1735 1652 1768; x_wconf 86' lang='lat' dir='ltr'>offerentes</span> <span class='ocrx_word' id='word_1_893' title='bbox 1673 1737 1793 1776; x_wconf 88' lang='lat' dir='ltr'>Eidem,</span> <span class='ocrx_word' id='word_1_894' title='bbox 1811 1747 1840 1769; x_wconf 88' lang='lat' dir='ltr'>ut</span> <span class='ocrx_word' id='word_1_895' title='bbox 1860 1739 1897 1770; x_wconf 94' lang='lat' dir='ltr'>sic</span> <span class='ocrx_word' id='word_1_896' title='bbox 1912 1740 1993 1777; x_wconf 82' lang='lat' dir='ltr'>ipfius</span> <span class='ocrx_word' id='word_1_897' title='bbox 2009 1740 2233 1772; x_wconf 82' lang='lat' dir='ltr'>Benivolentiam</span> <span class='ocrx_word' id='word_1_898' title='bbox 2249 1752 2316 1779; x_wconf 89' lang='lat' dir='ltr'>cap-</span> 
     </span>
     <span class='ocr_line' id='line_1_138' title="bbox 1250 1774 2317 1813; baseline 0.006 -9"><span class='ocrx_word' id='word_1_899' title='bbox 1250 1782 1389 1812; x_wconf 89' lang='lat' dir='ltr'>taremus,</span> <span class='ocrx_word' id='word_1_900' title='bbox 1405 1775 1439 1805; x_wconf 89' lang='lat'>&amp;</span> <span class='ocrx_word' id='word_1_901' title='bbox 1455 1774 1516 1813; x_wconf 92' lang='lat' dir='ltr'>Ipse</span> <span class='ocrx_word' id='word_1_902' title='bbox 1529 1774 1751 1807; x_wconf 90' lang='lat' dir='ltr'>Restitutionem</span> <span class='ocrx_word' id='word_1_903' title='bbox 1765 1787 1903 1808; x_wconf 90' lang='lat' dir='ltr'>terrarum</span> <span class='ocrx_word' id='word_1_904' title='bbox 1918 1777 2075 1808; x_wconf 89' lang='lat' dir='ltr'>nostrarum</span> <span class='ocrx_word' id='word_1_905' title='bbox 2099 1780 2180 1809; x_wconf 88' lang='lat' dir='ltr'>nobis</span> <span class='ocrx_word' id='word_1_906' title='bbox 2201 1780 2259 1810; x_wconf 85' lang='lat' dir='ltr'>fieri</span> <span class='ocrx_word' id='word_1_907' title='bbox 2277 1781 2317 1810; x_wconf 90' lang='lat' dir='ltr'>fa-</span> 
     </span>
    </p>
   </div>
   <div class='ocr_carea' id='block_1_24' title="bbox 1249 1813 2331 3476">
    <p class='ocr_par' dir='ltr' id='par_1_39' title="bbox 1249 1813 2314 1890">
     <span class='ocr_line' id='line_1_139' title="bbox 1249 1813 2314 1856; baseline 0.007 -14"><span class='ocrx_word' id='word_1_908' title='bbox 1249 1821 1341 1851; x_wconf 89' lang='lat' dir='ltr'>ceret,</span> <span class='ocrx_word' id='word_1_909' title='bbox 1360 1813 1440 1852; x_wconf 84' lang='lat' dir='ltr'>Qas</span> <span class='ocrx_word' id='word_1_910' title='bbox 1462 1821 1562 1845; x_wconf 87' lang='lat' dir='ltr'>contra</span> <span class='ocrx_word' id='word_1_911' title='bbox 1583 1814 1683 1847; x_wconf 90' lang='lat' dir='ltr'>Deum</span> <span class='ocrx_word' id='word_1_912' title='bbox 1708 1816 1742 1847; x_wconf 91' lang='lat'>&amp;</span> <span class='ocrx_word' id='word_1_913' title='bbox 1761 1815 1903 1856; x_wconf 89' lang='lat' dir='ltr'>Justitiam</span> <span class='ocrx_word' id='word_1_914' title='bbox 1923 1827 1939 1848; x_wconf 84' lang='lat' dir='ltr'>a</span> <span class='ocrx_word' id='word_1_915' title='bbox 1957 1817 2005 1848; x_wconf 90' lang='lat' dir='ltr'>diu</span> <span class='ocrx_word' id='word_1_916' title='bbox 2021 1817 2155 1856; x_wconf 88' lang='lat' dir='ltr'>detinuit,</span> <span class='ocrx_word' id='word_1_917' title='bbox 2174 1818 2207 1849; x_wconf 87' lang='lat'>&amp;</span> <span class='ocrx_word' id='word_1_918' title='bbox 2221 1819 2314 1851; x_wconf 83' lang='lat' dir='ltr'>adhuc</span> 
     </span>
     <span class='ocr_line' id='line_1_140' title="bbox 1251 1851 1544 1890; baseline 0.003 -8"><span class='ocrx_word' id='word_1_919' title='bbox 1251 1851 1358 1882; x_wconf 89' lang='lat' dir='ltr'>detinet</span> <span class='ocrx_word' id='word_1_920' title='bbox 1373 1852 1544 1890; x_wconf 88' lang='lat' dir='ltr'>Occupatas.</span> 
     </span>
    </p>

    <p class='ocr_par' dir='ltr' id='par_1_40' title="bbox 1249 1891 2322 2540">
     <span class='ocr_line' id='line_1_141' title="bbox 1289 1891 2317 1934; baseline 0.007 -14"><span class='ocrx_word' id='word_1_921' title='bbox 1289 1891 1337 1921; x_wconf 90' lang='lat' dir='ltr'>Set</span> <span class='ocrx_word' id='word_1_922' title='bbox 1349 1891 1479 1928; x_wconf 69' lang='lat' dir='ltr'>praefatus</span> <span class='ocrx_word' id='word_1_923' title='bbox 1494 1891 1640 1924; x_wconf 91' lang='lat' dir='ltr'>Dominus</span> <span class='ocrx_word' id='word_1_924' title='bbox 1655 1893 1816 1934; x_wconf 84' lang='lat' dir='ltr'>Philippus,</span> <span class='ocrx_word' id='word_1_925' title='bbox 1835 1895 1904 1926; x_wconf 89' lang='lat' dir='ltr'>Nos</span> <span class='ocrx_word' id='word_1_926' title='bbox 1917 1896 1967 1926; x_wconf 79' lang='lat' dir='ltr'>diu</span> <span class='ocrx_word' id='word_1_927' title='bbox 1982 1896 2144 1934; x_wconf 86' lang='lat' dir='ltr'>protrahens</span> <span class='ocrx_word' id='word_1_928' title='bbox 2158 1895 2208 1927; x_wconf 93' lang='lat' dir='ltr'>sub</span> <span class='ocrx_word' id='word_1_929' title='bbox 2223 1897 2317 1927; x_wconf 91' lang='lat' dir='ltr'>incer-</span> 
     </span>
     <span class='ocr_line' id='line_1_142' title="bbox 1251 1929 2318 1973; baseline 0.007 -14"><span class='ocrx_word' id='word_1_930' title='bbox 1251 1937 1300 1967; x_wconf 92' lang='lat' dir='ltr'>to,</span> <span class='ocrx_word' id='word_1_931' title='bbox 1323 1930 1356 1960; x_wconf 86' lang='lat'>&amp;</span> <span class='ocrx_word' id='word_1_932' title='bbox 1378 1929 1529 1969; x_wconf 76' lang='lat' dir='ltr'>Demum,</span> <span class='ocrx_word' id='word_1_933' title='bbox 1554 1931 1705 1963; x_wconf 85' lang='lat' dir='ltr'>ob-auditis</span> <span class='ocrx_word' id='word_1_934' title='bbox 1726 1935 1835 1971; x_wconf 80' lang='lat' dir='ltr'>penitus</span> <span class='ocrx_word' id='word_1_935' title='bbox 1857 1934 2057 1965; x_wconf 82' lang='lat' dir='ltr'>Oblationibus</span> <span class='ocrx_word' id='word_1_936' title='bbox 2076 1935 2261 1973; x_wconf 85' lang='lat' dir='ltr'>hujusmodi,</span> <span class='ocrx_word' id='word_1_937' title='bbox 2287 1943 2318 1966; x_wconf 86' lang='lat' dir='ltr'>ut</span> 
     </span>
     <span class='ocr_line' id='line_1_143' title="bbox 1250 1968 2318 2013; baseline 0.005 -15"><span class='ocrx_word' id='word_1_938' title='bbox 1250 1976 1357 2006; x_wconf 89' lang='lat' dir='ltr'>pateret</span> <span class='ocrx_word' id='word_1_939' title='bbox 1377 1968 1506 2013; x_wconf 80' lang='lat' dir='ltr'>voluntas</span> <span class='ocrx_word' id='word_1_940' title='bbox 1527 1970 1585 2007; x_wconf 90' lang='lat' dir='ltr'>ejus</span> <span class='ocrx_word' id='word_1_941' title='bbox 1607 1972 1641 2002; x_wconf 87' lang='lat' dir='ltr'>ad</span> <span class='ocrx_word' id='word_1_942' title='bbox 1664 1970 1791 2010; x_wconf 90' lang='lat' dir='ltr'>Odium,</span> <span class='ocrx_word' id='word_1_943' title='bbox 1810 1972 2000 2011; x_wconf 80' lang='lat' dir='ltr'>OccasioneS,</span> <span class='ocrx_word' id='word_1_944' title='bbox 2020 1973 2094 2003; x_wconf 86' lang='lat' dir='ltr'>utin</span> <span class='ocrx_word' id='word_1_945' title='bbox 2111 1972 2178 2003; x_wconf 82' lang='lat' dir='ltr'>Nos</span> <span class='ocrx_word' id='word_1_946' title='bbox 2194 1974 2318 2012; x_wconf 79' lang='lat' dir='ltr'>insurge-</span> 
     </span>
     <span class='ocr_line' id='line_1_144' title="bbox 1251 2007 2320 2046; baseline 0.005 -9"><span class='ocrx_word' id='word_1_947' title='bbox 1251 2015 1312 2045; x_wconf 86' lang='lat' dir='ltr'>ret,</span> <span class='ocrx_word' id='word_1_948' title='bbox 1327 2007 1491 2046; x_wconf 77' lang='lat' dir='ltr'>exquisiwt,</span> <span class='ocrx_word' id='word_1_949' title='bbox 1509 2009 1543 2038; x_wconf 87' lang='lat' dir='ltr'>ad</span> <span class='ocrx_word' id='word_1_950' title='bbox 1558 2008 1721 2040; x_wconf 81' lang='lat' dir='ltr'>Subsidium</span> <span class='ocrx_word' id='word_1_951' title='bbox 1736 2009 1901 2041; x_wconf 89' lang='lat' dir='ltr'>Rebellium</span> <span class='ocrx_word' id='word_1_952' title='bbox 1918 2011 2084 2042; x_wconf 87' lang='lat' dir='ltr'>nostrorum</span> <span class='ocrx_word' id='word_1_953' title='bbox 2100 2011 2136 2041; x_wconf 91' lang='lat' dir='ltr'>de</span> <span class='ocrx_word' id='word_1_954' title='bbox 2150 2011 2246 2042; x_wconf 90' lang='lat' dir='ltr'>Scotia</span> <span class='ocrx_word' id='word_1_955' title='bbox 2265 2023 2320 2042; x_wconf 91' lang='lat' dir='ltr'>vo-</span> 
     </span>
     <span class='ocr_line' id='line_1_145' title="bbox 1249 2045 2320 2089; baseline 0.004 -13"><span class='ocrx_word' id='word_1_956' title='bbox 1249 2045 1368 2076; x_wconf 77' lang='lat' dir='ltr'>luntarie</span> <span class='ocrx_word' id='word_1_957' title='bbox 1390 2045 1427 2075; x_wconf 90' lang='lat' dir='ltr'>Se</span> <span class='ocrx_word' id='word_1_958' title='bbox 1448 2055 1616 2078; x_wconf 85' lang='lat' dir='ltr'>convertens</span> <span class='ocrx_word' id='word_1_959' title='bbox 1640 2049 1716 2089; x_wconf 74' lang='lat' dir='ltr'>(Qui</span> <span class='ocrx_word' id='word_1_960' title='bbox 1736 2058 1785 2086; x_wconf 86' lang='lat' dir='ltr'>per</span> <span class='ocrx_word' id='word_1_961' title='bbox 1801 2049 1888 2087; x_wconf 87' lang='lat' dir='ltr'>Iplius</span> <span class='ocrx_word' id='word_1_962' title='bbox 1908 2049 2108 2080; x_wconf 72' lang='lat' dir='ltr'>Iiiduetionem</span> <span class='ocrx_word' id='word_1_963' title='bbox 2130 2050 2320 2088; x_wconf 89' lang='lat' dir='ltr'>&amp;Juvamen</span> 
     </span>
     <span class='ocr_line' id='line_1_146' title="bbox 1252 2083 2321 2126; baseline 0.006 -13"><span class='ocrx_word' id='word_1_964' title='bbox 1252 2084 1335 2114; x_wconf 90' lang='lat' dir='ltr'>nobis</span> <span class='ocrx_word' id='word_1_965' title='bbox 1349 2083 1493 2115; x_wconf 89' lang='lat' dir='ltr'>Guerram</span> <span class='ocrx_word' id='word_1_966' title='bbox 1509 2086 1668 2123; x_wconf 89' lang='lat' dir='ltr'>injuriosam</span> <span class='ocrx_word' id='word_1_967' title='bbox 1684 2089 1847 2126; x_wconf 89' lang='lat' dir='ltr'>moverunt)</span> <span class='ocrx_word' id='word_1_968' title='bbox 1867 2089 1917 2126; x_wconf 91' lang='lat'>&amp;,</span> <span class='ocrx_word' id='word_1_969' title='bbox 1936 2088 2113 2125; x_wconf 83' lang='lat' dir='ltr'>machinans,</span> <span class='ocrx_word' id='word_1_970' title='bbox 2132 2089 2200 2119; x_wconf 91' lang='lat' dir='ltr'>Nos</span> <span class='ocrx_word' id='word_1_971' title='bbox 2221 2090 2321 2119; x_wconf 89' lang='lat' dir='ltr'>omni-</span> 
     </span>
     <span class='ocr_line' id='line_1_147' title="bbox 1251 2122 2319 2165; baseline 0.005 -13"><span class='ocrx_word' id='word_1_972' title='bbox 1251 2133 1291 2154; x_wconf 90' lang='lat' dir='ltr'>no</span> <span class='ocrx_word' id='word_1_973' title='bbox 1309 2122 1483 2161; x_wconf 89' lang='lat' dir='ltr'>deprimere,</span> <span class='ocrx_word' id='word_1_974' title='bbox 1502 2123 1678 2165; x_wconf 87' lang='lat' dir='ltr'>Navigium,</span> <span class='ocrx_word' id='word_1_975' title='bbox 1697 2126 1775 2164; x_wconf 86' lang='lat' dir='ltr'>quod</span> <span class='ocrx_word' id='word_1_976' title='bbox 1798 2128 1887 2164; x_wconf 87' lang='lat' dir='ltr'>parari</span> <span class='ocrx_word' id='word_1_977' title='bbox 1905 2127 2009 2158; x_wconf 89' lang='lat' dir='ltr'>fecerat</span> <span class='ocrx_word' id='word_1_978' title='bbox 2028 2127 2079 2157; x_wconf 88' lang='lat' dir='ltr'>sub</span> <span class='ocrx_word' id='word_1_979' title='bbox 2102 2127 2203 2157; x_wconf 91' lang='lat' dir='ltr'>colore</span> <span class='ocrx_word' id='word_1_980' title='bbox 2221 2127 2319 2158; x_wconf 57' lang='lat' dir='ltr'>Sanffifi</span> 
     </span>
     <span class='ocr_line' id='line_1_148' title="bbox 1253 2161 2319 2204; baseline 0.005 -13"><span class='ocrx_word' id='word_1_981' title='bbox 1253 2161 1374 2199; x_wconf 83' lang='lat' dir='ltr'>Paffagii</span> <span class='ocrx_word' id='word_1_982' title='bbox 1389 2162 1576 2200; x_wconf 88' lang='lat' dir='ltr'>transmarini,</span> <span class='ocrx_word' id='word_1_983' title='bbox 1596 2166 1766 2202; x_wconf 85' lang='lat' dir='ltr'>congregari</span> <span class='ocrx_word' id='word_1_984' title='bbox 1780 2164 1849 2196; x_wconf 91' lang='lat' dir='ltr'>fecit</span> <span class='ocrx_word' id='word_1_985' title='bbox 1863 2166 1955 2196; x_wconf 90' lang='lat' dir='ltr'>versus</span> <span class='ocrx_word' id='word_1_986' title='bbox 1968 2165 2106 2204; x_wconf 85' lang='lat' dir='ltr'>Boream,</span> <span class='ocrx_word' id='word_1_987' title='bbox 2125 2175 2192 2196; x_wconf 90' lang='lat' dir='ltr'>cum</span> <span class='ocrx_word' id='word_1_988' title='bbox 2215 2163 2319 2196; x_wconf 84' lang='lat' dir='ltr'>Arma-</span> 
     </span>
     <span class='ocr_line' id='line_1_149' title="bbox 1251 2199 2319 2242; baseline 0.004 -12"><span class='ocrx_word' id='word_1_989' title='bbox 1251 2202 1285 2230; x_wconf 89' lang='lat' dir='ltr'>tis</span> <span class='ocrx_word' id='word_1_990' title='bbox 1307 2201 1341 2231; x_wconf 68' lang='grc' dir='ltr'>ὃς</span> <span class='ocrx_word' id='word_1_991' title='bbox 1363 2199 1462 2231; x_wconf 88' lang='lat' dir='ltr'>Piratis</span> <span class='ocrx_word' id='word_1_992' title='bbox 1484 2202 1513 2231; x_wconf 89' lang='lat' dir='ltr'>in</span> <span class='ocrx_word' id='word_1_993' title='bbox 1534 2201 1714 2233; x_wconf 91' lang='lat' dir='ltr'>multitudine</span> <span class='ocrx_word' id='word_1_994' title='bbox 1734 2203 1870 2242; x_wconf 62' lang='lat' dir='ltr'>copiosa,</span> <span class='ocrx_word' id='word_1_995' title='bbox 1889 2205 1938 2242; x_wconf 89' lang='lat' dir='ltr'>qui</span> <span class='ocrx_word' id='word_1_996' title='bbox 1953 2204 2059 2234; x_wconf 90' lang='lat' dir='ltr'>nedum</span> <span class='ocrx_word' id='word_1_997' title='bbox 2073 2204 2102 2233; x_wconf 86' lang='lat' dir='ltr'>in</span> <span class='ocrx_word' id='word_1_998' title='bbox 2116 2203 2192 2234; x_wconf 89' lang='lat' dir='ltr'>Mari</span> <span class='ocrx_word' id='word_1_999' title='bbox 2205 2204 2319 2234; x_wconf 88' lang='lat' dir='ltr'>nostros</span> 
     </span>
     <span class='ocr_line' id='line_1_150' title="bbox 1252 2238 2318 2285; baseline 0.004 -15"><span class='ocrx_word' id='word_1_1000' title='bbox 1252 2238 1386 2270; x_wconf 89' lang='lat' dir='ltr'>Subditos</span> <span class='ocrx_word' id='word_1_1001' title='bbox 1400 2261 1420 2283; x_wconf 39' lang='lat'>,¹</span> <span class='ocrx_word' id='word_1_1002' title='bbox 1435 2239 1536 2285; x_wconf 65' lang='lat' dir='ltr'>nullius</span> <span class='ocrx_word' id='word_1_1003' title='bbox 1555 2241 1621 2271; x_wconf 86' lang='lat' dir='ltr'>mali</span> <span class='ocrx_word' id='word_1_1004' title='bbox 1639 2240 1778 2272; x_wconf 84' lang='lat' dir='ltr'>Conscios</span> <span class='ocrx_word' id='word_1_1005' title='bbox 1793 2267 1804 2280; x_wconf 92' lang='lat'>,</span> <span class='ocrx_word' id='word_1_1006' title='bbox 1830 2242 2025 2282; x_wconf 68' lang='lat' dir='ltr'>expugnarunt</span> <span class='ocrx_word' id='word_1_1007' title='bbox 2036 2265 2046 2280; x_wconf 95' lang='lat'>,</span> <span class='ocrx_word' id='word_1_1008' title='bbox 2071 2242 2264 2279; x_wconf 60' lang='lat' dir='ltr'>depraedarunt</span> <span class='ocrx_word' id='word_1_1009' title='bbox 2283 2244 2318 2274; x_wconf 74' lang='grc' dir='ltr'>δε</span> 
     </span>
     <span class='ocr_line' id='line_1_151' title="bbox 1250 2277 2322 2320; baseline 0.005 -13"><span class='ocrx_word' id='word_1_1010' title='bbox 1250 2279 1336 2309; x_wconf 89' lang='lat' dir='ltr'>etiam</span> <span class='ocrx_word' id='word_1_1011' title='bbox 1348 2277 1540 2317; x_wconf 75' lang='lat' dir='ltr'>trucidarunt,</span> <span class='ocrx_word' id='word_1_1012' title='bbox 1557 2279 1595 2310; x_wconf 91' lang='lat' dir='ltr'>set</span> <span class='ocrx_word' id='word_1_1013' title='bbox 1608 2280 1636 2309; x_wconf 91' lang='lat' dir='ltr'>in</span> <span class='ocrx_word' id='word_1_1014' title='bbox 1652 2279 1757 2320; x_wconf 89' lang='lat' dir='ltr'>Regno</span> <span class='ocrx_word' id='word_1_1015' title='bbox 1773 2282 1806 2312; x_wconf 74' lang='grc' dir='ltr'>δε</span> <span class='ocrx_word' id='word_1_1016' title='bbox 1821 2280 1938 2312; x_wconf 90' lang='lat' dir='ltr'>Ducatu</span> <span class='ocrx_word' id='word_1_1017' title='bbox 1953 2280 2056 2311; x_wconf 90' lang='lat' dir='ltr'>nostris</span> <span class='ocrx_word' id='word_1_1018' title='bbox 2079 2281 2239 2319; x_wconf 78' lang='lat' dir='ltr'>Aquitaniae</span> <span class='ocrx_word' id='word_1_1019' title='bbox 2258 2281 2322 2319; x_wconf 91' lang='lat' dir='ltr'>plu-</span> 
     </span>
     <span class='ocr_line' id='line_1_152' title="bbox 1253 2316 2320 2359; baseline 0.003 -13"><span class='ocrx_word' id='word_1_1020' title='bbox 1253 2318 1324 2355; x_wconf 89' lang='lat' dir='ltr'>ries,</span> <span class='ocrx_word' id='word_1_1021' title='bbox 1341 2316 1375 2346; x_wconf 87' lang='lat'>&amp;</span> <span class='ocrx_word' id='word_1_1022' title='bbox 1390 2318 1420 2346; x_wconf 91' lang='lat' dir='ltr'>in</span> <span class='ocrx_word' id='word_1_1023' title='bbox 1435 2316 1505 2347; x_wconf 91' lang='lat' dir='ltr'>locis</span> <span class='ocrx_word' id='word_1_1024' title='bbox 1520 2319 1617 2356; x_wconf 91' lang='lat' dir='ltr'>variis,</span> <span class='ocrx_word' id='word_1_1025' title='bbox 1636 2318 1773 2349; x_wconf 87' lang='lat' dir='ltr'>hostiliter</span> <span class='ocrx_word' id='word_1_1026' title='bbox 1788 2320 1976 2358; x_wconf 88' lang='lat' dir='ltr'>applicantes,</span> <span class='ocrx_word' id='word_1_1027' title='bbox 1994 2319 2102 2359; x_wconf 87' lang='lat' dir='ltr'>Strages</span> <span class='ocrx_word' id='word_1_1028' title='bbox 2115 2321 2149 2350; x_wconf 76' lang='grc' dir='ltr'>δε</span> <span class='ocrx_word' id='word_1_1029' title='bbox 2170 2319 2320 2359; x_wconf 86' lang='lat' dir='ltr'>Incendia‚</span> 
     </span>
     <span class='ocr_line' id='line_1_153' title="bbox 1253 2355 2320 2396; baseline 0.002 -10"><span class='ocrx_word' id='word_1_1030' title='bbox 1253 2355 1378 2392; x_wconf 89' lang='lat' dir='ltr'>Rapinas</span> <span class='ocrx_word' id='word_1_1031' title='bbox 1394 2356 1427 2386; x_wconf 71' lang='grc' dir='ltr'>ὅ(</span> <span class='ocrx_word' id='word_1_1032' title='bbox 1441 2355 1491 2385; x_wconf 89' lang='lat' dir='ltr'>alia</span> <span class='ocrx_word' id='word_1_1033' title='bbox 1506 2355 1584 2386; x_wconf 80' lang='lat' dir='ltr'>Mala</span> <span class='ocrx_word' id='word_1_1034' title='bbox 1598 2357 1788 2396; x_wconf 88' lang='lat' dir='ltr'>multipliciter</span> <span class='ocrx_word' id='word_1_1035' title='bbox 1804 2357 2013 2396; x_wconf 76' lang='lat' dir='ltr'>perpetrarunt,</span> <span class='ocrx_word' id='word_1_1036' title='bbox 2031 2368 2090 2388; x_wconf 91' lang='lat' dir='ltr'>non</span> <span class='ocrx_word' id='word_1_1037' title='bbox 2106 2367 2251 2395; x_wconf 85' lang='lat' dir='ltr'>parcentes</span> <span class='ocrx_word' id='word_1_1038' title='bbox 2259 2358 2320 2388; x_wconf 93' lang='lat' dir='ltr'>Or-</span> 
     </span>
     <span class='ocr_line' id='line_1_154' title="bbox 1254 2393 2320 2436; baseline 0.004 -13"><span class='ocrx_word' id='word_1_1039' title='bbox 1254 2394 1328 2431; x_wconf 89' lang='lat' dir='ltr'>dini,</span> <span class='ocrx_word' id='word_1_1040' title='bbox 1348 2393 1432 2423; x_wconf 84' lang='lat' dir='ltr'>Sexui</span> <span class='ocrx_word' id='word_1_1041' title='bbox 1467 2393 1511 2424; x_wconf 90' lang='lat' dir='ltr'>vel</span> <span class='ocrx_word' id='word_1_1042' title='bbox 1526 2393 1636 2434; x_wconf 72' lang='lat' dir='ltr'>AEtati3</span> <span class='ocrx_word' id='word_1_1043' title='bbox 1654 2406 1687 2426; x_wconf 87' lang='lat' dir='ltr'>ac</span> <span class='ocrx_word' id='word_1_1044' title='bbox 1701 2396 1812 2435; x_wconf 83' lang='lat' dir='ltr'>Castra,</span> <span class='ocrx_word' id='word_1_1045' title='bbox 1832 2397 1933 2436; x_wconf 90' lang='lat' dir='ltr'>Villas,</span> <span class='ocrx_word' id='word_1_1046' title='bbox 1951 2398 1985 2427; x_wconf 87' lang='lat'>&amp;</span> <span class='ocrx_word' id='word_1_1047' title='bbox 2006 2396 2056 2427; x_wconf 88' lang='lat' dir='ltr'>alia</span> <span class='ocrx_word' id='word_1_1048' title='bbox 2075 2396 2143 2434; x_wconf 86' lang='lat' dir='ltr'>Jura</span> <span class='ocrx_word' id='word_1_1049' title='bbox 2162 2396 2271 2435; x_wconf 88' lang='lat' dir='ltr'>nostra,</span> <span class='ocrx_word' id='word_1_1050' title='bbox 2289 2398 2320 2427; x_wconf 83' lang='lat' dir='ltr'>in</span> 
     </span>
     <span class='ocr_line' id='line_1_155' title="bbox 1256 2432 2320 2473; baseline 0.003 -11"><span class='ocrx_word' id='word_1_1051' title='bbox 1256 2432 1374 2463; x_wconf 88' lang='lat' dir='ltr'>Ducatu</span> <span class='ocrx_word' id='word_1_1052' title='bbox 1389 2442 1425 2462; x_wconf 92' lang='lat' dir='ltr'>eo</span> <span class='ocrx_word' id='word_1_1053' title='bbox 1446 2442 1510 2470; x_wconf 87' lang='lat' dir='ltr'>em,</span> <span class='ocrx_word' id='word_1_1054' title='bbox 1529 2442 1629 2464; x_wconf 86' lang='lat' dir='ltr'>contra</span> <span class='ocrx_word' id='word_1_1055' title='bbox 1638 2433 1779 2472; x_wconf 88' lang='lat' dir='ltr'>Justitiam</span> <span class='ocrx_word' id='word_1_1056' title='bbox 1793 2435 1988 2473; x_wconf 74' lang='lat' dir='ltr'>occuparunt,</span> <span class='ocrx_word' id='word_1_1057' title='bbox 2008 2435 2042 2465; x_wconf 89' lang='lat'>&amp;</span> <span class='ocrx_word' id='word_1_1058' title='bbox 2055 2435 2092 2465; x_wconf 89' lang='lat' dir='ltr'>de</span> <span class='ocrx_word' id='word_1_1059' title='bbox 2106 2435 2187 2472; x_wconf 90' lang='lat' dir='ltr'>ipsius</span> <span class='ocrx_word' id='word_1_1060' title='bbox 2209 2435 2320 2466; x_wconf 86' lang='lat' dir='ltr'>Domi-</span> 
     </span>
     <span class='ocr_line' id='line_1_156' title="bbox 1256 2470 2320 2515; baseline 0.004 -15"><span class='ocrx_word' id='word_1_1061' title='bbox 1256 2471 1428 2515; x_wconf 21' lang='lat' dir='ltr'>niQPhilippi</span> <span class='ocrx_word' id='word_1_1062' title='bbox 1450 2470 1589 2503; x_wconf 84' lang='lat' dir='ltr'>Mandato</span> <span class='ocrx_word' id='word_1_1063' title='bbox 1612 2482 1755 2511; x_wconf 85' lang='lat' dir='ltr'>occupant</span> <span class='ocrx_word' id='word_1_1064' title='bbox 1768 2475 1797 2504; x_wconf 88' lang='lat' dir='ltr'>iti</span> <span class='ocrx_word' id='word_1_1065' title='bbox 1813 2474 1959 2512; x_wconf 86' lang='lat' dir='ltr'>praesenti,</span> <span class='ocrx_word' id='word_1_1066' title='bbox 1977 2474 2076 2512; x_wconf 87' lang='lat' dir='ltr'>Pejora</span> <span class='ocrx_word' id='word_1_1067' title='bbox 2089 2473 2207 2511; x_wconf 80' lang='lat' dir='ltr'>publice</span> <span class='ocrx_word' id='word_1_1068' title='bbox 2224 2472 2320 2504; x_wconf 89' lang='lat' dir='ltr'>Com-</span> 
     </span>
     <span class='ocr_line' id='line_1_157' title="bbox 1258 2518 1406 2540; baseline 0 0"><span class='ocrx_word' id='word_1_1069' title='bbox 1258 2518 1406 2540; x_wconf 84' lang='lat' dir='ltr'>minantes.</span> 
     </span>
    </p>

    <p class='ocr_par' dir='ltr' id='par_1_41' title="bbox 1255 2548 2322 2705">
     <span class='ocr_line' id='line_1_158' title="bbox 1293 2548 2322 2588; baseline 0.002 -9"><span class='ocrx_word' id='word_1_1070' title='bbox 1293 2548 1335 2580; x_wconf 91' lang='lat' dir='ltr'>Ita</span> <span class='ocrx_word' id='word_1_1071' title='bbox 1355 2548 1435 2588; x_wconf 78' lang='lat' dir='ltr'>quod</span> <span class='ocrx_word' id='word_1_1072' title='bbox 1456 2548 1589 2580; x_wconf 87' lang='lat' dir='ltr'>Extrema</span> <span class='ocrx_word' id='word_1_1073' title='bbox 1605 2549 1765 2582; x_wconf 87' lang='lat' dir='ltr'>Neceffitas</span> <span class='ocrx_word' id='word_1_1074' title='bbox 1786 2550 1855 2581; x_wconf 92' lang='lat' dir='ltr'>Nos</span> <span class='ocrx_word' id='word_1_1075' title='bbox 1876 2549 1910 2581; x_wconf 89' lang='lat' dir='ltr'>ad</span> <span class='ocrx_word' id='word_1_1076' title='bbox 1927 2549 2122 2581; x_wconf 79' lang='lat' dir='ltr'>Refistentiam</span> <span class='ocrx_word' id='word_1_1077' title='bbox 2138 2551 2243 2582; x_wconf 90' lang='lat' dir='ltr'>licitam</span> <span class='ocrx_word' id='word_1_1078' title='bbox 2264 2551 2322 2581; x_wconf 89' lang='lat' dir='ltr'>im-</span> 
     </span>
     <span class='ocr_line' id='line_1_159' title="bbox 1255 2588 2322 2628; baseline 0.002 -11"><span class='ocrx_word' id='word_1_1079' title='bbox 1255 2588 1393 2626; x_wconf 74' lang='lat' dir='ltr'>pellebat,</span> <span class='ocrx_word' id='word_1_1080' title='bbox 1411 2588 1450 2618; x_wconf 86' lang='lat' dir='ltr'>set</span> <span class='ocrx_word' id='word_1_1081' title='bbox 1467 2588 1504 2618; x_wconf 83' lang='lat' dir='ltr'>iic</span> <span class='ocrx_word' id='word_1_1082' title='bbox 1515 2588 1694 2626; x_wconf 79' lang='lat' dir='ltr'>Inculpatum</span> <span class='ocrx_word' id='word_1_1083' title='bbox 1708 2591 1887 2620; x_wconf 85' lang='lat' dir='ltr'>adhibuimus</span> <span class='ocrx_word' id='word_1_1084' title='bbox 1902 2589 2111 2628; x_wconf 83' lang='lat' dir='ltr'>Moderamen,</span> <span class='ocrx_word' id='word_1_1085' title='bbox 2130 2590 2210 2628; x_wconf 79' lang='lat' dir='ltr'>quod</span> <span class='ocrx_word' id='word_1_1086' title='bbox 2232 2588 2322 2619; x_wconf 88' lang='lat' dir='ltr'>nostri</span> 
     </span>
     <span class='ocr_line' id='line_1_160' title="bbox 1256 2626 2322 2666; baseline -0.001 -8"><span class='ocrx_word' id='word_1_1087' title='bbox 1256 2626 1385 2664; x_wconf 80' lang='lat' dir='ltr'>subditi,</span> <span class='ocrx_word' id='word_1_1088' title='bbox 1405 2626 1488 2656; x_wconf 84' lang='lat' dir='ltr'>illatas</span> <span class='ocrx_word' id='word_1_1089' title='bbox 1509 2628 1547 2657; x_wconf 91' lang='lat' dir='ltr'>eis</span> <span class='ocrx_word' id='word_1_1090' title='bbox 1567 2627 1682 2661; x_wconf 66' lang='lat' dir='ltr'>Iniurias</span> <span class='ocrx_word' id='word_1_1091' title='bbox 1701 2628 1884 2659; x_wconf 89' lang='lat' dir='ltr'>solummodo</span> <span class='ocrx_word' id='word_1_1092' title='bbox 1905 2637 2039 2666; x_wconf 88' lang='lat' dir='ltr'>quatenus</span> <span class='ocrx_word' id='word_1_1093' title='bbox 2062 2637 2192 2666; x_wconf 89' lang='lat' dir='ltr'>poterant</span> <span class='ocrx_word' id='word_1_1094' title='bbox 2206 2627 2322 2666; x_wconf 87' lang='lat' dir='ltr'>propul-</span> 
     </span>
     <span class='ocr_line' id='line_1_161' title="bbox 1256 2664 2256 2705; baseline -0.001 -9"><span class='ocrx_word' id='word_1_1095' title='bbox 1256 2665 1360 2703; x_wconf 83' lang='lat' dir='ltr'>santes,</span> <span class='ocrx_word' id='word_1_1096' title='bbox 1377 2664 1468 2695; x_wconf 89' lang='lat' dir='ltr'>adhuc</span> <span class='ocrx_word' id='word_1_1097' title='bbox 1479 2665 1581 2696; x_wconf 80' lang='lat' dir='ltr'>alicubi</span> <span class='ocrx_word' id='word_1_1098' title='bbox 1596 2666 1732 2705; x_wconf 84' lang='lat' dir='ltr'>Regnum</span> <span class='ocrx_word' id='word_1_1099' title='bbox 1749 2667 1874 2698; x_wconf 79' lang='lat' dir='ltr'>Franciae</span> <span class='ocrx_word' id='word_1_1100' title='bbox 1886 2666 2023 2697; x_wconf 87' lang='lat' dir='ltr'>hostiliter</span> <span class='ocrx_word' id='word_1_1101' title='bbox 2037 2677 2096 2697; x_wconf 90' lang='lat' dir='ltr'>non</span> <span class='ocrx_word' id='word_1_1102' title='bbox 2111 2666 2256 2697; x_wconf 84' lang='lat' dir='ltr'>intrarunt.</span> 
     </span>
    </p>

    <p class='ocr_par' dir='ltr' id='par_1_42' title="bbox 1257 2704 2326 2975">
     <span class='ocr_line' id='line_1_162' title="bbox 1296 2704 2324 2744; baseline 0 -9"><span class='ocrx_word' id='word_1_1103' title='bbox 1296 2705 1325 2735; x_wconf 89' lang='lat' dir='ltr'>Si</span> <span class='ocrx_word' id='word_1_1104' title='bbox 1337 2713 1431 2736; x_wconf 88' lang='lat' dir='ltr'>autem</span> <span class='ocrx_word' id='word_1_1105' title='bbox 1448 2704 1564 2735; x_wconf 88' lang='lat' dir='ltr'>Merces</span> <span class='ocrx_word' id='word_1_1106' title='bbox 1578 2704 1698 2735; x_wconf 88' lang='lat' dir='ltr'>Venales</span> <span class='ocrx_word' id='word_1_1107' title='bbox 1721 2705 1920 2736; x_wconf 84' lang='lat' dir='ltr'>Mercatorum</span> <span class='ocrx_word' id='word_1_1108' title='bbox 1942 2704 1989 2735; x_wconf 85' lang='lat' dir='ltr'>Re</span> <span class='ocrx_word' id='word_1_1109' title='bbox 2009 2706 2037 2735; x_wconf 87' lang='lat' dir='ltr'>rii</span> <span class='ocrx_word' id='word_1_1110' title='bbox 2058 2704 2162 2744; x_wconf 83' lang='lat' dir='ltr'>nostri,</span> <span class='ocrx_word' id='word_1_1111' title='bbox 2180 2705 2213 2735; x_wconf 92' lang='lat' dir='ltr'>ad</span> <span class='ocrx_word' id='word_1_1112' title='bbox 2234 2713 2324 2743; x_wconf 86' lang='lat' dir='ltr'>partes</span> 
     </span>
     <span class='ocr_line' id='line_1_163' title="bbox 1257 2743 2324 2782; baseline -0.001 -8"><span class='ocrx_word' id='word_1_1113' title='bbox 1257 2743 1469 2774; x_wconf 88' lang='lat' dir='ltr'>Transmarinas</span> <span class='ocrx_word' id='word_1_1114' title='bbox 1479 2744 1538 2781; x_wconf 91' lang='lat' dir='ltr'>jam</span> <span class='ocrx_word' id='word_1_1115' title='bbox 1553 2753 1621 2773; x_wconf 89' lang='lat' dir='ltr'>cum</span> <span class='ocrx_word' id='word_1_1116' title='bbox 1639 2743 1755 2774; x_wconf 71' lang='lat' dir='ltr'>Armata</span> <span class='ocrx_word' id='word_1_1117' title='bbox 1769 2743 1902 2774; x_wconf 68' lang='lat' dir='ltr'>Potentia</span> <span class='ocrx_word' id='word_1_1118' title='bbox 1919 2752 1979 2773; x_wconf 89' lang='lat' dir='ltr'>tran</span> <span class='ocrx_word' id='word_1_1119' title='bbox 1993 2745 2150 2782; x_wconf 86' lang='lat' dir='ltr'>mittamus,</span> <span class='ocrx_word' id='word_1_1120' title='bbox 2166 2743 2235 2773; x_wconf 87' lang='lat' dir='ltr'>sicut</span> <span class='ocrx_word' id='word_1_1121' title='bbox 2256 2743 2324 2773; x_wconf 91' lang='lat' dir='ltr'>Ne-</span> 
     </span>
     <span class='ocr_line' id='line_1_164' title="bbox 1259 2780 2324 2820; baseline 0.001 -8"><span class='ocrx_word' id='word_1_1122' title='bbox 1259 2781 1366 2813; x_wconf 86' lang='lat' dir='ltr'>cesfitas</span> <span class='ocrx_word' id='word_1_1123' title='bbox 1387 2792 1440 2812; x_wconf 87' lang='lat' dir='ltr'>nos</span> <span class='ocrx_word' id='word_1_1124' title='bbox 1459 2782 1622 2820; x_wconf 75' lang='lat' dir='ltr'>compellit,</span> <span class='ocrx_word' id='word_1_1125' title='bbox 1641 2790 1755 2820; x_wconf 90' lang='lat' dir='ltr'>propter</span> <span class='ocrx_word' id='word_1_1126' title='bbox 1773 2782 1842 2813; x_wconf 60' lang='lat' dir='ltr'>dieti</span> <span class='ocrx_word' id='word_1_1127' title='bbox 1864 2782 1989 2812; x_wconf 88' lang='lat' dir='ltr'>Domini</span> <span class='ocrx_word' id='word_1_1128' title='bbox 2012 2781 2137 2818; x_wconf 79' lang='lat' dir='ltr'>Philippi</span> <span class='ocrx_word' id='word_1_1129' title='bbox 2158 2780 2268 2811; x_wconf 86' lang='lat' dir='ltr'>Insidias</span> <span class='ocrx_word' id='word_1_1130' title='bbox 2290 2783 2324 2813; x_wconf 93' lang='lat'>&amp;</span> 
     </span>
     <span class='ocr_line' id='line_1_165' title="bbox 1258 2819 2323 2859; baseline 0 -9"><span class='ocrx_word' id='word_1_1131' title='bbox 1258 2820 1372 2859; x_wconf 79' lang='lat' dir='ltr'>Injurias</span> <span class='ocrx_word' id='word_1_1132' title='bbox 1395 2820 1604 2859; x_wconf 76' lang='lat' dir='ltr'>propulsandas,</span> <span class='ocrx_word' id='word_1_1133' title='bbox 1623 2821 1659 2851; x_wconf 92' lang='lat' dir='ltr'>de</span> <span class='ocrx_word' id='word_1_1134' title='bbox 1677 2820 1767 2858; x_wconf 91' lang='lat' dir='ltr'>Hoc,</span> <span class='ocrx_word' id='word_1_1135' title='bbox 1795 2821 1814 2850; x_wconf 87' lang='lat' dir='ltr'>si</span> <span class='ocrx_word' id='word_1_1136' title='bbox 1837 2820 1944 2858; x_wconf 90' lang='lat' dir='ltr'>placet,</span> <span class='ocrx_word' id='word_1_1137' title='bbox 1970 2819 2061 2851; x_wconf 89' lang='lat' dir='ltr'>vestra</span> <span class='ocrx_word' id='word_1_1138' title='bbox 2084 2819 2244 2850; x_wconf 84' lang='lat' dir='ltr'>Clementia</span> <span class='ocrx_word' id='word_1_1139' title='bbox 2262 2828 2323 2850; x_wconf 86' lang='lat' dir='ltr'>nori</span> 
     </span>
     <span class='ocr_line' id='line_1_166' title="bbox 1257 2857 2324 2898; baseline -0.001 -8"><span class='ocrx_word' id='word_1_1140' title='bbox 1257 2861 1403 2897; x_wconf 88' lang='lat' dir='ltr'>turbetur,</span> <span class='ocrx_word' id='word_1_1141' title='bbox 1422 2860 1485 2897; x_wconf 87' lang='lat' dir='ltr'>quia</span> <span class='ocrx_word' id='word_1_1142' title='bbox 1498 2869 1558 2889; x_wconf 89' lang='lat' dir='ltr'>non</span> <span class='ocrx_word' id='word_1_1143' title='bbox 1572 2859 1605 2888; x_wconf 88' lang='lat' dir='ltr'>ad</span> <span class='ocrx_word' id='word_1_1144' title='bbox 1625 2858 1805 2889; x_wconf 89' lang='lat' dir='ltr'>Nocendum</span> <span class='ocrx_word' id='word_1_1145' title='bbox 1827 2858 1989 2898; x_wconf 80' lang='lat' dir='ltr'>Cuiquam,</span> <span class='ocrx_word' id='word_1_1146' title='bbox 2008 2858 2046 2888; x_wconf 89' lang='lat' dir='ltr'>set</span> <span class='ocrx_word' id='word_1_1147' title='bbox 2065 2868 2118 2896; x_wconf 88' lang='lat' dir='ltr'>pro</span> <span class='ocrx_word' id='word_1_1148' title='bbox 2139 2858 2214 2889; x_wconf 90' lang='lat' dir='ltr'>salvo</span> <span class='ocrx_word' id='word_1_1149' title='bbox 2240 2857 2324 2889; x_wconf 87' lang='lat' dir='ltr'>Con-</span> 
     </span>
     <span class='ocr_line' id='line_1_167' title="bbox 1258 2896 2326 2936; baseline 0 -9"><span class='ocrx_word' id='word_1_1150' title='bbox 1258 2898 1348 2928; x_wconf 67' lang='lat' dir='ltr'>dueta</span> <span class='ocrx_word' id='word_1_1151' title='bbox 1363 2897 1500 2927; x_wconf 63' lang='lat' dir='ltr'>dictarum</span> <span class='ocrx_word' id='word_1_1152' title='bbox 1515 2897 1663 2927; x_wconf 91' lang='lat' dir='ltr'>Mercium</span> <span class='ocrx_word' id='word_1_1153' title='bbox 1677 2897 1705 2927; x_wconf 90' lang='lat' dir='ltr'>id</span> <span class='ocrx_word' id='word_1_1154' title='bbox 1727 2897 1903 2935; x_wconf 89' lang='lat' dir='ltr'>providimus</span> <span class='ocrx_word' id='word_1_1155' title='bbox 1925 2896 2104 2936; x_wconf 81' lang='lat' dir='ltr'>faciendum;</span> <span class='ocrx_word' id='word_1_1156' title='bbox 2123 2906 2157 2927; x_wconf 87' lang='lat' dir='ltr'>ex</span> <span class='ocrx_word' id='word_1_1157' title='bbox 2180 2897 2238 2928; x_wconf 93' lang='lat' dir='ltr'>hoc</span> <span class='ocrx_word' id='word_1_1158' title='bbox 2257 2897 2326 2928; x_wconf 85' lang='lat' dir='ltr'>nulli</span> 
     </span>
     <span class='ocr_line' id='line_1_168' title="bbox 1257 2935 1568 2975; baseline -0.003 -9"><span class='ocrx_word' id='word_1_1159' title='bbox 1257 2935 1391 2974; x_wconf 87' lang='lat' dir='ltr'>Injuriam</span> <span class='ocrx_word' id='word_1_1160' title='bbox 1406 2937 1568 2975; x_wconf 85' lang='lat' dir='ltr'>irrogantes.</span> 
     </span>
    </p>

    <p class='ocr_par' dir='ltr' id='par_1_43' title="bbox 1296 2973 2320 3013">
     <span class='ocr_line' id='line_1_169' title="bbox 1296 2973 2320 3013; baseline -0.001 -8"><span class='ocrx_word' id='word_1_1161' title='bbox 1296 2975 1372 3005; x_wconf 85' lang='lat' dir='ltr'>Velit</span> <span class='ocrx_word' id='word_1_1162' title='bbox 1393 2974 1496 3013; x_wconf 87' lang='lat' dir='ltr'>igitur,</span> <span class='ocrx_word' id='word_1_1163' title='bbox 1514 2975 1634 3012; x_wconf 88' lang='lat' dir='ltr'>petimus</span> <span class='ocrx_word' id='word_1_1164' title='bbox 1656 2973 1691 3005; x_wconf 90' lang='lat' dir='ltr'>de</span> <span class='ocrx_word' id='word_1_1165' title='bbox 1710 2975 1812 3013; x_wconf 83' lang='lat' dir='ltr'>vobis,</span> <span class='ocrx_word' id='word_1_1166' title='bbox 1839 2974 1931 3005; x_wconf 90' lang='lat' dir='ltr'>vestra</span> <span class='ocrx_word' id='word_1_1167' title='bbox 1947 2973 2084 3006; x_wconf 67' lang='lat' dir='ltr'>Sanffitas</span> <span class='ocrx_word' id='word_1_1168' title='bbox 2104 2974 2181 3005; x_wconf 76' lang='lat' dir='ltr'>Haec</span> <span class='ocrx_word' id='word_1_1169' title='bbox 2203 2974 2320 3012; x_wconf 87' lang='lat' dir='ltr'>sentire,</span> 
     </span>
    </p>

    <p class='ocr_par' dir='ltr' id='par_1_44' title="bbox 1256 3012 2323 3133">
     <span class='ocr_line' id='line_1_170' title="bbox 1279 3012 2323 3051; baseline -0.002 -7"><span class='ocrx_word' id='word_1_1170' title='bbox 1279 3013 1338 3044; x_wconf 81' lang='lat' dir='ltr'>uod</span> <span class='ocrx_word' id='word_1_1171' title='bbox 1349 3012 1383 3043; x_wconf 90' lang='lat' dir='ltr'>ad</span> <span class='ocrx_word' id='word_1_1172' title='bbox 1397 3022 1610 3051; x_wconf 82' lang='lat' dir='ltr'>quamcumque</span> <span class='ocrx_word' id='word_1_1173' title='bbox 1622 3012 1834 3044; x_wconf 80' lang='lat' dir='ltr'>Rationabilem</span> <span class='ocrx_word' id='word_1_1174' title='bbox 1848 3012 1934 3044; x_wconf 85' lang='lat' dir='ltr'>Viam</span> <span class='ocrx_word' id='word_1_1175' title='bbox 1951 3014 2032 3044; x_wconf 89' lang='lat' dir='ltr'>Pacis</span> <span class='ocrx_word' id='word_1_1176' title='bbox 2043 3036 2052 3051; x_wconf 93' lang='lat'>,</span> <span class='ocrx_word' id='word_1_1177' title='bbox 2068 3014 2145 3050; x_wconf 85' lang='lat' dir='ltr'>juxta</span> <span class='ocrx_word' id='word_1_1178' title='bbox 2159 3012 2268 3050; x_wconf 89' lang='lat' dir='ltr'>Vestri,</span> <span class='ocrx_word' id='word_1_1179' title='bbox 2287 3013 2323 3042; x_wconf 76' lang='grc' dir='ltr'>δε</span> 
     </span>
     <span class='ocr_line' id='line_1_171' title="bbox 1256 3023 2320 3091; baseline -0.003 -8"><span class='ocrx_word' id='word_1_1180' title='bbox 1256 3023 1404 3083; x_wconf 62' lang='lat' dir='ltr'>dictorum</span> <span class='ocrx_word' id='word_1_1181' title='bbox 1426 3051 1626 3082; x_wconf 89' lang='lat' dir='ltr'>Dominorum</span> <span class='ocrx_word' id='word_1_1182' title='bbox 1648 3050 1857 3091; x_wconf 81' lang='lat' dir='ltr'>Cardinalium,</span> <span class='ocrx_word' id='word_1_1183' title='bbox 1875 3053 1971 3083; x_wconf 87' lang='lat' dir='ltr'>sanum</span> <span class='ocrx_word' id='word_1_1184' title='bbox 1984 3052 2144 3082; x_wconf 85' lang='lat' dir='ltr'>Consilium</span> <span class='ocrx_word' id='word_1_1185' title='bbox 2158 3050 2320 3081; x_wconf 82' lang='lat' dir='ltr'>Voluntarii&#39;</span> 
     </span>
     <span class='ocr_line' id='line_1_172' title="bbox 1258 3090 2310 3133; baseline 0 -12"><span class='ocrx_word' id='word_1_1186' title='bbox 1258 3091 1367 3128; x_wconf 89' lang='lat' dir='ltr'>semper</span> <span class='ocrx_word' id='word_1_1187' title='bbox 1383 3091 1486 3121; x_wconf 91' lang='lat' dir='ltr'>erimus</span> <span class='ocrx_word' id='word_1_1188' title='bbox 1500 3091 1529 3119; x_wconf 90' lang='lat' dir='ltr'>in</span> <span class='ocrx_word' id='word_1_1189' title='bbox 1545 3091 1680 3120; x_wconf 92' lang='lat' dir='ltr'>omnibus</span> <span class='ocrx_word' id='word_1_1190' title='bbox 1695 3091 1728 3122; x_wconf 90' lang='lat'>&amp;</span> <span class='ocrx_word' id='word_1_1191' title='bbox 1745 3090 1844 3121; x_wconf 84' lang='lat' dir='ltr'>Parati.</span> <span class='ocrx_word' id='word_1_1192' title='bbox 2304 3127 2310 3133; x_wconf 44' lang='grc'><strong><em>.</em></strong></span> 
     </span>
    </p>

    <p class='ocr_par' dir='ltr' id='par_1_45' title="bbox 1260 3126 2330 3430">
     <span class='ocr_line' id='line_1_173' title="bbox 1299 3126 2325 3163; baseline -0.002 -4"><span class='ocrx_word' id='word_1_1193' title='bbox 1299 3129 1348 3160; x_wconf 88' lang='lat' dir='ltr'>De</span> <span class='ocrx_word' id='word_1_1194' title='bbox 1367 3128 1449 3159; x_wconf 86' lang='lat' dir='ltr'>salute</span> <span class='ocrx_word' id='word_1_1195' title='bbox 1470 3130 1541 3160; x_wconf 82' lang='lat' dir='ltr'>vero</span> <span class='ocrx_word' id='word_1_1196' title='bbox 1564 3129 1679 3159; x_wconf 82' lang='lat' dir='ltr'>Animae</span> <span class='ocrx_word' id='word_1_1197' title='bbox 1699 3129 1768 3159; x_wconf 66' lang='lat' dir='ltr'>diCti</span> <span class='ocrx_word' id='word_1_1198' title='bbox 1790 3129 1911 3160; x_wconf 89' lang='lat' dir='ltr'>Domini</span> <span class='ocrx_word' id='word_1_1199' title='bbox 1936 3129 2088 3159; x_wconf 89' lang='lat' dir='ltr'>Lodowici</span> <span class='ocrx_word' id='word_1_1200' title='bbox 2111 3127 2200 3163; x_wconf 77' lang='lat' dir='ltr'>(cum</span> <span class='ocrx_word' id='word_1_1201' title='bbox 2221 3126 2325 3158; x_wconf 83' lang='lat' dir='ltr'>Nobis</span> 
     </span>
     <span class='ocr_line' id='line_1_174' title="bbox 1262 3165 2328 3206; baseline -0.003 -8"><span class='ocrx_word' id='word_1_1202' title='bbox 1262 3167 1414 3198; x_wconf 90' lang='lat' dir='ltr'>Affinitatis</span> <span class='ocrx_word' id='word_1_1203' title='bbox 1434 3176 1537 3206; x_wconf 83' lang='lat' dir='ltr'>genere</span> <span class='ocrx_word' id='word_1_1204' title='bbox 1558 3167 1589 3198; x_wconf 91' lang='lat' dir='ltr'>sit</span> <span class='ocrx_word' id='word_1_1205' title='bbox 1609 3167 1794 3206; x_wconf 51' lang='lat' dir='ltr'>conjunctus)</span> <span class='ocrx_word' id='word_1_1206' title='bbox 1819 3169 1847 3198; x_wconf 90' lang='lat' dir='ltr'>in</span> <span class='ocrx_word' id='word_1_1207' title='bbox 1864 3168 1930 3198; x_wconf 92' lang='lat' dir='ltr'>Deo</span> <span class='ocrx_word' id='word_1_1208' title='bbox 1945 3167 2068 3205; x_wconf 85' lang='lat' dir='ltr'>solliciti,</span> <span class='ocrx_word' id='word_1_1209' title='bbox 2088 3166 2147 3196; x_wconf 88' lang='lat' dir='ltr'>Sibi</span> <span class='ocrx_word' id='word_1_1210' title='bbox 2164 3176 2212 3204; x_wconf 88' lang='lat' dir='ltr'>per</span> <span class='ocrx_word' id='word_1_1211' title='bbox 2228 3165 2328 3196; x_wconf 89' lang='lat' dir='ltr'>Perso-</span> 
     </span>
     <span class='ocr_line' id='line_1_175' title="bbox 1261 3205 2328 3244; baseline -0.002 -8"><span class='ocrx_word' id='word_1_1212' title='bbox 1261 3216 1309 3236; x_wconf 90' lang='lat' dir='ltr'>nas</span> <span class='ocrx_word' id='word_1_1213' title='bbox 1325 3205 1435 3236; x_wconf 70' lang='lat' dir='ltr'>Medias</span> <span class='ocrx_word' id='word_1_1214' title='bbox 1448 3206 1657 3244; x_wconf 80' lang='lat' dir='ltr'>consuluimus,</span> <span class='ocrx_word' id='word_1_1215' title='bbox 1674 3205 1770 3243; x_wconf 90' lang='lat' dir='ltr'>Ipsum</span> <span class='ocrx_word' id='word_1_1216' title='bbox 1792 3207 1892 3237; x_wconf 80' lang='lat' dir='ltr'>intime</span> <span class='ocrx_word' id='word_1_1217' title='bbox 1915 3207 2101 3243; x_wconf 80' lang='lat' dir='ltr'>requirentes,</span> <span class='ocrx_word' id='word_1_1218' title='bbox 2120 3215 2168 3242; x_wconf 89' lang='lat' dir='ltr'>ut,</span> <span class='ocrx_word' id='word_1_1219' title='bbox 2186 3205 2265 3241; x_wconf 82' lang='lat' dir='ltr'>super</span> <span class='ocrx_word' id='word_1_1220' title='bbox 2287 3213 2328 3234; x_wconf 86' lang='lat' dir='ltr'>at-</span> 
     </span>
     <span class='ocr_line' id='line_1_176' title="bbox 1261 3242 2329 3283; baseline -0.003 -8"><span class='ocrx_word' id='word_1_1221' title='bbox 1261 3245 1402 3283; x_wconf 88' lang='lat' dir='ltr'>temptatis</span> <span class='ocrx_word' id='word_1_1222' title='bbox 1418 3254 1467 3282; x_wconf 90' lang='lat' dir='ltr'>per</span> <span class='ocrx_word' id='word_1_1223' title='bbox 1483 3243 1560 3274; x_wconf 91' lang='lat' dir='ltr'>Eum</span> <span class='ocrx_word' id='word_1_1224' title='bbox 1574 3253 1672 3275; x_wconf 89' lang='lat' dir='ltr'>contra</span> <span class='ocrx_word' id='word_1_1225' title='bbox 1685 3244 1851 3275; x_wconf 89' lang='lat' dir='ltr'>Romanam</span> <span class='ocrx_word' id='word_1_1226' title='bbox 1866 3244 2020 3274; x_wconf 84' lang='lat' dir='ltr'>Ecclesiam</span> <span class='ocrx_word' id='word_1_1227' title='bbox 2033 3244 2066 3274; x_wconf 64' lang='grc' dir='ltr'>ὃς</span> <span class='ocrx_word' id='word_1_1228' title='bbox 2081 3242 2185 3272; x_wconf 87' lang='lat' dir='ltr'>Sedem</span> <span class='ocrx_word' id='word_1_1229' title='bbox 2202 3242 2329 3280; x_wconf 81' lang='lat' dir='ltr'>Aposto-</span> 
     </span>
     <span class='ocr_line' id='line_1_177' title="bbox 1260 3281 2328 3322; baseline -0.003 -9"><span class='ocrx_word' id='word_1_1230' title='bbox 1260 3283 1363 3322; x_wconf 89' lang='lat' dir='ltr'>licam,</span> <span class='ocrx_word' id='word_1_1231' title='bbox 1381 3284 1477 3322; x_wconf 79' lang='lat' dir='ltr'>gratiae</span> <span class='ocrx_word' id='word_1_1232' title='bbox 1493 3282 1572 3313; x_wconf 90' lang='lat' dir='ltr'>Sedis</span> <span class='ocrx_word' id='word_1_1233' title='bbox 1592 3283 1714 3321; x_wconf 88' lang='lat' dir='ltr'>ejusdem</span> <span class='ocrx_word' id='word_1_1234' title='bbox 1733 3283 1769 3312; x_wconf 92' lang='lat' dir='ltr'>Se</span> <span class='ocrx_word' id='word_1_1235' title='bbox 1790 3282 1963 3313; x_wconf 87' lang='lat' dir='ltr'>submitteret</span> <span class='ocrx_word' id='word_1_1236' title='bbox 1988 3282 2129 3312; x_wconf 87' lang='lat' dir='ltr'>humiliter</span> <span class='ocrx_word' id='word_1_1237' title='bbox 2151 3281 2184 3311; x_wconf 69' lang='grc' dir='ltr'>ὃ(</span> <span class='ocrx_word' id='word_1_1238' title='bbox 2207 3281 2328 3318; x_wconf 73' lang='lat' dir='ltr'>devote,</span> 
     </span>
     <span class='ocr_line' id='line_1_178' title="bbox 1263 3320 2328 3359; baseline -0.004 -7"><span class='ocrx_word' id='word_1_1239' title='bbox 1263 3323 1314 3359; x_wconf 91' lang='lat'>&amp;,</span> <span class='ocrx_word' id='word_1_1240' title='bbox 1329 3330 1358 3352; x_wconf 93' lang='lat' dir='ltr'>ut</span> <span class='ocrx_word' id='word_1_1241' title='bbox 1379 3322 1446 3352; x_wconf 77' lang='lat' dir='ltr'>vere</span> <span class='ocrx_word' id='word_1_1242' title='bbox 1467 3320 1648 3359; x_wconf 87' lang='lat' dir='ltr'>Catholicus,</span> <span class='ocrx_word' id='word_1_1243' title='bbox 1668 3321 1777 3351; x_wconf 59' lang='lat' dir='ltr'>Sanitis</span> <span class='ocrx_word' id='word_1_1244' title='bbox 1797 3320 1894 3351; x_wconf 86' lang='lat' dir='ltr'>vestris</span> <span class='ocrx_word' id='word_1_1245' title='bbox 1915 3329 2021 3358; x_wconf 81' lang='lat' dir='ltr'>pareret</span> <span class='ocrx_word' id='word_1_1246' title='bbox 2047 3320 2274 3358; x_wconf 62' lang='lat' dir='ltr'>Injundtionibus</span> <span class='ocrx_word' id='word_1_1247' title='bbox 2294 3320 2328 3348; x_wconf 67' lang='grc' dir='ltr'>ὃς</span> 
     </span>
     <span class='ocr_line' id='line_1_179' title="bbox 1264 3357 2330 3398; baseline -0.004 -7"><span class='ocrx_word' id='word_1_1248' title='bbox 1264 3360 1424 3398; x_wconf 76' lang='lat' dir='ltr'>Mandatis3</span> <span class='ocrx_word' id='word_1_1249' title='bbox 1444 3361 1493 3398; x_wconf 90' lang='lat' dir='ltr'>qui</span> <span class='ocrx_word' id='word_1_1250' title='bbox 1509 3361 1590 3390; x_wconf 87' lang='lat' dir='ltr'>nobis</span> <span class='ocrx_word' id='word_1_1251' title='bbox 1605 3360 1722 3391; x_wconf 85' lang='lat' dir='ltr'>fideliter</span> <span class='ocrx_word' id='word_1_1252' title='bbox 1739 3359 1897 3397; x_wconf 85' lang='lat' dir='ltr'>repromisit</span> <span class='ocrx_word' id='word_1_1253' title='bbox 1910 3360 1974 3390; x_wconf 84' lang='lat' dir='ltr'>haec</span> <span class='ocrx_word' id='word_1_1254' title='bbox 1988 3359 2130 3389; x_wconf 88' lang='lat' dir='ltr'>humiliter</span> <span class='ocrx_word' id='word_1_1255' title='bbox 2144 3360 2177 3389; x_wconf 75' lang='grc' dir='ltr'>δε</span> <span class='ocrx_word' id='word_1_1256' title='bbox 2193 3357 2330 3388; x_wconf 64' lang='lat' dir='ltr'>efferstua-</span> 
     </span>
     <span class='ocr_line' id='line_1_180' title="bbox 1263 3399 1547 3430; baseline -0.007 0"><span class='ocrx_word' id='word_1_1257' title='bbox 1263 3400 1325 3430; x_wconf 91' lang='lat' dir='ltr'>liter</span> <span class='ocrx_word' id='word_1_1258' title='bbox 1338 3399 1375 3430; x_wconf 90' lang='lat' dir='ltr'>Se</span> <span class='ocrx_word' id='word_1_1259' title='bbox 1387 3399 1547 3430; x_wconf 73' lang='lat' dir='ltr'>fatsturum:</span> 
     </span>
    </p>

    <p class='ocr_par' dir='ltr' id='par_1_46' title="bbox 1301 3435 2331 3476">
     <span class='ocr_line' id='line_1_181' title="bbox 1301 3435 2331 3476; baseline -0.004 -8"><span class='ocrx_word' id='word_1_1260' title='bbox 1301 3438 1337 3468; x_wconf 91' lang='lat' dir='ltr'>Et</span> <span class='ocrx_word' id='word_1_1261' title='bbox 1358 3438 1416 3468; x_wconf 90' lang='lat' dir='ltr'>hoc</span> <span class='ocrx_word' id='word_1_1262' title='bbox 1430 3461 1439 3476; x_wconf 94' lang='lat'>,</span> <span class='ocrx_word' id='word_1_1263' title='bbox 1465 3439 1506 3468; x_wconf 92' lang='lat' dir='ltr'>ob</span> <span class='ocrx_word' id='word_1_1264' title='bbox 1525 3437 1679 3467; x_wconf 87' lang='lat' dir='ltr'>Honorem</span> <span class='ocrx_word' id='word_1_1265' title='bbox 1701 3436 1811 3466; x_wconf 66' lang='lat' dir='ltr'>Sanetae</span> <span class='ocrx_word' id='word_1_1266' title='bbox 1831 3436 1977 3466; x_wconf 79' lang='lat' dir='ltr'>Romanae</span> <span class='ocrx_word' id='word_1_1267' title='bbox 1998 3435 2148 3471; x_wconf 66' lang='lat' dir='ltr'>Ecclesiae,</span> <span class='ocrx_word' id='word_1_1268' title='bbox 2176 3442 2259 3473; x_wconf 85' lang='lat' dir='ltr'>atque</span> <span class='ocrx_word' id='word_1_1269' title='bbox 2281 3443 2331 3464; x_wconf 86' lang='lat' dir='ltr'>ve-</span> 
     </span>
    </p>
   </div>
   <div class='ocr_carea' id='block_1_25' title="bbox 2253 159 2335 212">
    <p class='ocr_par' dir='ltr' id='par_1_47' title="bbox 2253 159 2335 212">
     <span class='ocr_line' id='line_1_182' title="bbox 2253 159 2335 212; baseline 0.037 -3"><span class='ocrx_word' id='word_1_1270' title='bbox 2253 159 2335 212; x_wconf 64' lang='lat'>&#39;195&#39;</span> 
     </span>
    </p>
   </div>
   <div class='ocr_carea' id='block_1_26' title="bbox 2347 231 2479 278">
    <p class='ocr_par' dir='ltr' id='par_1_48' title="bbox 2347 231 2479 278">
     <span class='ocr_line' id='line_1_183' title="bbox 2347 231 2479 278; baseline 0.008 -7"><span class='ocrx_word' id='word_1_1271' title='bbox 2347 239 2423 272; x_wconf 83' lang='lat' dir='ltr'>Ann.</span> <span class='ocrx_word' id='word_1_1272' title='bbox 2437 231 2479 278; x_wconf 60' lang='lat'>[34</span> 
     </span>
    </p>
   </div>
   <div class='ocr_carea' id='block_1_27' title="bbox 2345 287 2463 359">
    <p class='ocr_par' dir='ltr' id='par_1_49' title="bbox 2345 287 2463 359">
     <span class='ocr_line' id='line_1_184' title="bbox 2345 287 2463 359; baseline 0.034 -14"><span class='ocrx_word' id='word_1_1273' title='bbox 2345 287 2463 359; x_wconf 62' lang='grc' dir='ltr'>Εέἐῗζ,</span> 
     </span>
    </p>
   </div>
   <div class='ocr_carea' id='block_1_28' title="bbox 2342 596 2441 668">
    <p class='ocr_par' dir='ltr' id='par_1_50' title="bbox 2342 596 2441 668">
     <span class='ocr_line' id='line_1_185' title="bbox 2345 596 2441 631; baseline 0.01 -1"><span class='ocrx_word' id='word_1_1274' title='bbox 2345 602 2362 619; x_wconf 70' lang='grc'><strong><em>*</em></strong></span> <span class='ocrx_word' id='word_1_1275' title='bbox 2384 596 2441 631; x_wconf 66' lang='lat' dir='ltr'>tv:</span> 
     </span>
     <span class='ocr_line' id='line_1_186' title="bbox 2342 639 2409 668; baseline 0 -1"><span class='ocrx_word' id='word_1_1276' title='bbox 2342 639 2409 668; x_wconf 86' lang='lat'><em>826.</em></span> 
     </span>
    </p>
   </div>
   <div class='ocr_carea' id='block_1_29' title="bbox 2338 744 2475 823">
    <p class='ocr_par' dir='ltr' id='par_1_51' title="bbox 2338 744 2475 823">
     <span class='ocr_line' id='line_1_187' title="bbox 2338 744 2475 784; baseline 0.007 -10"><span class='ocrx_word' id='word_1_1277' title='bbox 2338 744 2416 775; x_wconf 84' lang='lat' dir='ltr'>Ann.</span> <span class='ocrx_word' id='word_1_1278' title='bbox 2431 744 2475 784; x_wconf 49' lang='lat' dir='ltr'>D}</span> 
     </span>
     <span class='ocr_line' id='line_1_188' title="bbox 2368 792 2453 823; baseline -0.012 0"><span class='ocrx_word' id='word_1_1279' title='bbox 2368 792 2453 823; x_wconf 40' lang='lat'>1337„</span> 
     </span>
    </p>
   </div>
   <div class='ocr_carea' id='block_1_30' title="bbox 2338 827 2475 1005">
    <p class='ocr_par' dir='ltr' id='par_1_52' title="bbox 2338 827 2475 1005">
     <span class='ocr_line' id='line_1_189' title="bbox 2339 827 2452 851; baseline 0 -1"><span class='ocrx_word' id='word_1_1280' title='bbox 2339 827 2391 851; x_wconf 81' lang='lat' dir='ltr'>An.</span> <span class='ocrx_word' id='word_1_1281' title='bbox 2410 833 2452 851; x_wconf 87' lang='lat'>11.</span> 
     </span>
     <span class='ocr_line' id='line_1_190' title="bbox 2341 866 2418 898; baseline -0.013 -10"><span class='ocrx_word' id='word_1_1282' title='bbox 2341 866 2368 888; x_wconf 85' lang='grc' dir='ltr'>Ε.</span> <span class='ocrx_word' id='word_1_1283' title='bbox 2394 871 2418 898; x_wconf 89' lang='lat'>3.</span> 
     </span>
     <span class='ocr_line' id='line_1_191' title="bbox 2339 903 2473 927; baseline -0.015 0"><span class='ocrx_word' id='word_1_1284' title='bbox 2339 904 2400 927; x_wconf 83' lang='lat' dir='ltr'>Rom</span> <span class='ocrx_word' id='word_1_1285' title='bbox 2429 903 2473 926; x_wconf 77' lang='lat'>11:</span> 
     </span>
     <span class='ocr_line' id='line_1_192' title="bbox 2338 941 2475 975; baseline 0 -9"><span class='ocrx_word' id='word_1_1286' title='bbox 2338 942 2368 966; x_wconf 83' lang='grc' dir='ltr'>Ε.</span> <span class='ocrx_word' id='word_1_1287' title='bbox 2386 947 2411 975; x_wconf 85' lang='lat'>3.</span> <span class='ocrx_word' id='word_1_1288' title='bbox 2435 941 2475 973; x_wconf 59' lang='lat' dir='ltr'>m„</span> 
     </span>
     <span class='ocr_line' id='line_1_193' title="bbox 2340 987 2367 1005; baseline 0.037 -1"><span class='ocrx_word' id='word_1_1289' title='bbox 2340 987 2367 1005; x_wconf 85' lang='lat'>2.</span> 
     </span>
    </p>
   </div>
   <div class='ocr_carea' id='block_1_31' title="bbox 1264 3473 2435 3555">
    <p class='ocr_par' dir='ltr' id='par_1_53' title="bbox 1264 3473 2435 3555">
     <span class='ocr_line' id='line_1_194' title="bbox 1264 3473 2435 3514; baseline -0.003 -7"><span class='ocrx_word' id='word_1_1290' title='bbox 1264 3476 1372 3514; x_wconf 88' lang='lat' dir='ltr'>strum,</span> <span class='ocrx_word' id='word_1_1291' title='bbox 1390 3476 1423 3507; x_wconf 92' lang='lat'>&amp;</span> <span class='ocrx_word' id='word_1_1292' title='bbox 1438 3475 1586 3513; x_wconf 84' lang='lat' dir='ltr'>specialem</span> <span class='ocrx_word' id='word_1_1293' title='bbox 1602 3477 1621 3495; x_wconf 72' lang='lat'>³¹²</span> <span class='ocrx_word' id='word_1_1294' title='bbox 1637 3474 1775 3505; x_wconf 65' lang='lat' dir='ltr'>affeetum</span> <span class='ocrx_word' id='word_1_1295' title='bbox 1790 3484 1876 3512; x_wconf 84' lang='lat' dir='ltr'>quem</span> <span class='ocrx_word' id='word_1_1296' title='bbox 1891 3476 2013 3513; x_wconf 81' lang='lat' dir='ltr'>gerimus</span> <span class='ocrx_word' id='word_1_1297' title='bbox 2030 3473 2064 3504; x_wconf 93' lang='lat' dir='ltr'>ad</span> <span class='ocrx_word' id='word_1_1298' title='bbox 2078 3473 2215 3511; x_wconf 87' lang='lat' dir='ltr'>eandem,</span> <span class='ocrx_word' id='word_1_1299' title='bbox 2232 3474 2265 3503; x_wconf 66' lang='grc' dir='ltr'>ὃς</span> <span class='ocrx_word' id='word_1_1300' title='bbox 2281 3483 2330 3503; x_wconf 92' lang='lat' dir='ltr'>ve-</span> <span class='ocrx_word' id='word_1_1301' title='bbox 2346 3481 2361 3498; x_wconf 51' lang='grc'><strong>4</strong></span> <span class='ocrx_word' id='word_1_1302' title='bbox 2380 3482 2435 3509; x_wconf 64' lang='lat' dir='ltr'>1v,&gt;</span> 
     </span>
     <span class='ocr_line' id='line_1_195' title="bbox 1265 3511 2413 3555; baseline -0.003 -10"><span class='ocrx_word' id='word_1_1303' title='bbox 1265 3515 1351 3546; x_wconf 90' lang='lat' dir='ltr'>stram</span> <span class='ocrx_word' id='word_1_1304' title='bbox 1366 3516 1453 3545; x_wconf 86' lang='lat' dir='ltr'>etiam</span> <span class='ocrx_word' id='word_1_1305' title='bbox 1467 3514 1648 3544; x_wconf 68' lang='lat' dir='ltr'>Sanffiratem</span> <span class='ocrx_word' id='word_1_1306' title='bbox 1658 3536 1667 3551; x_wconf 90' lang='lat'>,</span> <span class='ocrx_word' id='word_1_1307' title='bbox 1683 3513 1761 3543; x_wconf 66' lang='lat' dir='ltr'>bona</span> <span class='ocrx_word' id='word_1_1308' title='bbox 1777 3514 1809 3544; x_wconf 74' lang='grc' dir='ltr'>ὃ(</span> <span class='ocrx_word' id='word_1_1309' title='bbox 1825 3512 1887 3543; x_wconf 71' lang='lat' dir='ltr'>sana</span> <span class='ocrx_word' id='word_1_1310' title='bbox 1902 3513 2064 3542; x_wconf 79' lang='lat' dir='ltr'>intentione</span> <span class='ocrx_word' id='word_1_1311' title='bbox 2078 3512 2214 3549; x_wconf 80' lang='lat' dir='ltr'>fecimus,</span> <span class='ocrx_word' id='word_1_1312' title='bbox 2227 3520 2257 3541; x_wconf 92' lang='lat' dir='ltr'>ut</span> <span class='ocrx_word' id='word_1_1313' title='bbox 2272 3511 2330 3549; x_wconf 88' lang='lat' dir='ltr'>spe·</span> <span class='ocrx_word' id='word_1_1314' title='bbox 2346 3520 2413 3555; x_wconf 78' lang='lat'>827,</span> 
     </span>
    </p>
   </div>
   <div class='ocr_carea' id='block_1_32' title="bbox 1265 3550 2338 3940">
    <p class='ocr_par' dir='ltr' id='par_1_54' title="bbox 1265 3550 2333 3629">
     <span class='ocr_line' id='line_1_196' title="bbox 1265 3550 2333 3591; baseline -0.004 -7"><span class='ocrx_word' id='word_1_1315' title='bbox 1265 3563 1374 3590; x_wconf 67' lang='lat' dir='ltr'>ramus,</span> <span class='ocrx_word' id='word_1_1316' title='bbox 1393 3554 1445 3591; x_wconf 89' lang='lat'>&amp;,</span> <span class='ocrx_word' id='word_1_1317' title='bbox 1462 3553 1481 3582; x_wconf 85' lang='lat' dir='ltr'>si</span> <span class='ocrx_word' id='word_1_1318' title='bbox 1503 3562 1604 3590; x_wconf 76' lang='lat' dir='ltr'>praeter</span> <span class='ocrx_word' id='word_1_1319' title='bbox 1630 3551 1822 3582; x_wconf 89' lang='lat' dir='ltr'>Intentionem</span> <span class='ocrx_word' id='word_1_1320' title='bbox 1837 3551 1961 3580; x_wconf 84' lang='lat' dir='ltr'>nostram</span> <span class='ocrx_word' id='word_1_1321' title='bbox 1977 3553 2005 3579; x_wconf 90' lang='lat' dir='ltr'>in</span> <span class='ocrx_word' id='word_1_1322' title='bbox 2020 3551 2076 3580; x_wconf 88' lang='lat' dir='ltr'>hoc</span> <span class='ocrx_word' id='word_1_1323' title='bbox 2091 3550 2183 3579; x_wconf 86' lang='lat' dir='ltr'>forsan</span> <span class='ocrx_word' id='word_1_1324' title='bbox 2200 3551 2333 3581; x_wconf 87' lang='lat' dir='ltr'>erraveri-</span> 
     </span>
     <span class='ocr_line' id='line_1_197' title="bbox 1266 3588 2250 3629; baseline -0.005 -7"><span class='ocrx_word' id='word_1_1325' title='bbox 1266 3602 1346 3629; x_wconf 77' lang='lat' dir='ltr'>muS,</span> <span class='ocrx_word' id='word_1_1326' title='bbox 1363 3592 1461 3622; x_wconf 88' lang='lat' dir='ltr'>salubri</span> <span class='ocrx_word' id='word_1_1327' title='bbox 1475 3590 1658 3622; x_wconf 65' lang='lat' dir='ltr'>Corretftioni</span> <span class='ocrx_word' id='word_1_1328' title='bbox 1674 3590 1772 3620; x_wconf 71' lang='lat' dir='ltr'>vestrae</span> <span class='ocrx_word' id='word_1_1329' title='bbox 1786 3589 1865 3627; x_wconf 86' lang='lat' dir='ltr'>super</span> <span class='ocrx_word' id='word_1_1330' title='bbox 1881 3589 1940 3618; x_wconf 85' lang='lat' dir='ltr'>hoc</span> <span class='ocrx_word' id='word_1_1331' title='bbox 1954 3590 2086 3619; x_wconf 79' lang='lat' dir='ltr'>volumus</span> <span class='ocrx_word' id='word_1_1332' title='bbox 2102 3588 2250 3626; x_wconf 79' lang='lat' dir='ltr'>subjacere.</span> 
     </span>
    </p>

    <p class='ocr_par' dir='ltr' id='par_1_55' title="bbox 1267 3625 2336 3892">
     <span class='ocr_line' id='line_1_198' title="bbox 1303 3625 2334 3674; baseline -0.003 -13"><span class='ocrx_word' id='word_1_1333' title='bbox 1303 3630 1500 3669; x_wconf 86' lang='lat' dir='ltr'>Supplicamus</span> <span class='ocrx_word' id='word_1_1334' title='bbox 1520 3630 1602 3674; x_wconf 83' lang='lat' dir='ltr'>igitur</span> <span class='ocrx_word' id='word_1_1335' title='bbox 1622 3628 1723 3658; x_wconf 79' lang='lat' dir='ltr'>vestrae</span> <span class='ocrx_word' id='word_1_1336' title='bbox 1747 3628 1895 3658; x_wconf 61' lang='lat' dir='ltr'>sanctitati</span> <span class='ocrx_word' id='word_1_1337' title='bbox 1916 3627 2112 3664; x_wconf 82' lang='lat' dir='ltr'>Apostolicae,</span> <span class='ocrx_word' id='word_1_1338' title='bbox 2131 3636 2194 3657; x_wconf 89' lang='lat' dir='ltr'>toto</span> <span class='ocrx_word' id='word_1_1339' title='bbox 2220 3625 2334 3666; x_wconf 88' lang='lat' dir='ltr'>Corde,</span> 
     </span>
     <span class='ocr_line' id='line_1_199' title="bbox 1267 3663 2334 3707; baseline -0.003 -8"><span class='ocrx_word' id='word_1_1340' title='bbox 1267 3670 1412 3707; x_wconf 85' lang='lat' dir='ltr'>quatinus,</span> <span class='ocrx_word' id='word_1_1341' title='bbox 1436 3667 1581 3706; x_wconf 83' lang='lat' dir='ltr'>praemiffis</span> <span class='ocrx_word' id='word_1_1342' title='bbox 1600 3667 1694 3697; x_wconf 80' lang='lat' dir='ltr'>debite</span> <span class='ocrx_word' id='word_1_1343' title='bbox 1716 3665 1892 3704; x_wconf 87' lang='lat' dir='ltr'>ponderatis,</span> <span class='ocrx_word' id='word_1_1344' title='bbox 1917 3665 2025 3702; x_wconf 90' lang='lat' dir='ltr'>velitis,</span> <span class='ocrx_word' id='word_1_1345' title='bbox 2052 3673 2173 3703; x_wconf 87' lang='lat' dir='ltr'>optentu</span> <span class='ocrx_word' id='word_1_1346' title='bbox 2193 3663 2334 3704; x_wconf 77' lang='lat' dir='ltr'>Justitiae,</span> 
     </span>
     <span class='ocr_line' id='line_1_200' title="bbox 1268 3703 2331 3743; baseline -0.003 -5"><span class='ocrx_word' id='word_1_1347' title='bbox 1268 3716 1368 3738; x_wconf 86' lang='lat' dir='ltr'>contra</span> <span class='ocrx_word' id='word_1_1348' title='bbox 1393 3707 1563 3737; x_wconf 86' lang='lat' dir='ltr'>Subtilitates</span> <span class='ocrx_word' id='word_1_1349' title='bbox 1591 3706 1624 3736; x_wconf 74' lang='grc' dir='ltr'>δε</span> <span class='ocrx_word' id='word_1_1350' title='bbox 1654 3704 1776 3735; x_wconf 75' lang='lat' dir='ltr'>Malitias</span> <span class='ocrx_word' id='word_1_1351' title='bbox 1803 3703 1946 3741; x_wconf 82' lang='lat' dir='ltr'>exquisitas</span> <span class='ocrx_word' id='word_1_1352' title='bbox 1975 3704 2058 3734; x_wconf 90' lang='lat' dir='ltr'>nobis</span> <span class='ocrx_word' id='word_1_1353' title='bbox 2089 3703 2305 3735; x_wconf 86' lang='lat' dir='ltr'>Adversantium</span> <span class='ocrx_word' id='word_1_1354' title='bbox 2321 3727 2331 3743; x_wconf 91' lang='lat'>,</span> 
     </span>
     <span class='ocr_line' id='line_1_201' title="bbox 1268 3741 2336 3784; baseline -0.002 -8"><span class='ocrx_word' id='word_1_1355' title='bbox 1268 3747 1298 3776; x_wconf 91' lang='lat' dir='ltr'>in</span> <span class='ocrx_word' id='word_1_1356' title='bbox 1317 3746 1570 3784; x_wconf 85' lang='lat' dir='ltr'>oportunitatibus,</span> <span class='ocrx_word' id='word_1_1357' title='bbox 1589 3743 1608 3773; x_wconf 88' lang='lat' dir='ltr'>si</span> <span class='ocrx_word' id='word_1_1358' title='bbox 1630 3743 1735 3781; x_wconf 88' lang='lat' dir='ltr'>placet,</span> <span class='ocrx_word' id='word_1_1359' title='bbox 1754 3742 1822 3772; x_wconf 91' lang='lat' dir='ltr'>Nos</span> <span class='ocrx_word' id='word_1_1360' title='bbox 1842 3741 1972 3780; x_wconf 88' lang='lat' dir='ltr'>prosequi</span> <span class='ocrx_word' id='word_1_1361' title='bbox 1994 3741 2093 3772; x_wconf 70' lang='lat' dir='ltr'>Gratia</span> <span class='ocrx_word' id='word_1_1362' title='bbox 2111 3742 2144 3773; x_wconf 88' lang='lat'>&amp;</span> <span class='ocrx_word' id='word_1_1363' title='bbox 2161 3741 2290 3781; x_wconf 89' lang='lat' dir='ltr'>Favore,</span> <span class='ocrx_word' id='word_1_1364' title='bbox 2302 3743 2336 3774; x_wconf 90' lang='lat'>&amp;</span> 
     </span>
     <span class='ocr_line' id='line_1_202' title="bbox 1269 3780 2336 3819; baseline -0.003 -5"><span class='ocrx_word' id='word_1_1365' title='bbox 1269 3783 1431 3814; x_wconf 87' lang='lat' dir='ltr'>efficacibus</span> <span class='ocrx_word' id='word_1_1366' title='bbox 1445 3783 1560 3813; x_wconf 84' lang='lat' dir='ltr'>Auxiliis</span> <span class='ocrx_word' id='word_1_1367' title='bbox 1578 3782 1750 3819; x_wconf 67' lang='lat' dir='ltr'>praevenire,</span> <span class='ocrx_word' id='word_1_1368' title='bbox 1771 3780 1873 3810; x_wconf 89' lang='lat' dir='ltr'>sinistra</span> <span class='ocrx_word' id='word_1_1369' title='bbox 1887 3780 1924 3810; x_wconf 89' lang='lat' dir='ltr'>de</span> <span class='ocrx_word' id='word_1_1370' title='bbox 1946 3780 2029 3810; x_wconf 83' lang='lat' dir='ltr'>nobis</span> <span class='ocrx_word' id='word_1_1371' title='bbox 2051 3780 2262 3819; x_wconf 84' lang='lat' dir='ltr'>suggerentibus</span> <span class='ocrx_word' id='word_1_1372' title='bbox 2286 3781 2336 3812; x_wconf 93' lang='lat' dir='ltr'>Fi-</span> 
     </span>
     <span class='ocr_line' id='line_1_203' title="bbox 1271 3817 2336 3860; baseline -0.002 -8"><span class='ocrx_word' id='word_1_1373' title='bbox 1271 3823 1338 3852; x_wconf 89' lang='lat' dir='ltr'>dem</span> <span class='ocrx_word' id='word_1_1374' title='bbox 1353 3822 1481 3860; x_wconf 78' lang='lat' dir='ltr'>penitus,</span> <span class='ocrx_word' id='word_1_1375' title='bbox 1500 3821 1519 3851; x_wconf 90' lang='lat' dir='ltr'>si</span> <span class='ocrx_word' id='word_1_1376' title='bbox 1534 3821 1635 3858; x_wconf 82' lang='lat' dir='ltr'>libeat,</span> <span class='ocrx_word' id='word_1_1377' title='bbox 1653 3819 1835 3859; x_wconf 87' lang='lat' dir='ltr'>denegantes,</span> <span class='ocrx_word' id='word_1_1378' title='bbox 1853 3818 1948 3849; x_wconf 90' lang='lat' dir='ltr'>donec</span> <span class='ocrx_word' id='word_1_1379' title='bbox 1963 3817 2090 3858; x_wconf 83' lang='lat' dir='ltr'>suggesta</span> <span class='ocrx_word' id='word_1_1380' title='bbox 2104 3820 2271 3857; x_wconf 81' lang='lat' dir='ltr'>percurrerit</span> <span class='ocrx_word' id='word_1_1381' title='bbox 2287 3830 2336 3851; x_wconf 89' lang='lat' dir='ltr'>ce-</span> 
     </span>
     <span class='ocr_line' id='line_1_204' title="bbox 1273 3859 1666 3892; baseline -0.008 -1"><span class='ocrx_word' id='word_1_1382' title='bbox 1273 3861 1356 3892; x_wconf 92' lang='lat' dir='ltr'>lebris</span> <span class='ocrx_word' id='word_1_1383' title='bbox 1372 3859 1516 3890; x_wconf 88' lang='lat' dir='ltr'>Discusfio</span> <span class='ocrx_word' id='word_1_1384' title='bbox 1529 3859 1666 3889; x_wconf 89' lang='lat' dir='ltr'>Veritatis.</span> 
     </span>
    </p>

    <p class='ocr_par' dir='ltr' id='par_1_56' title="bbox 1312 3894 2338 3940">
     <span class='ocr_line' id='line_1_205' title="bbox 1312 3894 2338 3940; baseline 0 -11"><span class='ocrx_word' id='word_1_1385' title='bbox 1312 3898 1359 3930; x_wconf 92' lang='lat' dir='ltr'>Ad</span> <span class='ocrx_word' id='word_1_1386' title='bbox 1373 3896 1587 3927; x_wconf 88' lang='lat' dir='ltr'>informandum</span> <span class='ocrx_word' id='word_1_1387' title='bbox 1604 3896 1828 3940; x_wconf 26' lang='lat' dir='ltr'>autemnplenius</span> <span class='ocrx_word' id='word_1_1388' title='bbox 1850 3894 1978 3926; x_wconf 85' lang='lat' dir='ltr'>Puritatis</span> <span class='ocrx_word' id='word_1_1389' title='bbox 2001 3895 2104 3927; x_wconf 88' lang='lat' dir='ltr'>vestrae</span> <span class='ocrx_word' id='word_1_1390' title='bbox 2123 3894 2338 3929; x_wconf 77' lang='lat' dir='ltr'>Conscient&#39;am</span> 
     </span>
    </p>
   </div>
   <div class='ocr_carea' id='block_1_33' title="bbox 198 3933 2339 3977">
    <p class='ocr_par' dir='ltr' id='par_1_57' title="bbox 198 3933 2339 3977">
     <span class='ocr_line' id='line_1_206' title="bbox 198 3933 2339 3977; baseline 0.002 -15"><span class='ocrx_word' id='word_1_1391' title='bbox 198 3933 389 3977; x_wconf 77' lang='lat' dir='ltr'>upplicationis</span> <span class='ocrx_word' id='word_1_1392' title='bbox 403 3935 579 3973; x_wconf 87' lang='lat' dir='ltr'>hujusmodi,</span> <span class='ocrx_word' id='word_1_1393' title='bbox 595 3934 704 3974; x_wconf 80' lang='lat' dir='ltr'>velitis,</span> <span class='ocrx_word' id='word_1_1394' title='bbox 723 3935 742 3965; x_wconf 86' lang='lat' dir='ltr'>si</span> <span class='ocrx_word' id='word_1_1395' title='bbox 764 3934 872 3974; x_wconf 86' lang='lat' dir='ltr'>placet,</span> <span class='ocrx_word' id='word_1_1396' title='bbox 889 3935 986 3967; x_wconf 81' lang='lat' dir='ltr'>Partes</span> <span class='ocrx_word' id='word_1_1397' title='bbox 1005 3936 1106 3970; x_wconf 79' lang='lat' dir='ltr'>vestrae</span> <span class='ocrx_word' id='word_1_1398' title='bbox 1125 3938 1242 3973; x_wconf 85' lang='lat' dir='ltr'>Sollici-</span> <span class='ocrx_word' id='word_1_1399' title='bbox 1275 3937 1311 3968; x_wconf 91' lang='lat' dir='ltr'>de</span> <span class='ocrx_word' id='word_1_1400' title='bbox 1323 3935 1486 3974; x_wconf 84' lang='lat' dir='ltr'>praemiffis,</span> <span class='ocrx_word' id='word_1_1401' title='bbox 1505 3944 1597 3966; x_wconf 89' lang='lat' dir='ltr'>certos</span> <span class='ocrx_word' id='word_1_1402' title='bbox 1611 3933 1764 3972; x_wconf 89' lang='lat' dir='ltr'>Nuncios,</span> <span class='ocrx_word' id='word_1_1403' title='bbox 1781 3934 1859 3972; x_wconf 88' lang='lat' dir='ltr'>super</span> <span class='ocrx_word' id='word_1_1404' title='bbox 1874 3934 1927 3964; x_wconf 90' lang='lat' dir='ltr'>hiis</span> <span class='ocrx_word' id='word_1_1405' title='bbox 1939 3933 2108 3966; x_wconf 88' lang='lat' dir='ltr'>sufficienter</span> <span class='ocrx_word' id='word_1_1406' title='bbox 2122 3934 2290 3975; x_wconf 70' lang='lat' dir='ltr'>instructos,</span> <span class='ocrx_word' id='word_1_1407' title='bbox 2303 3936 2339 3967; x_wconf 88' lang='lat' dir='ltr'>ad</span> 
     </span>
    </p>
   </div>
   <div class='ocr_carea' id='block_1_34' title="bbox 177 3970 685 4011">
    <p class='ocr_par' dir='ltr' id='par_1_58' title="bbox 177 3970 685 4011">
     <span class='ocr_line' id='line_1_207' title="bbox 177 3970 685 4011; baseline 0 -9"><span class='ocrx_word' id='word_1_1408' title='bbox 177 3970 280 4002; x_wconf 86' lang='lat' dir='ltr'>tudinis</span> <span class='ocrx_word' id='word_1_1409' title='bbox 294 3980 473 4011; x_wconf 82' lang='lat' dir='ltr'>interponere</span> <span class='ocrx_word' id='word_1_1410' title='bbox 486 3984 554 4005; x_wconf 91' lang='lat' dir='ltr'>cum</span> <span class='ocrx_word' id='word_1_1411' title='bbox 570 3972 685 4004; x_wconf 67' lang='lat' dir='ltr'>effe&amp;u.</span> 
     </span>
    </p>
   </div>
   <div class='ocr_carea' id='block_1_35' title="bbox 217 4045 682 4085">
    <p class='ocr_par' dir='ltr' id='par_1_59' title="bbox 217 4045 682 4085">
     <span class='ocr_line' id='line_1_208' title="bbox 217 4045 682 4085; baseline 0.015 -8"><span class='ocrx_word' id='word_1_1412' title='bbox 217 4045 285 4077; x_wconf 90' lang='lat' dir='ltr'>Dat.</span> <span class='ocrx_word' id='word_1_1413' title='bbox 303 4048 377 4085; x_wconf 87' lang='lat' dir='ltr'>apud</span> <span class='ocrx_word' id='word_1_1414' title='bbox 391 4049 682 4084; x_wconf 84' lang='lat' dir='ltr'>Westmonasterium</span> 
     </span>
    </p>
   </div>
   <div class='ocr_carea' id='block_1_36' title="bbox 255 4048 979 4120">
    <p class='ocr_par' dir='ltr' id='par_1_60' title="bbox 255 4048 979 4120">
     <span class='ocr_line' id='line_1_209' title="bbox 691 4048 979 4090; baseline 0.003 -10"><span class='ocrx_word' id='word_1_1415' title='bbox 691 4075 701 4090; x_wconf 92' lang='lat'>,</span> <span class='ocrx_word' id='word_1_1416' title='bbox 722 4050 757 4080; x_wconf 90' lang='lat'>16</span> <span class='ocrx_word' id='word_1_1417' title='bbox 771 4049 816 4082; x_wconf 89' lang='lat' dir='ltr'>die</span> <span class='ocrx_word' id='word_1_1418' title='bbox 829 4048 979 4082; x_wconf 66' lang='lat' dir='ltr'>Otitobris.</span> 
     </span>
     <span class='ocr_line' id='line_1_210' title="bbox 255 4087 728 4120; baseline 0.004 -5"><span class='ocrx_word' id='word_1_1419' title='bbox 255 4087 328 4116; x_wconf 73' lang='lat' dir='ltr'>Tem.</span> <span class='ocrx_word' id='word_1_1420' title='bbox 341 4088 385 4117; x_wconf 82' lang='lat' dir='ltr'>H.-</span> <span class='ocrx_word' id='word_1_1421' title='bbox 402 4089 435 4118; x_wconf 90' lang='lat' dir='ltr'>P.</span> <span class='ocrx_word' id='word_1_1422' title='bbox 453 4092 514 4120; x_wconf 73' lang='lat' dir='ltr'>III.v</span> <span class='ocrx_word' id='word_1_1423' title='bbox 723 4115 728 4117; x_wconf 91' lang='lat'>.</span> 
     </span>
    </p>
   </div>
   <div class='ocr_carea' id='block_1_37' title="bbox 1277 3973 2346 4120">
    <p class='ocr_par' dir='ltr' id='par_1_61' title="bbox 1277 3973 2346 4120">
     <span class='ocr_line' id='line_1_211' title="bbox 1277 3973 2341 4040; baseline -0.003 -34"><span class='ocrx_word' id='word_1_1424' title='bbox 1277 3975 1401 4008; x_wconf 88' lang='lat' dir='ltr'>vestram</span> <span class='ocrx_word' id='word_1_1425' title='bbox 1412 3973 1586 4012; x_wconf 88' lang='lat' dir='ltr'>providimus</span> <span class='ocrx_word' id='word_1_1426' title='bbox 1600 3973 1780 4012; x_wconf 77' lang='lat' dir='ltr'>praesentiam,</span> <span class='ocrx_word' id='word_1_1427' title='bbox 1803 3973 1891 4040; x_wconf 46' lang='lat' dir='ltr'>{uam</span> <span class='ocrx_word' id='word_1_1428' title='bbox 1902 3973 1985 4003; x_wconf 78' lang='lat' dir='ltr'>citius</span> <span class='ocrx_word' id='word_1_1429' title='bbox 2000 3973 2160 4004; x_wconf 77' lang='lat' dir='ltr'>commode</span> <span class='ocrx_word' id='word_1_1430' title='bbox 2175 3975 2341 4013; x_wconf 88' lang='lat' dir='ltr'>poterimus,</span> 
     </span>
     <span class='ocr_line' id='line_1_212' title="bbox 1281 4010 2341 4055; baseline -0.002 -11"><span class='ocrx_word' id='word_1_1431' title='bbox 1281 4013 1433 4051; x_wconf 66' lang='lat' dir='ltr'>destinare,</span> <span class='ocrx_word' id='word_1_1432' title='bbox 1451 4012 1598 4050; x_wconf 77' lang='lat' dir='ltr'>praefatum</span> <span class='ocrx_word' id='word_1_1433' title='bbox 1612 4013 1696 4042; x_wconf 88' lang='lat' dir='ltr'>etiam</span> <span class='ocrx_word' id='word_1_1434' title='bbox 1712 4011 1809 4055; x_wconf 76' lang='lat' dir='ltr'>Magn</span> <span class='ocrx_word' id='word_1_1435' title='bbox 1827 4020 1892 4041; x_wconf 87' lang='lat' dir='ltr'>rum</span> <span class='ocrx_word' id='word_1_1436' title='bbox 1905 4010 2023 4055; x_wconf 70' lang='lat' dir='ltr'>Petrum</span> <span class='ocrx_word' id='word_1_1437' title='bbox 2047 4012 2125 4051; x_wconf 70' lang='lat' dir='ltr'>(qui,</span> <span class='ocrx_word' id='word_1_1438' title='bbox 2143 4021 2258 4050; x_wconf 89' lang='lat' dir='ltr'>propter</span> <span class='ocrx_word' id='word_1_1439' title='bbox 2277 4012 2341 4042; x_wconf 90' lang='lat' dir='ltr'>Ge-</span> 
     </span>
     <span class='ocr_line' id='line_1_213' title="bbox 1283 4049 2346 4120; baseline -0.003 -36"><span class='ocrx_word' id='word_1_1440' title='bbox 1283 4052 1359 4084; x_wconf 86' lang='lat' dir='ltr'>stum</span> <span class='ocrx_word' id='word_1_1441' title='bbox 1379 4053 1458 4083; x_wconf 82' lang='lat' dir='ltr'>suum</span> <span class='ocrx_word' id='word_1_1442' title='bbox 1479 4051 1651 4090; x_wconf 82' lang='lat' dir='ltr'>providum,</span> <span class='ocrx_word' id='word_1_1443' title='bbox 1667 4049 1816 4120; x_wconf 44' lang='lat' dir='ltr'>NobisBik&#39;e</span> <span class='ocrx_word' id='word_1_1444' title='bbox 1831 4049 1957 4119; x_wconf 56' lang='lat' dir='ltr'>2praebuit</span> <span class='ocrx_word' id='word_1_1445' title='bbox 1975 4050 2119 4089; x_wconf 82' lang='lat' dir='ltr'>placidum</span> <span class='ocrx_word' id='word_1_1446' title='bbox 2130 4052 2163 4083; x_wconf 89' lang='lat'>&amp;</span> <span class='ocrx_word' id='word_1_1447' title='bbox 2182 4049 2346 4118; x_wconf 47' lang='lat' dir='ltr'>acceptukrssz</span> 
     </span>
    </p>
   </div>
  </div>
 </body>
</html>
