2562 4279
738 106 849 149 ET
929 106 1197 150 ACTA

1276 104 1750 153 PUBLICA.
2260 128 2335 170 ης

17 201 81 237 Ann
107 200 146 233 D,
203 193 293 228 D'ont
309 208 378 229 vous
389 195 543 236 supplions,
559 196 597 227 les
611 194 660 225 diz
676 194 821 224 Habitanz
838 194 873 224 de
887 192 1039 231 Vermeio,
1057 200 1110 231 pur
1128 202 1197 230 eux,
1215 203 1231 222 e
1269 193 1470 223 intercessionis
1493 196 1628 238 obtentu,
1646 207 1699 234 pro
1714 197 1797 235 ipsius
1820 193 1912 228 Eleffl
1929 194 2106 236 expeditione
2122 196 2238 239 festini,
2259 210 2336 239 quat-
2353 192 2428 229 Aiffi.
2443 193 2484 232 ‘Di

43 227 126 282 13i7,
165 245 236 273 pour
251 245 318 266 touz
332 237 370 266 les
392 246 477 267 autres
490 236 525 265 de
540 235 610 264 Poer
632 232 667 262 de
689 232 823 271 Viscaye,
848 242 902 270 que
923 231 958 261 de
978 232 1066 261 vestre
1089 241 1172 270 grace
1189 232 1226 260 1oe
1757 237 1760 241 ·

14 283 81 310 mv.
97 289 124 308 2.

7 647 84 682 'Ann
98 647 139 679 D.

36 697 68 727 13
77 697 120 725 ¹7·

8 731 60 755 An.
96 737 136 754 io.

6 768 35 793 E.
53 773 78 791 2.

5 807 77 831 Penes

6 840 74 868 cler.

35 876 97 907 Pell.

6 1898 81 1930 Ann.
95 1894 135 1927 D.

30 1945 115 1975 1317.

7 1979 60 2005 An.
78 1985 120 2002 10.

7 2018 75 2043 ΕΛ..

22 2056 63 2080 Ex
79 2055 136 2080 Au-

9 2098 74 2127 ngr.

22 2129 44 2148 ⁴⁵
68 2130 121 2156 111.

42 2169 109 2206 ⁶33·

16 2970 93 3001 Ann.
106 2970 148 3002 D.

37 3018 121 3049 1317.

61 3069 68 3076 .
91 3058 122 3076 ιο

17 3089 48 3113 Ε.
65 3096 91 3115 2.

20 3128 60 3151 Ex
72 3129 131 3154 Au-

19 3168 84 3201 togr.

164 275 276 305 vuilliez
297 276 398 305 outrier
416 285 464 311 per
483 283 539 303 voz
561 272 666 301 Lettres
688 270 828 309 Parentes,
844 280 898 307 que
910 270 946 300 de
962 280 1007 299 ces
1030 271 1125 299 heures
1145 279 1180 300 en
1198 279 1227 298 a-

163 322 248 351 vant,
265 323 316 351 por
337 312 420 352 nuylli
443 311 524 341 forfet
546 320 599 347 que
622 309 658 337 les
680 308 768 338 Genz
788 308 823 338 de
848 308 889 338 Es
903 310 985 345 aigne
1008 307 1100 350 satient
1118 318 1133 337 a
1150 316 1226 350 nouz

162 350 243 381 Gens
255 375 264 389 ,
283 351 331 389 ils,
351 361 386 380 ne
400 351 453 380 lurs
468 350 545 379 biens
562 357 597 376 ne
610 346 635 375 se
655 355 699 376 ent
714 356 804 384 gage,
822 356 857 375 ne
896 356 1012 383 ain-age,
1031 347 1049 374 ii
1071 355 1106 374 ne
1128 345 1225 383 eston,

160 399 196 427 qe
212 399 282 420 ceux
294 398 402 419 memes
415 388 449 418 de
464 385 578 425 Viscaye
592 384 633 415 fui
645 383 692 414 ent
706 395 740 415 au
754 384 874 422 damage
889 384 957 415 faire
971 394 987 414 a
1003 383 1099 414 doner.

162 512 258 546 Quod
280 512 407 546 homines
427 509 463 542 de
481 509 582 556 Bifiay
601 517 800 555 gravantur,
823 516 939 553 propter
960 505 1100 541 delid'i'um
1115 504 1223 553 staebdi-

158 548 205 559 κ
505 567 606 589 torum
630 560 715 603 Regis
740 554 874 599 castella.

191 645 279 676 nclito
291 643 431 681 Principi,
450 642 585 674 Domino
598 641 755 678 Edwardo,
770 640 989 678 consanguineo
1003 641 1069 679 suo,
1088 640 1147 685 Dei
1160 650 1222 685 gra-

160 646 190 707 I
210 685 262 720 tia,
281 681 378 711 Illustri
398 681 474 718 Regi
496 680 626 716 Angliae,
644 680 763 710 lberniae
775 702 784 717 ,
803 679 927 718 Scotiae,
945 680 1023 711 Duci
1045 680 1222 723 Aquitaniae,

159 722 192 752 δε
208 720 335 756 Principi
348 719 384 749 de
399 719 497 756 Galas,
518 718 677 756 Alfonffus,
696 718 796 754 eadem
813 717 916 756 gratis,
930 717 1101 749 Castellae&
1114 717 1222 755 Legio-

159 760 216 797 nis,
239 756 355 803 Toleti,
378 757 523 824 (lialeciffi,
541 755 848 825 Sibillae,saCordubae'¹,
863 756 997 825 jehffnni,
1016 756 1143 825 Algafrbi'i
1158 780 1168 800 ,
1186 765 1220 785 ac

157 795 623 874 {Siglisskpsrffizrlgincresrlidiiiff
633 817 643 833 ,
668 871 673 877 Δ
706 803 780 825 utem
794 816 804 832 ,
838 804 908 825 ucce
934 805 1057 878 numque
1092 805 1121 825 oe
1134 804 1220 826 icium

193 872 317 904 Noverit
330 870 474 901 Celsitudo
492 871 581 902 v'estra
597 871 690 907 Regia
705 871 782 909 quod
798 869 892 902 Infans
905 871 1048 902 Dominus
1064 871 1220 910 Johannes,

156 910 300 942 Dominus
314 909 349 939 de
363 908 506 949 Bisacaye,
524 909 687 940 Avunculus
701 911 734 941 ὃς
750 909 845 940 Tutor
858 910 969 952 noster,
988 910 1021 941 δε
1040 909 1144 940 Custos
1162 910 1221 954 Re-

153 959 278 987 gnorum
292 944 452 978 nostrorum
462 970 472 986 ,
492 958 545 986 pro
561 948 725 986 quibusdam
741 948 855 979 Vaffalis
868 949 919 978 iuis
934 948 970 978 de
977 949 1102 987 Berbeo,
1120 950 1152 980 Sc
1165 948 1221 979 Bil-

155 989 224 1026 bao,
242 987 274 1018 δε
290 985 325 1016 de
337 985 486 1017 Placencia
506 987 539 1018 &
559 987 738 1025 Allegnetio,
758 987 838 1017 Villis
860 987 910 1017 sub
928 987 1072 1018 Dominio
1093 987 1220 1028 Bisacaye

152 1025 324 1062 constitutis,
341 1024 464 1062 exposuit
478 1024 558 1063 quod
571 1025 737 1056 Senescallus
748 1025 837 1055 vester
851 1026 881 1055 in
896 1024 1043 1056 Comitatu
1055 1025 1222 1065 Equitaniae,

150 1064 222 1102 apud
237 1063 440 1108 Burdegalem,
457 1063 531 1108 bona
542 1063 719 1108 Vaisiilorum
734 1063 845 1094 suorum
860 1062 1058 1132 Ρτπθίᾶὴᾱωπι
1074 1064 1222 1133 νέὓέωη),

150 1102 251 1171 3253ss
264 1102 452 1182 siffis
465 1112 504 1184 ἐξ
515 1102 875 1184 iiiiigngcbiffisscffiiiaf
884 1126 924 1171 ³&
940 1113 1222 1182 ἓὲἋῖιέξίῗειῑοῗξὲῗῖ

151 1187 307 1210 tenerentur
329 1178 364 1209 ad
387 1179 607 1210 iatisfaciendum
632 1187 744 1217 propter
766 1179 901 1209 delinitum
931 1178 1091 1210 nostrorum
1117 1179 1221 1211 Valial-

152 1218 368 1295 lor&Li‘iapropter
384 1254 588 1286 Celfitudinem
602 1254 722 1286 vestram
738 1256 902 1292 requirimus
915 1264 960 1293 ut,
978 1254 1078 1285 nostris
1092 1257 1222 1293 precibus

150 1295 356 1332 mediantibus,
375 1294 515 1333 praediCtis
529 1293 644 1324 Vaffalis
658 1294 727 1324 dieti
740 1293 862 1323 Domini
873 1293 890 1332 J
893 1295 1010 1324 ohannis
1024 1293 1128 1325 faciatis
1142 1296 1222 1326 resti-

154 1335 194 1364 tui
209 1334 245 1363 fic
260 1333 364 1371 ablata,
380 1342 410 1363 ut
420 1342 455 1363 ex
471 1333 526 1362 hoc
541 1342 593 1373 pro
606 1332 686 1363 vobis
706 1332 782 1362 idem
807 1331 898 1362 facere
920 1341 1076 1372 teneamur,
1097 1333 1116 1363 si
1140 1335 1223 1373 aliqui

151 1372 189 1402 de
210 1370 304 1402 vestro
325 1371 481 1409 Dominio,
499 1381 547 1408 per
566 1370 671 1408 aliquos
692 1370 863 1408 Regnorum
885 1371 1064 1410 nostrorum,
1079 1371 1223 1404 offendant

153 1410 180 1441 se
212 1418 319 1441 ravatos
332 1411 362 1439 in
378 1409 440 1440 casu
456 1409 556 1448 simili,
573 1410 617 1440 vel
631 1409 739 1447 majori.

251 1459 267 1480 a
287 1448 360 1486 apud
382 1447 567 1486 Carrionem,
595 1457 639 1478 12.
659 1448 706 1479 die
727 1447 835 1479 Mensis
856 1448 975 1487 Aprilis,
1021 1458 1079 1479 nno
1132 1451 1225 1482 omini

240 1457 251 1479 t
992 1448 1019 1479 A
1098 1448 1130 1480 D

157 1496 242 1528 1317.

194 1564 446 1643 IncliltDooFii-‘incipss
465 1604 579 1634 Domino
598 1603 740 1641 Edoardo,
758 1602 955 1643 Confizngus‘neo
963 1602 1029 1643 fito,
1047 1607 1101 1633 Dei
1110 1605 1225 1643 gratid,

240 1641 344 1681 Illustri
368 1645 432 1679 Regi
457 1641 589 1680 Angliae,
613 1641 748 1681 Iberniae,
774 1645 887 1680 Scotiae,
911 1645 982 1672 Duci
1007 1645 1168 1682 Equitaniae
1186 1643 1226 1678 ῤ’

229 1682 347 1719 Principi
361 1681 393 1710 a'e
407 1679 502 1710 Galas.

420 1808 622 1853 Aquietantia
637 1817 692 1854 pro
717 1808 828 1841 Annua
853 1805 958 1853 Cenfh.

188 1891 322 1923 Ohannes
337 1891 511 1931 Episcopus,
527 1892 617 1923 servus
631 1892 774 1924 servorum
790 1893 865 1932 Dei,
884 1893 1027 1925 cariffimo
1043 1894 1157 1927 Christo
1171 1895 1230 1927 silio

198 1930 366 1977 edwardo,
385 1930 462 1969 Regi
474 1929 588 1970 Angliae
600 1931 712 1971 illustri,
729 1932 844 1964 salutem
858 1932 1094 1971 &Apostolicam
1109 1935 1229 1966 Benedi-

164 1973 302 2047 auggg,
311 2031 321 2047 ,
338 2006 517 2040 venerabiles
524 2009 628 2040 Fratres
641 2007 903 2053 nostri,·Johannes
912 2010 1123 2054 Norwicensis,
1140 2013 1231 2052 &Jo-

160 2048 263 2079 hannes
278 2047 409 2085 Elienfls,
428 2047 578 2087 Episcopi,
595 2058 647 2085 ac,
664 2048 761 2079 dileeti
774 2049 854 2087 Filii,
872 2049 995 2079 Nobiles
1006 2049 1086 2088 Viri,
1104 2051 1231 2082 Ademae

161 2097 204 2118 rus
217 2086 252 2116 de
267 2085 391 2116 Valentia
405 2084 514 2116 Comes
529 2087 548 2105 ²*
565 2086 764 2124 Pembrokiae,
781 2088 814 2117 ὃς
829 2087 1039 2117 Bartholomeus
1053 2087 1089 2117 de
1105 2088 1231 2120 Baddels-

164 2135 225 2156 mer
249 2122 351 2161 Miles,
377 2133 409 2153 ac
430 2123 475 2153 alii
496 2123 609 2154 Nuncii
633 2125 673 2154 tui
688 2125 722 2155 ad
746 2125 850 2155 Sedem
868 2125 1063 2162 Apostolicam
1086 2126 1230 2166 destinati,

161 2164 298 2195 Annuum
313 2161 437 2205 Censum
450 2161 533 2192 Mille
550 2162 733 2193 Marcharum
752 2162 968 2210 sterlingorum,
987 2172 1077 2201 perte
1094 2167 1178 2209 nobis
1196 2167 1230 2197 &

161 2202 305 2233 Romanae
319 2200 469 2243 Ecclesiae.
486 2210 538 2238 pro
553 2199 661 2237 Regno
677 2200 804 2240 Anghae,
824 2201 857 2231 &
877 2200 971 2245 Terra
993 2201 1127 2234 Yberniae
1149 2204 1229 2235 debi-

160 2247 238 2284 tum·
256 2223 974 2307 pressimus?uiscirsfiffssissme
992 2240 1229 2311 {simmae

161 2278 296 2347 ssgdigiiiss
311 2287 342 2345 i3
356 2286 685 2345 Feffingsurreffiomsa
694 2287 880 2352 Doiniiiic‘ae,
899 2288 1077 2347 imlinffdiciteo
1084 2292 1229 2358 ²sequentiff,¹

161 2354 281 2385 debebat
310 2353 424 2390 exsolvi)
449 2363 498 2391 per
523 2362 634 2391 manus,
652 2353 820 2384 dilec‘torum
838 2353 971 2384 Filiorum
987 2378 997 2392 ,
1021 2353 1173 2392 Reginaldi
1191 2358 1227 2389 de

161 2393 322 2440 Lptringe,
341 2402 374 2422 ac
387 2391 470 2422 Gerii
486 2390 678 2447 Ardinghelli,
695 2391 731 2422 de
745 2391 873 2422 societate
891 2391 1045 2447 l3ardorum
1061 2394 1096 2425 de
1112 2395 1228 2427 Floren-

160 2429 910 2512 ωέεὲἓᾚῗὲ,ἒῗᾚἓοὲἑξῑῗἏΠᾸΞέῗῗΞἏΓῗὲὲῑῖωέἑῑέ
930 2471 1013 2501 nous
1028 2472 1066 2515 ¹&
1086 2473 1230 2510 praedietae

162 2507 307 2539 Romanae
321 2506 453 2538 Eccleliae
468 2507 579 2544 integre
591 2505 773 2551 satisfactum,
792 2515 888 2552 tenore
908 2509 1085 2546 praesentium
1099 2511 1230 2549 profiten-

160 2554 200 2577 tes
236 2547 283 2577 has
298 2546 429 2584 Litteras,
446 2545 525 2576 Bulla
540 2544 636 2576 nostra
650 2555 785 2584 munitas,
802 2547 870 2584 tibi,
887 2547 921 2578 ad
936 2548 1071 2579 cautelam
1080 2557 1175 2590 tuam,
1193 2552 1227 2583 ὃς

160 2569 246 2625 geiiae
261 2585 300 2616 rei
315 2585 501 2623 memoriam,
518 2583 648 2615 duximus
659 2584 864 2615 concedendas.

197 2623 266 2655 Dat.
280 2623 416 2655 Avinion.
430 2624 491 2655 idus
504 2622 625 2663 Aprilis,
642 2622 824 2654 Pontificatfis
837 2623 924 2654 nostri
939 2624 1025 2657 Anno
1039 2626 1140 2663 primo.

834 2704 888 2735 Sub
897 2702 957 2746 filis
974 2706 1100 2738 canebeis.

167 2843 256 2876 Bulla
289 2845 325 2878 de
353 2847 490 2893 Responsb
522 2845 561 2880 ab
593 2847 710 2881 crebras
730 2848 948 2894 requisitiones,
974 2857 1030 2893 pro
1053 2850 1232 2897 expeditione

561 2897 658 2930 Elem
681 2895 829 2930 Eborum.

198 2977 332 3010 Ohannes
351 2979 521 3019 Episcopus,
547 2981 608 3011 &a
632 2981 771 3012 carissimo
791 2983 819 3013 in
835 2982 952 3014 Christo
974 2983 1047 3015 Filio
1067 2984 1229 3025 Edwardo,

215 3017 292 3054 Regi
306 3019 422 3056 Anglize
437 3019 551 3057 illustri,
569 3019 682 3049 salutem
698 3022 731 3050 ὃς
742 3021 937 3058 Apostolicam
952 3023 1191 3055 benedictionem.

252 3055 346 3095 Tuas,
366 3057 434 3095 Fili,
451 3059 608 3096 frequenter
623 3060 780 3095 recepimus
795 3060 926 3098 Litteras,
944 3071 995 3098 pro
1016 3062 1100 3092 celeri
1119 3063 1232 3101 expedi-

168 3094 261 3162 tffinfi,
276 3095 374 3164 giledgti
398 3096 478 3135 Filii,
505 3095 638 3134 Magistri
659 3096 817 3128 Guillielmi
842 3098 877 3128 de
899 3098 1031 3139 Melton,
1050 3100 1233 3132 Eboracensis

206 3143 221 3162 e
252 3143 261 3162 i
296 3144 335 3163 ire
368 3145 404 3165 as.

207 3171 295 3209 Sane,
313 3172 365 3202 Fili
379 3173 535 3212 cariffime,
554 3173 622 3205 scire
634 3175 680 3205 Te
695 3174 839 3213 volumus,
857 3175 936 3213 quod
958 3187 1009 3207 nos
1030 3177 1097 3216 ipfi,
1115 3187 1232 3216 compa-

168 3210 266 3239 tientes
287 3209 435 3250 Ecclesiae,
453 3213 536 3243 veluti
560 3223 623 3251 quae
641 3215 701 3251 jam
723 3214 773 3244 sub
793 3215 990 3251 expectationis
1010 3215 1126 3246 diutinae
1147 3217 1232 3247 taedio

167 3248 293 3285 languit,
317 3249 413 3279 solatio
431 3250 558 3282 destituta
582 3251 716 3289 Pastoris,
739 3252 880 3290 multaque
901 3253 1019 3291 proinde
1041 3254 1162 3293 perpeffii
1180 3256 1231 3286 fuit

167 3286 325 3324 dispendia,
343 3298 357 3317 a
371 3289 468 3325 quibus
484 3290 611 3321 nondum
626 3290 715 3321 existit
728 3292 879 3330 immunis,
894 3292 1002 3323 causam
1021 3293 1100 3330 ipfius
1120 3293 1230 3333 Elem,

168 3325 330 3356 Venerabili
346 3325 431 3356 Fratri
451 3327 562 3365 nostro,
585 3328 621 3359 Α.
639 3328 780 3367 Episcopo
800 3329 949 3361 Albanensi
969 3332 1164 3362 commisimus
1181 3343 1230 3363 au-

166 3363 302 3394 diendam
323 3363 470 3395 summarie
483 3367 517 3397 &
536 3367 572 3397 de
593 3366 693 3406 piano,
718 3378 770 3405 ac,
787 3367 893 3399 sublatis
908 3368 1080 3407 judiciorum
1100 3371 1230 3402 anfracti-

168 3404 237 3441 bus,
255 3401 308 3431 fine
321 3401 418 3432 debito
431 3404 646 3435 terminandam:

202 3441 238 3472 Et
253 3440 453 3472 nichilominus
465 3442 558 3473 eidem
578 3444 764 3482 injunximus,
779 3452 809 3475 ut
823 3446 853 3474 in
868 3445 950 3477 causa
970 3445 1042 3485 ipsa,
1062 3457 1130 3478 cum
1148 3449 1229 3478 omni

167 3480 224 3518 qua
240 3478 329 3516 posset
345 3479 498 3522 celeritate,
515 3482 674 3518 procederet
686 3483 788 3521 absque
798 3483 912 3521 justitiae
925 3485 1051 3516 laefione:

203 3518 272 3548 Nec
293 3517 367 3548 aliud
382 3528 457 3548 circa
477 3518 505 3548 id
522 3519 595 3556 juste
616 3522 774 3560 potuimus,
797 3522 843 3553 vel
862 3522 1008 3554 debuimus
1030 3523 1139 3563 facere,
1157 3535 1227 3556 cum

165 3565 227 3586 non
238 3555 334 3586 deceat
347 3567 398 3586 nos
412 3557 531 3595 querelas
545 3560 749 3595 opponentium
756 3583 767 3599 ,
784 3570 849 3599 quae
857 3560 971 3599 justitiae
983 3563 1065 3593 inniti
1078 3563 1226 3603 videntur,

166 3594 252 3625 surdis
264 3596 372 3625 auribus
387 3595 552 3632 pertransire.

205 3632 284 3663 Cum
298 3634 405 3671 itaque,
424 3633 493 3672 Fili,
512 3643 608 3678 preces
619 3642 676 3666 tuas
688 3644 821 3674 quantum
832 3648 900 3669 cum
914 3638 981 3670 Deo
994 3639 1120 3678 licuerit,
1138 3640 1172 3672 &
1185 3651 1225 3672 ra-

167 3671 226 3710 tio,
245 3673 379 3709 aequitatis
394 3673 502 3710 amica,
520 3680 676 3712 permittet,
694 3676 777 3712 parati
790 3676 880 3708 sumus
894 3677 927 3707 ad
943 3679 1061 3715 gratiam
1072 3678 1227 3710 exauditio-

168 3711 210 3740 nis
221 3709 379 3749 admittere;
397 3719 452 3741 tuae
461 3733 471 3749 ,
490 3710 657 3749 quaesumus,
675 3713 827 3749 prudentiae
841 3715 1021 3746 mansuetudo
1034 3716 1152 3746 moleste
1165 3728 1226 3748 non

168 3747 253 3786 ferat,
271 3749 290 3778 fi
301 3750 376 3778 circa
391 3749 555 3779 celeriorem
570 3750 773 3786 expeditionem
788 3754 868 3790 ipsius
884 3753 975 3785 Eleeti
987 3755 1059 3785 votis
1073 3755 1112 3785 tui
1128 3757 1227 3794 nequi-

168 3787 263 3854 ἔῇξιυε
275 3797 409 3826 annuere,
422 3788 490 3826 juris
510 3788 680 3825 impediente
694 3787 805 3830 debito,
821 3793 854 3823 ὃς
874 3792 934 3831 lege
956 3791 1146 3824 Conscientiae
1161 3804 1228 3832 pro-

189 3834 198 3853 1
219 3833 290 3854 ente.
1021 3852 1023 3854 .

208 3863 378 3902 Quanquam
396 3866 492 3903 enim,
511 3873 643 3895 SUPRA
659 3863 728 3903 Jus
748 3873 910 3907 POSITI,
936 3876 1058 3899 SIMUS
1078 3880 1097 3899 A
1113 3870 1223 3909 June

170 3909 184 3930 s
194 3909 240 3930 01„
250 3909 270 3930 υ
281 3910 303 3930 τ
313 3911 341 3941 1,
360 3913 418 3932 non
433 3904 592 3940 ignoramus
604 3912 698 3934 tamen
718 3904 756 3932 eo
775 3907 865 3942 magis
879 3917 929 3937 nos
949 3907 1136 3939 observationi
1144 3909 1225 3948 justi-

170 3939 218 3980 tiae
231 3939 301 3975 apud
320 3939 482 3971 Dominum
499 3942 653 3979 obligatos,
671 3950 729 3980 quo
750 3941 786 3973 de
807 3945 914 3982 majore
934 3945 1069 3983 potestate
1090 3947 1225 3986 percepti?⁴

170 3983 304 4006 rationem
320 3978 432 4009 reddere
447 3988 573 4011 tenemur
586 3981 685 4011 eidem.
765 3997 768 4000 ⁴

188 4012 315 4083 Τῖἑηῇῑ
327 4025 425 4094 ἕῗῑῗη
438 4019 554 4052 indubie
576 4027 622 4054 tua
642 4016 820 4060 Sublimitas,
838 4020 917 4060 quod
923 4043 934 4061 ,
952 4020 1055 4063 Regiae
1075 4024 1226 4063 praesertim

1270 240 1384 272 cunque
1402 231 1471 275 iuste
1485 242 1653 276 poterimuS,
1668 246 1856 273 perquiremus
1869 246 2005 274 oportuna
2018 237 2160 276 remedia,
2178 239 2211 269 ὃ(
2226 242 2335 280 perqui-

1270 270 1314 298 lita
1331 278 1470 306 promptis
1483 270 1626 301 :iffi-eribus
1639 283 1817 309 apponemus.

1306 305 1372 338 Dat.
1386 307 1522 338 Avinion.
1539 318 1582 338 12.
1598 309 1660 340 Kal.
1678 311 1768 349 Maii,
1786 311 1967 344 Pontificatfis
1980 313 2067 344 nostri
2083 314 2169 345 Anno
2182 315 2288 353 primo,

1949 389 2003 421 Sub
2019 389 2077 431 filis
2096 391 2227 421 canabeis.

1371 529 1489 560 Civitas
1512 531 1623 562 Baionae
1647 532 1803 575 queritur,
1828 531 1863 564 de
1884 530 1993 576 astutia
2019 535 2216 569 Gallicorum.

1265 609 1616 679 SEreniffimoPrincipi
1625 637 1634 651 ,
1649 624 1682 644 ac
1704 624 1803 645 eorum
1816 615 1948 646 Domino
1961 618 2107 658 Naturali,
2125 616 2260 651 Domino
2271 620 2329 651 Ed-

1322 650 1436 688 wardo,
1455 650 1513 680 Dei
1530 652 1635 689 gratia,
1651 652 1727 690 Regi
1742 654 1872 691 Angliae,
1891 654 2025 686 Domino
2042 659 2204 696 Hiberniae,
2223 670 2255 690 ac
2266 659 2330 690 Du-

2372 244 2458 275 1317i

2351 276 2418 302 Ειζν.
2437 285 2465 306 24

2349 615 2423 650 Ann.
2438 613 2478 651 D,

2369 668 2401 698 13
2409 668 2420 688 x
2428 667 2453 696 7.

1265 687 1291 716 ci
1308 687 1504 727 Aquitanniae,
1521 689 1578 725 ejus
1593 690 1703 728 devoti,
1721 690 1816 729 Major
1839 692 1872 722 &
1892 692 1980 730 Jurati
1999 695 2129 727 Civitatis
2143 697 2272 736 Baionae,
2290 698 2330 729 sa-
2348 701 2400 724 An.
2421 707 2466 732 102

1262 724 1367 763 lutem,
1385 727 1418 757 ὃς
1434 737 1502 756 cum
1521 728 1783 766 recomendatione,
1800 740 1834 759 ac
1856 731 1912 768 ejus
1934 732 2048 768 pedibus
2060 734 2158 772 Regiis
2172 736 2330 767 inclinatos.
2348 739 2378 762 Ε·
2400 745 2425 762 2·

1300 763 1406 795 Vestrae
1422 765 1601 796 Excellentiae
1615 766 1713 805 Regiae
1726 767 1791 797 serie
1808 765 1989 799 Praesennum
2002 771 2160 812 intimetur,
2178 785 2266 812 nuper
2282 784 2330 804 ex·
2345 778 2419 801 Penes

1262 802 1411 833 cellentem
1434 803 1594 842 Principem
1610 828 1619 843 ,
1646 805 1809 835 Dominum
1835 806 1949 842 Regem
1973 808 2095 839 Franciae
2119 812 2151 841 ὃς
2176 812 2330 851 Navarrae,

1262 841 1343 870 nobis
1361 841 1411 872 suis
1428 841 1536 872 Litteris
1557 842 1731 874 demandasse
1751 843 1829 884 quod
1851 844 1947 874 Bituris
1970 847 2140 878 mitteremus
2163 850 2328 882 sufficientes

1262 878 1389 915 personas
1404 879 1533 911 Civitatis
1545 881 1647 912 nostrae
1655 904 1665 920 ,
1681 882 1758 919 super
1772 878 1969 913 reformatione
1984 884 2080 922 Regni
2095 885 2117 915 F
2119 890 2236 927 ranciae,
2256 898 2328 920 tran-

1262 917 1384 954 quilitate
1399 918 1538 949 Villarum
1553 919 1672 958 ejusdem
1685 921 1718 950 ὃ(
1736 929 1874 950 monetae:

1301 956 1378 994 Qae
1393 956 1506 994 quidem
1523 958 1646 995 personae
1664 958 1794 989 haberent
1808 957 1947 990 sufficiens
1968 961 2127 992 mandatum
2142 985 2152 1001 ,
2169 966 2247 1001 quod
2268 966 2327 997 Or*

1262 992 1384 1032 dinatio,
1402 1005 1449 1032 per
1466 1004 1518 1025 'eos
1538 997 1609 1026 inibi
1625 996 1712 1035 fafita,
1733 997 1812 1027 firma
1827 998 1860 1028 &
1882 998 1973 1029 valida
1990 1008 2144 1030 remaneret
2166 1003 2242 1039 super
2258 1015 2330 1041 prae-

1262 1031 1344 1061 dietis
1361 1032 1509 1071 Negotiis,
1527 1032 1560 1065 ὃ(
1576 1035 1762 1072 quorumdam
1777 1035 1894 1066 aliorum
1911 1037 1952 1066 ibi
1966 1039 2085 1069 minime
2096 1040 2294 1076 expressorum:

1300 1071 1319 1089 *ί
1336 1070 1453 1109 Nosque
1470 1072 1519 1102 fibi
1533 1072 1717 1110 rescripsimus
1732 1074 1828 1112 quod,
1848 1076 1916 1105 cum
1931 1076 2012 1106 simus
2031 1078 2197 1108 immediate
2214 1079 2327 1117 subjeeti

1263 1107 1363 1139 vestrae
1380 1108 1481 1147 Regiae
1496 1110 1650 1150 Majestati,
1673 1112 1773 1149 absque
1785 1112 1897 1143 laefione
1907 1115 1974 1151 juris
1987 1115 2089 1154 vestri,
2107 1117 2231 1146 interesie
2256 1118 2329 1149 Bitu-

1263 1147 1298 1176 ris
1312 1148 1433 1178 minime
1446 1149 1633 1187 debebamus,
1652 1150 1701 1180 nisi
1718 1150 1805 1181 vestra
1820 1152 1944 1182 voluntas
1960 1154 2088 1189 primitus
2111 1156 2306 1186 intervenislet.

1302 1185 1382 1224 Qas
1393 1188 1511 1217 rationes
1525 1188 1673 1225 praedictus
1687 1188 1830 1219 Dominus
1846 1190 1908 1220 Rex
1924 1190 2049 1222 Franciae
2064 1193 2097 1223 &
2112 1193 2250 1225 Navarrae
2272 1195 2335 1225 nul-⁷

1264 1222 1303 1253 las
1318 1225 1351 1254 &
1365 1224 1476 1255 frivolas
1490 1227 1638 1264 reputavit:

1305 1260 1423 1301 Propter
1439 1265 1515 1302 quod
1531 1264 1697 1296 secundario
1714 1266 1795 1296 nobis
1809 1265 1935 1298 distriete
1950 1277 1999 1305 per
2012 1268 2068 1299 suas
2086 1269 2199 1301 Litteras
2217 1272 2332 1303 manda-

1265 1301 1323 1339 vit,
1343 1310 1390 1340 ut,
1415 1304 1445 1332 in
1464 1303 1575 1334 instanti
1594 1303 1696 1334 Mense
1717 1303 1847 1343 Paschae,
1867 1305 1996 1344 Parisius,
2009 1309 2084 1345 juxta
2106 1310 2189 1346 primi
2212 1310 2333 1341 mandati

1265 1341 1487 1408 cgntinentiam,
1505 1343 1695 1382 mitteremus5
1714 1353 1771 1381 quo
1792 1352 1925 1381 praetextu
1947 1355 2005 1375 non
2028 1344 2163 1376 cessamus
2184 1350 2333 1379 modicum

1266 1389 1281 1408 a
1302 1388 1403 1410 mirari.

1303 1416 1435 1449 volentes
1454 1427 1547 1450 tamen
1569 1420 1745 1458 prospicere,
1764 1427 1793 1451 ut
1812 1429 1957 1460 tenemur,
1975 1421 2071 1452 vestro
2092 1422 2211 1462 honori,
2231 1425 2333 1456 vestra·-

1266 1464 1321 1493 que
1331 1457 1392 1493 jura
1415 1456 1518 1488 servare
1541 1459 1659 1490 totaliter
1680 1460 1798 1497 illibata,
1825 1461 1893 1491 ficut
1910 1459 1997 1490 nostri
2017 1460 2234 1492 Praedecessores
2251 1465 2334 1494 etiam

1266 1495 1481 1534 consueverunt,
1499 1498 1616 1534 proinde
1632 1497 1730 1528 vestrae
1749 1497 1928 1528 Excellentiae
1946 1499 2065 1538 Regiae,
2089 1500 2152 1531 haec
2176 1500 2337 1537 iignificano

1266 1540 1321 1571 teS,
1338 1536 1504 1565 reverentius
1519 1535 1702 1573 supplicamus
1719 1545 1766 1574 ut,
1784 1537 1852 1566 cum
1872 1547 1924 1574 pro
1945 1538 2052 1568 honore
2071 1539 2104 1568 &
2125 1539 2336 1571 conservatione

1263 1571 1332 1608 juris
1346 1572 1444 1610 vestri,
1463 1582 1531 1603 cum
1545 1574 1745 1612 indempnitate
1760 1575 1847 1604 nostri
1871 1575 2027 1606 vestrorum
2048 1577 2224 1608 subditorum
2249 1578 2337 1609 devo-

1267 1617 1378 1648 torum,
1395 1611 1552 1649 dignemini
1568 1612 1666 1642 salubri
1678 1613 1804 1643 remedio
1818 1614 1981 1652 providere,
2000 1615 2037 1644 fic
2053 1616 2131 1652 quod
2150 1616 2196 1646 tali
2212 1617 2338 1647 occasio-

1266 1658 1318 1687 ne,
1336 1648 1381 1679 seu
1394 1650 1494 1688 fimili,
1512 1650 1661 1688 praedidtus
1677 1651 1818 1681 Dominus
1835 1651 1897 1681 Rex
1912 1652 2035 1683 Franciae
2056 1655 2089 1684 &
2110 1654 2145 1684 N
2147 1663 2267 1694 avarrae,
2284 1666 2338 1686 nos

1269 1686 1305 1717 de
1321 1696 1424 1718 caetero
1439 1698 1499 1718 non
1523 1697 1636 1728 urgeat,
1654 1699 1744 1727 neque
1764 1698 1861 1728 vexet,
1878 1701 1931 1720 nec
1951 1691 1999 1720 sub
2016 1701 2148 1729 praetextu
2166 1693 2267 1724 coloris
2288 1694 2338 1725 ali-

1269 1726 1348 1763 cujus
1361 1726 1431 1756 boni
1445 1737 1515 1765 nos,
1535 1729 1583 1765 qui
1598 1727 1689 1758 sumus
1708 1729 1863 1766 simplices,
1882 1728 2017 1766 posiimus
2033 1730 2127 1768 decipi
2144 1742 2192 1769 per
2206 1732 2337 1763 astutiam

1268 1763 1462 1804 Gallicorum,
1479 1767 1652 1804 praestantius
1666 1766 1734 1796 cum
1750 1766 1828 1797 idem
1844 1766 1909 1797 Rex
1932 1767 2058 1798 Franciae
2080 1769 2113 1799 &
2136 1770 2288 1809 Navarrae,
2306 1780 2338 1803 ut

1270 1802 1409 1834 credimus
1423 1827 1433 1842 ,
1455 1805 1485 1834 in
1507 1806 1588 1835 nobis
1609 1804 1715 1835 nullam
1740 1805 1839 1836 habeat
1852 1805 2100 1845 Jurisdiffimrem,
2123 1809 2173 1839 nisi
2194 1819 2242 1846 per
2263 1812 2339 1840 viam

1270 1841 1318 1879 Ap
1339 1841 1488 1880 ellationis,
1506 1844 1551 1873 seu
1566 1842 1687 1873 Resorti.

1308 1851 1384 1910 gene
1397 1882 1430 1911 &
1446 1881 1493 1911 diu
1510 1881 1597 1913 valeat
1611 1881 1702 1912 vestra
1716 1881 1812 1919 Regia
1827 1882 1959 1921 Majestas
1972 1882 2088 1913 feliciter
2101 1884 2134 1914 &
2149 1885 2178 1914 in
2194 1884 2324 1922 longum.

1310 1917 1378 1949 Dat.
1392 1919 1518 1958 Brionae,
1535 1920 1581 1950 die
1598 1919 1754 1959 Mercurii,
1769 1930 1832 1951 ante
1853 1921 1966 1952 Festum
1981 1922 2052 1951 beati
2070 1922 2185 1952 Marchi
2208 1923 2341 1963 Evangeff

1271 1955 1340 1988 listae
1348 1980 1359 1997 ,
1377 1958 1464 1990 Anno
1482 1958 1607 1990 Domini
1620 1958 1775 1990 Millesimo
1786 1959 1991 1991 trescentesimo
2004 1960 2120 1991 decimo
2133 1961 2259 1999 septimo.

1377 2034 1463 2066 Dors.

1308 2074 1469 2113 Sereniffimo
1482 2076 1601 2112 Principi
1616 2086 1648 2104 ac
1661 2086 1749 2105 eorum
1770 2078 1886 2106 Domino
1907 2076 2070 2115 Edwurdo,
2090 2079 2145 2106 Dei
2155 2078 2253 2114 gratid
2263 2101 2272 2116 ,
2288 2080 2343 2109 Re-v

1341 2115 1369 2150 gi
1388 2112 1519 2151 Angliae,
1534 2116 1649 2144 Domino
1667 2114 1824 2153 Hiberniae,
1843 2114 1882 2150 ὠ·
1899 2118 1972 2144 Duci
1990 2118 2165 2154 Aquitaniae.

1973 2198 2068 2209 ,ἐὴ

2272 2205 2339 2219 Ὗ

1301 2255 1351 2288 Dc
1372 2253 1556 2287 certiorando
1580 2258 1688 2303 Regem
1713 2257 1944 2338 &UConcilium
1971 2256 2007 2290 de
2030 2261 2160 2303 captione
2186 2260 2311 2292 Comitis

1770 2306 1872 2337 ltoniae.

1271 2385 1408 2445 REX,
1423 2384 1527 2420 dilecffm
1544 2390 1577 2420 &
1592 2387 1666 2421 fideli
1681 2389 1744 2429 suo,
1762 2387 1886 2428 Rogero
1898 2388 1934 2421 de
1956 2389 2076 2422 Mortuo
2092 2387 2167 2422 Mari
2192 2390 2226 2422 de
2239 2392 2338 2432 Wyg-

1345 2437 1479 2467 gemore,
1506 2427 1624 2459 Custodi
1652 2429 1751 2460 Terrae
1775 2429 1829 2460 suae
1853 2429 2016 2468 Hiberniae,
2044 2440 2076 2460 ac
2096 2430 2193 2460 locum
2208 2430 2295 2461 nostri
2313 2433 2341 2461 in

1271 2463 1371 2496 eadem
1386 2468 1510 2505 tenenti,
1528 2467 1649 2498 salutem.

1308 2504 1355 2534 Ad
1377 2515 1453 2535 aures
1472 2505 1576 2536 nostras
1591 2506 1717 2544 pervenit
1738 2503 1835 2544 quod,
1858 2506 1976 2536 dilectus
1995 2506 2028 2537 &
2046 2505 2134 2537 fidelis
2152 2506 2262 2547 noster,
2290 2508 2344 2538 Ri-

1273 2541 1391 2573 chardus
1404 2543 1439 2574 de
1462 2544 1573 2584 BurgO,
1592 2544 1702 2575 Comes
1724 2545 1872 2583 Ultoniae,
1890 2552 2002 2583 captuS,
2023 2545 2056 2575 δί
2076 2546 2105 2575 in
2126 2544 2226 2577 Castro
2248 2546 2345 2577 nostro

1272 2579 1420 2612 Dubliniae
1432 2582 1577 2613 detinetur.

1310 2619 1364 2659 Et,
1382 2622 1463 2659 quia,
1482 2622 1502 2652 fi
1515 2623 1551 2652 ita
1565 2621 1611 2661 fit,
1628 2621 1705 2659 super
1721 2621 1810 2652 modo
1823 2622 1856 2652 δε
1872 2621 1953 2653 causa
1972 2622 2108 2660 captionis
2122 2623 2155 2653 ὅτ.
2179 2623 2345 2655 detentionis

1272 2657 1352 2694 ipsius
1368 2658 1494 2690 Comitis
1514 2660 1645 2691 volumus
1666 2670 1716 2698 per
1732 2670 1782 2690 vos
1801 2659 1879 2691 effici
1899 2661 2030 2690 certiores
2045 2683 2054 2697 ,
2078 2662 2158 2691 vobis
2179 2662 2343 2694 mandamus

1271 2696 1351 2733 quod
1360 2721 1370 2737 ,
1388 2699 1493 2729 vocatis
1506 2697 1558 2728 illis
1571 2698 1607 2729 de
1628 2698 1765 2729 Concilio
1778 2699 1874 2729 nostro
1889 2699 2006 2736 partium
2019 2699 2153 2742 illarum,¹
2165 2710 2233 2737 quos
2256 2700 2345 2731 duxe-

1271 2735 1330 2765 ritis
1344 2737 1521 2775 evocandos,
1539 2747 1591 2768 vos
1603 2737 1681 2775 super
1693 2737 1776 2767 causis
1798 2738 1935 2775 captionis
1954 2738 1987 2767 ὅ(
2001 2737 2167 2767 detentionis
2187 2738 2267 2775 ipsius
2279 2739 2342 2769 Co-

1271 2775 1362 2813 mitis,
1382 2776 1415 2806 &
1427 2786 1476 2813 per
1490 2785 1574 2814 quos,
1593 2777 1626 2807 &
1639 2785 1732 2806 utrum
1748 2785 1800 2813 pro
1822 2775 1919 2805 nostro
1939 2775 2048 2805 honore
2061 2776 2094 2806 &
2113 2777 2293 2816 commodo,
2308 2788 2344 2808 ac

1271 2822 1341 2852 pace
1355 2814 1388 2845 &
1404 2814 1587 2851 tranquilitate
1602 2815 1701 2845 Terrae
1717 2813 1821 2844 nostrae
1835 2814 1999 2852 Hiberniae,
2019 2814 2110 2851 magis
2123 2815 2248 2852 expediat
2263 2816 2342 2853 quod

1272 2851 1424 2890 praediCtus
1445 2852 1552 2883 Comes
1569 2853 1602 2883 ad
1619 2863 1669 2882 nos
1684 2853 1714 2882 in
1730 2850 1868 2889 Angliam
1889 2852 2103 2889 transmittatur,
2120 2854 2164 2883 vel
2185 2854 2291 2883 ibidem
2312 2856 2343 2885 in

1271 2889 1353 2920 dieto
1367 2890 1469 2921 Castro
1482 2890 1581 2921 nostro
1596 2891 1766 2929 detineatur,
1786 2890 1879 2920 modis
1900 2892 1934 2922 &
1950 2891 2002 2922 viis
2017 2891 2152 2922 omnibus
2170 2892 2270 2929 quibus
2290 2902 2342 2930 po-

1274 2930 1375 2968 teritis,
1394 2931 1559 2960 informetis.

1310 2967 1363 3006 Et,
1381 2968 1418 3007 fi,
1437 2978 1486 3006 per
1500 2967 1734 2999 informationem
1749 2967 1926 3006 hujusmodi,
1944 2968 1977 2998 &
2000 2968 2201 2999 avisamentum
2219 2969 2341 3000 vestrum

1272 3007 1434 3037 inveneritis
1452 3006 1531 3047 quod
1553 3007 1611 3045 plus
1632 3006 1775 3051 expediat,
1794 3006 1874 3044 quod
1891 3007 2042 3044 praeditftus
2057 3007 2168 3038 Comes
2190 3007 2224 3037 ad
2245 3018 2294 3037 nos
2312 3009 2343 3037 in

1272 3045 1409 3082 Angli-am
1423 3047 1562 3084 mittatur,
1579 3053 1647 3076 tunc
1662 3044 1750 3083 ipsum
1766 3045 1815 3075 sub
1830 3045 1920 3083 salva,
1936 3044 2048 3083 secura,
2063 3046 2096 3076 &
2117 3045 2226 3075 decenti
2245 3045 2340 3075 custo-

1272 3083 1318 3152 }iia
1334 3083 1368 3114 ad
1384 3094 1436 3114 nos
1454 3085 1483 3114 in
1504 3084 1660 3122 Angli-am,
1676 3093 1745 3114 cum
1758 3084 1841 3113 omni
1863 3083 2001 3114 celeritate
2017 3083 2071 3122 qua
2090 3084 2230 3121 poteritis,
2248 3084 2342 3114 venire

1284 3130 1388 3152 aciatis:

1312 3161 1462 3200 Qoniam
1481 3171 1497 3191 a
1510 3159 1621 3198 jamdiu
1640 3160 1799 3199 voluimus,
1815 3161 1849 3191 &
1872 3159 1964 3190 dietus
1986 3159 2092 3190 Comes
2109 3169 2159 3189 nos
2178 3159 2278 3197 pluries
2298 3169 2341 3191 re-

1271 3200 1381 3237 quisivit
1393 3208 1423 3230 ut
1438 3198 1471 3229 ad
1487 3209 1540 3228 nos
1556 3200 1584 3228 in
1599 3199 1735 3236 Angliam
1751 3198 1840 3236 poiset
1854 3198 1888 3228 de
1904 3199 1997 3228 nostra
2012 3197 2125 3228 licentii
2139 3198 2290 3228 declinare:

1308 3237 1344 3268 Et
1361 3248 1410 3268 nos
1422 3237 1500 3275 super
1516 3237 1604 3267 modo
1618 3238 1651 3268 &
1672 3237 1754 3268 causa
1770 3238 1923 3274 captionis,
1940 3236 2124 3273 arestationis,
2144 3237 2177 3266 &
2198 3236 2337 3267 detentio--⁴

1271 3277 1313 3306 nis
1328 3276 1399 3306 diffl
1415 3275 1556 3314 Comitis,
1574 3277 1607 3307 &
1625 3276 1735 3313 vestre,
1750 3286 1783 3306 ac
1799 3276 1918 3306 aliorum
1928 3297 1937 3312 ,
1955 3274 1989 3304 de
2008 3273 2148 3318 Concilio
2168 3274 2264 3318 nostro
2275 3284 2337 3312 par-

1271 3316 1343 3345 tium
1361 3315 1468 3345 illarum
1484 3314 1654 3345 avisamento
1674 3314 1806 3345 distinffe
1820 3314 1852 3343 &
1868 3314 1962 3350 aperte
1985 3313 2103 3356 reddatis
2126 3322 2272 3350 certiores3
2290 3321 2338 3350 ut,

1270 3353 1337 3384 inde
1353 3354 1510 3391 certiorati,
1526 3353 1639 3383 ulterius
1653 3353 1787 3384 faciamus
1800 3351 1926 3394 quodrde
1941 3350 2071 3381 Coniilio
2084 3351 2195 3388 nostro,
2214 3360 2265 3387 pro
2281 3360 2336 3380 no-

1269 3391 1340 3430 stro,
1358 3392 1392 3422 &
1408 3391 1487 3430 ipsius
1501 3391 1626 3422 Comitis
1642 3391 1767 3429 honore,
1782 3389 1844 3420 fore
1859 3389 2008 3420 Viderimus
2024 3389 2195 3432 faciendum.

1304 3429 1421 3462 Proviso
1435 3430 1541 3468 semper
1557 3429 1635 3468 quod
1648 3430 1683 3460 ad
1706 3429 1936 3459 deliberationem
1952 3428 2022 3457 dieti
2043 3427 2179 3469 Comitis,
2200 3426 2218 3455 si
2239 3433 2336 3471 captus

1270 3468 1316 3507 fit,
1335 3469 1416 3499 nobis
1434 3468 1609 3506 inconsultis,
1628 3477 1675 3505 per
1694 3477 1884 3506 quemquam,
1900 3477 1915 3497 a
1939 3465 2037 3496 Castro
2058 3464 2213 3503 praedicto,
2236 3465 2286 3496 nisi
2303 3474 2333 3497 m

1268 3507 1360 3538 forma
1376 3507 1528 3545 praedidia,
1547 3507 1699 3537 nullatenus
1713 3506 1889 3544 procedatur.

1305 3544 1393 3577 Teste
1413 3545 1496 3586 Rege
1516 3545 1588 3584 apud
1608 3544 1909 3581 westmonasterium,
1926 3551 1974 3582 23.
1995 3541 2041 3571 die
2062 3539 2173 3578 Aprilis.

1370 3664 1401 3692 D
1451 3660 1470 3691 l·
1941 3619 2010 3649 ,Per
2025 3616 2107 3656 ipftcm
2124 3619 2231 3655 Regem:

1402 3669 1450 3701 upp
1461 3667 1524 3691 nat.

1577 3784 1670 3827 Super
1693 3782 1830 3828 Captione
1847 3782 1998 3828 praetaffa.

2351 813 2418 839 Cler-

2368 848 2430 885 Pell,

2376 1077 2396 1098 ἢ*
2411 1075 2466 1106 ῙῙῘΙ

2388 1118 2452 1153 ὀςψη

2363 2392 2438 2424 Ann.
2453 2391 2494 2424 D:

2383 2441 2468 2471 1317.

2364 2475 2414 2500 An.
2433 2481 2475 2501 io.

2365 2514 2393 2536 E.
2409 2520 2435 2536 2.

2367 2549 2452 2583 Claus.

2370 2596 2410 2614 10.
2426 2591 2457 2613 Ε.
2468 2589 2496 2613 2:

2364 2635 2402 2654 m.
2416 2624 2442 2652 8.

2351 3751 2426 3782 Ann.
2443 3749 2483 3785 D.

2371 3800 2456 3831 1317.

2349 3834 2403 3857 An.
2420 3840 2462 3857 10.

1331 3868 1411 3906 EX,
1425 3867 1532 3898 dilecto
1545 3865 1765 3904 Confimguineo
1780 3868 1814 3897 &
1833 3866 1906 3897 fideli
1928 3866 1994 3905 suo,
2012 3867 2131 3908 Rogero
2148 3868 2184 3900 de
2207 3868 2328 3901 Mortuo
2345 3872 2375 3895 Ε·
2393 3877 2419 3895 2-

1350 3906 1476 3937 Maride
1492 3905 1711 3944 Wyggemore,
1728 3905 1850 3935 Custodi
1866 3906 1964 3936 Terrae
1983 3905 2038 3937 suae
2052 3908 2215 3947 Hiberniae,
2232 3919 2266 3940 ac
2286 3909 2328 3939 lo-
2347 3905 2435 3942 Claus.

1265 3955 1333 3977 cum
1349 3945 1427 3975 suurn
1440 3946 1469 3973 in
1480 3943 1576 3973 eadem
1592 3945 1712 3982 tenenti,
1730 3944 1851 3974 salutem.

2351 3954 2392 3970 10.
2404 3948 2433 3972 E.
2450 3947 2479 3971 22

1302 3983 1403 4021 Cum,
1422 3983 1489 4012 ficut
1511 3981 1710 4021 intelleximus,
1728 3981 1825 4012 dileeti
1844 3984 1877 4015 δε
1900 3984 1920 4003 *⁵
1938 3982 2030 4014 fideles
2053 3984 2156 4023 nostri,
2172 3983 2327 4015 Richardus
2345 3991 2381 4011 m.
2404 3981 2432 4008 8-

1262 4023 1299 4057 de
1312 4022 1407 4063 Burgo
1423 4021 1532 4055 Comes
1545 4020 1693 4061 Uitoniae,
1708 4019 1851 4099 Gillvterztus
1865 4021 1901 4055 de
1915 4021 2026 4063 Burgo,
2043 4023 2185 4056 Hubertus
2204 4023 2238 4055 de
2258 4021 2341 4098 Bigg,

2366 4019 2385 4039 ³¹²
2402 4019 2458 4047 ΙΠ-

2384 4058 2454 4095 ⁶35:
