2562 4279
201 126 251 166 18

48 206 126 240 Anii.
142 206 187 238 D.
199 218 318 248 manum
337 207 461 239 nostram
476 206 538 237 fore
552 202 730 235 decrevimus
745 198 898 243 capienda,
915 197 1102 242 donec-idem
1114 194 1269 236 Episcopus

71 255 157 284 1312.
199 249 236 279 de
254 240 401 278 Thermo
413 245 481 276 dieti
495 243 641 275 Genitoris
654 239 746 270 nostri
761 239 904 269 ratiocinia
918 236 1088 268 reddidisset.
1193 273 1198 279 .

49 287 118 314 Edw-
131 294 159 313 ²·
238 287 374 326 Cumque
394 283 580 325 postmodum
600 279 717 319 quidam
737 276 773 307 de
796 276 937 307 Ministris
957 275 1059 307 nostris
1073 297 1083 313 ,
1105 273 1140 306 ad
1159 271 1267 304 Villam

202 326 332 357 nostram
353 321 612 356 Lichefeldensem‚
635 318 672 348 de
690 315 825 347 mandato
843 315 946 347 nostro
964 314 1113 353 specialiter
1130 311 1268 356 acceden7

200 374 242 395 tes
277 364 352 393 bona
370 361 501 401 quaedam
523 358 631 389 ibidem
652 357 683 386 in
696 355 822 387 Ecclesia
834 354 995 386 Cathedrali
1005 377 1014 392 ,
1029 353 1147 382 nomine
1160 351 1268 395 praefati

201 387 353 441 Episcopi,
377 400 517 438 deposita,
535 398 568 428 &
590 395 674 426 dietis
694 393 832 426 Ministris
848 393 967 439 nostris,
977 403 1034 462 ger
1048 386 1206 436 *Ministros
1225 399 1269 427 ip·-

201 442 253 472 sius
266 439 401 471 Eccleliae
414 444 552 476 gratanter
566 433 691 471 ostensa,
709 432 846 474 praesente
858 432 966 463 dileero
1007 431 1094 461 lerico
1108 428 1208 460 nostro
1221 427 1269 458 In-

201 479 314 519 gelardo
334 479 370 509 de
392 475 505 511 &Varlffi
520 472 707 505 Thesaurario
728 471 907 503 Garderobae
926 469 1049 506 nostrae,
1067 468 1104 498 de
1122 474 1269 505 praecepto

200 518 315 556 nostro,
333 517 366 546 ad
386 511 621 551 supervidendum
640 509 714 543 fadi-a
735 510 862 549 ipsorum
883 508 1086 541 Ministrorum
1103 505 1269 537 nostrorum

205 557 330 593 ibidem,
349 552 504 592 cepiffent‚
520 552 553 582 ὃ(
566 551 600 582 ad
615 561 667 581 nos
682 549 862 586 detulissent,
1094 585 1100 591 -
1153 583 1159 588 Δ

241 594 377 632 Idemque
394 590 523 621 Clericus
540 589 655 629 noster,
672 598 707 620 ex
719 587 880 627 hujusmodi
894 587 988 626 ficto,
1005 584 1208 618 conscientiam
1221 582 1272 613 lae-

203 633 260 664 {am
276 632 371 662 afferat
383 630 409 660 se
423 628 545 667 habere,

242 670 352 701 Vestrae
370 668 515 702 Sancititati
527 667 669 699 humiliter
680 666 883 707 supplicamus,
902 665 1027 704 quatinus
1043 663 1137 693 labem
1151 661 1272 703 seu-rna-

203 709 296 740 culam
331 708 351 739 fi
365 717 451 746 quam
463 706 542 739 idem
555 707 683 738 Clericus
696 705 790 736 noster
805 715 840 736 ex
855 703 958 735 eodem
970 704 1062 739 neto,
1081 701 1125 745 seu
1140 699 1207 743 facti
1220 698 1272 742 hu-

201 731 322 787 jusmodi
344 747 493 777 occafione
514 746 699 784 contraxerit,
716 744 752 775 de
771 743 946 789 Apostolicae
964 741 1109 786 potestatis
1123 736 1273 778 plenitudi-

201 796 256 821 ne,
274 784 362 816 nostri
374 786 525 825 rogaminis
538 786 716 822 interventu,
733 793 856 814 omnino
868 783 1025 820 dignemini
1038 778 1150 821 abolere
1159 787 1174 820 :-

241 823 295 863 Et,
321 824 397 862 quod
416 824 505 854 vestra
528 832 640 864 paterna
659 822 835 865 providentia
855 819 1018 865 faciendum
1038 818 1147 850 duxerit
1169 825 1198 844 in
1217 814 1272 844 hac

203 873 297 905 parte,
314 863 422 894 dilecto
437 862 555 893 Clerico
571 863 685 900 nostr0,
706 860 848 899 Magistro
861 859 1023 891 Willielmo
1034 856 1069 887 de
1086 853 1220 886 Maidon.
1235 852 1274 882 la-

205 903 262 935 tori
275 901 474 940 praesentium,
491 902 511 932 si
527 901 650 940 placeat,
669 901 808 931 intimare.

244 979 421 1018 Conservet,
436 979 496 1010 &c.

243 1056 312 1088 Dat.
330 1056 404 1095 apud
420 1054 594 1095 Wyndesor.
613 1063 640 1096 4.
657 1054 705 1085 die
718 1053 908 1085 Novembris.

251 1186 301 1219 De
326 1180 501 1226 Proceffibus
520 1181 611 1229 fhper
633 1180 719 1226 fizflo
746 1178 926 1225 Excefflmm
950 1179 987 1216 (ῤ’
1015 1174 1231 1224 Supprtfiirum

638 1233 670 1262 in
693 1229 851 1275 Vaftom'a.

57 1325 134 1355 Ann.
150 1320 190 1352 D.
209 1316 338 1379 REX
357 1316 517 1348 Venerabili
536 1317 566 1346 in
581 1314 701 1347 Christo
714 1312 804 1353 Patri,
818 1313 872 1344 W.
889 1312 988 1344 eadem
1000 1311 1104 1352 gratia,
1122 1307 1276 1341 Exonienfi

80 1371 165 1403 1312.
291 1356 453 1396 Episcopo,
468 1356 592 1386 salutem.
881 1391 896 1397 ..
1011 1391 1016 1396 ι
1195 1389 1201 1395 ⁴

57 1406 109 1430 An.
125 1403 152 1428 6.
247 1396 324 1434 Qia
346 1395 456 1427 Gentes
478 1394 584 1425 nostrae
597 1416 607 1432 ‚
629 1402 697 1432 quas
716 1401 770 1432 pro
791 1399 911 1431 negotiis
929 1390 1031 1421 nostris
1050 1388 1085 1421 ad
1108 1387 1277 1419 Dominum

58 1445 89 1469 Β.
110 1450 137 1467 2.
208 1433 322 1474 Regem
350 1434 476 1464 Franciae
505 1443 594 1470 nuper
620 1430 820 1474 destinavimus
834 1453 844 1469 ,
869 1430 952 1460 nobis
976 1428 1111 1472 dederunt
1137 1427 1279 1467 intelligi,

58 1478 148 1514 claus.
163 1479 191 1507 6.
229 1473 286 1504 uod
302 1496 313 1511 ,
337 1472 367 1503 in
387 1471 499 1503 instanti
516 1471 704 1502 Parliamento
726 1469 850 1507 eiusdem
868 1469 956 1509 Regis
978 1468 1120 1511 Pariiius,
1138 1466 1280 1511 traetanda

57 1521 90 1545 Ε,
111 1527 139 1544 2.
208 1483 271 1543 sunt
289 1511 402 1550 negotia
420 1510 618 1550 supprisarum,
642 1519 676 1540 ac
697 1510 781 1539 etiam
803 1507 965 1538 exceffuum
1005 1506 1280 1544 inobedientiarum,

211 1551 246 1581 &
268 1551 432 1581 defeetuum
456 1550 539 1580 nobis
559 1549 592 1580 &
617 1547 752 1578 Ministris
774 1546 894 1584 nostris,
914 1548 943 1577 in
965 1530 1082 1577 1⁷)ucatu
1103 1545 1280 1583 Aquitaniae,

211 1599 261 1629 per
275 1589 365 1628 ipsum
380 1588 493 1628 Regem
508 1588 652 1624 Francite,
669 1588 702 1616 &
717 1585 828 1616 Gentes
839 1585 912 1624 suaS,
931 1586 1129 1624 impositorum
1145 1593 1151 1613 t

251 1628 339 1668 Super
357 1628 476 1669 quibuS,
495 1637 592 1658 coram
614 1625 758 1665 Episcopo
772 1625 951 1656 Ambianensi
1073 1623 1163 1654 Com.
1175 1622 1279 1667 Bolon.

211 1667 246 1699 &
265 1677 365 1698 eorum
388 1665 530 1706 Collegis,
547 1676 581 1696 ac
600 1665 659 1694 aliis
676 1664 748 1694 dieti
769 1662 893 1693 Domini
914 1663 1002 1703 Regis
1024 1663 1043 1682 θ’
1059 1661 1282 1700 Commiffariis,

212 1706 312 1737 diversi
327 1704 471 1744 proceffus
485 1705 547 1736 sunt
559 1703 647 1736 habiti
659 1704 743 1733 nobis
756 1701 996 1740 quamplurimum
1009 1700 1206 1744 praejudiciales
1221 1711 1227 1730 :

249 1743 361 1775 Contra
381 1754 469 1783 quos,
488 1753 523 1774 ex
543 1742 720 1774 intimatione
740 1740 820 1779 ipsius
840 1740 929 1780 Regis
942 1741 976 1772 &
992 1739 1112 1771 Conlilii
1126 1739 1182 1778 sui,
1200 1739 1283 1770 dietis

212 1782 356 1814 Gentibus
376 1782 480 1814 nostris
498 1782 589 1820 faeta,
606 1782 725 1812 rationes
750 1780 783 1810 &
804 1780 978 1811 defensiones
991 1779 1100 1811 nostras
1116 1779 1284 1810 haberemus

214 1831 374 1862 proponere
388 1823 417 1852 iri
432 1821 622 1852 Parliamento
635 1819 774 1859 praedi&o
791 1829 797 1848 ι

249 1861 370 1899 Propter
390 1860 471 1900 quod
491 1859 641 1900 quosdam,
659 1858 696 1888 de
717 1858 842 1888 fidelibus
861 1857 981 1895 nostris,
1009 1856 1044 1888 ad
1064 1856 1284 1888 Parliarnentum

211 1899 278 1930 illud
299 1900 413 1930 mittere
454 1899 638 1936 roponimus,
657 1897 794 1927 Domino
808 1896 1006 1932 concedente;

249 1937 342 1969 Vobis
355 1938 387 1968 in
402 1909 458 1968 sicile
473 1937 506 1968 &
521 1936 792 1975 dilefflone,quibus
807 1936 891 1966 nobis
906 1932 1176 1972 teneriiini‚firmiter
1191 1935 1285 1973 injun-

210 1977 305 2017 gimus
320 1977 354 2008 &
369 1975 549 2012 mandamuS,
569 1975 716 2013 quatinus,
733 1976 788 2004 una
803 1983 873 2005 cum
888 1972 1051 2005 Venerabili
1065 1971 1146 2002 Patre
1178 1996 1184 2002 .
1200 1972 1286 2004 Nor-

212 2014 327 2045 wicensi
350 2014 374 2043 E
396 2014 513 2054 iscopo,
530 2014 564 2044 &
585 2013 644 2043 aliis
661 2012 821 2051 jurisperitis
844 2012 957 2050 (quibus
971 2011 1008 2042 de
1022 2011 1103 2040 vobis
1116 2011 1146 2040 in
1177 2012 1209 2042 iis
1222 2011 1285 2042 affi-

213 2051 316 2084 stendo
337 2052 372 2083 de
395 2053 467 2083 imus
489 2052 519 2082 in
544 2050 690 2086 mandatis)
710 2050 910 2081 examinationi
923 2049 1070 2080 diei-orum
1085 2049 1286 2090 processuum,

212 2101 248 2124 ac
270 2093 355 2123 etiam
378 2089 563 2130 processuum
586 2090 659 2120 inter
679 2088 789 2119 dietum
811 2087 990 2119 Norwicen.
1001 2087 1197 2126 Episcopum,
1214 2088 1286 2120 dile-

212 2129 277 2162 &os
298 2131 331 2162 ὃς
350 2129 444 2161 fideles
465 2128 593 2166 nostros,
608 2127 775 2166 Johannem
794 2126 830 2158 de
850 2126 991 2158 Britannia
1010 2126 1161 2157 Comitem
1177 2127 1288 2158 Riche-

210 2170 341 2200 mundiae
364 2167 617 2200 Conssinouineum
638 2165 768 2197 nostrum
791 2165 983 2204 kariffimum,
1000 2164 1170 2196 Guidonem
1184 2165 1289 2206 Ferre,

213 2208 249 2239 &
268 2207 461 2238 Willielmum
479 2193 552 2250 Trige
570 2209 635 2245 (pro
658 2205 743 2236 nobis
762 2205 795 2236 &
810 2204 911 2236 nostro
924 2204 1053 2241 nomine)
1068 2213 1102 2234 ac
1116 2205 1208 2236 diCtos
1221 2205 1289 2236 Do-

213 2247 329 2276 minum
443 2245 612 2275 Ambianen.
634 2242 832 2283 Episcopum,
848 2242 1002 2273 Comitem
1024 2242 1125 2273 Bolon.
1140 2244 1174 2274 &
1190 2243 1289 2282 Magi-

217 2283 307 2315 strum
321 2283 443 2314 Ivonem
456 2283 491 2314 de
507 2283 657 2312 Latiniaco
673 2281 805 2318 (nomine
819 2280 890 2311 dicti
906 2279 1031 2311 Domini
1045 2281 1136 2319 Regis
1144 2281 1168 2311 F
1169 2282 1286 2320 ranei-ae)

215 2322 296 2362 super
311 2321 525 2358 complemento
540 2329 644 2360 pacum
661 2319 732 2350 inter
745 2319 807 2349 suos
820 2319 853 2350 &
869 2319 980 2349 nostros
995 2319 1194 2351 Anteceffores
1207 2344 1218 2360 ‚
1244 2322 1289 2359 ip-

217 2361 278 2393 sum
299 2362 333 2393 &
353 2370 405 2390 nos
422 2361 570 2397 initarum,
588 2359 622 2390 ὃς
642 2359 859 2396 innovatarum,
876 2357 958 2388 Petra
978 2368 1019 2388 or.
1041 2358 1202 2390 habitorum
1217 2369 1286 2391 cum

217 2401 301 2430 omni
314 2399 455 2430 celeritate
469 2399 502 2429 &
517 2396 680 2438 diligentia,
697 2397 830 2427 omnibus
844 2396 902 2427 aliis
983 2397 1096 2436 positis,
1108 2398 1267 2430 intendatis:

257 2437 295 2469 Et
316 2437 490 2477 processibus
509 2435 694 2475 hujusmodi,
729 2437 811 2467 vobis
872 2445 885 2465 r
926 2435 1042 2466 ilcetum
1062 2436 1211 2468 Clericum
1234 2448 1289 2468 no-

219 2476 330 2516 strum,
346 2475 537 2506 Willielmum
556 2475 593 2506 de
615 2473 749 2513 Melton,
767 2474 831 2505 exhi
854 2474 933 2505 endis
953 2475 999 2506 seu
1019 2475 1186 2515 liberandis,
1204 2476 1288 2516 plene

219 2515 398 2554 examinatis,
416 2516 535 2546 rationes
558 2515 591 2545 &
614 2513 805 2551 defenfiones,
821 2523 885 2553 quae
906 2513 942 2544 de
953 2514 1016 2552 jure
1030 2522 1130 2545 contra
1146 2514 1289 2554 processus

220 2554 415 2595 supprisiarum
434 2555 468 2585 &
490 2553 653 2584 excelsuum
673 2551 856 2590 hujusmodi,
873 2561 905 2582 ac
924 2551 974 2582 alia
984 2554 1053 2592 juris
1068 2554 1206 2593 remedia,
1224 2564 1289 2594 quae

217 2603 320 2625 contra
336 2594 475 2631 pericula,
498 2602 546 2630 pet
569 2591 664 2623 dictos
683 2590 830 2632 processus
853 2590 967 2622 forsitan
988 2601 1179 2633 proventura,
1205 2594 1290 2624 nobis

219 2640 385 2670 competere
400 2632 523 2663 videritis
538 2640 545 2660 z

259 2671 305 2704 Ac
327 2672 416 2703 etiam
437 2671 600 2702 relationem
623 2670 657 2701 δε
676 2667 911 2700 informationem
926 2669 1049 2700 vestram
1062 2670 1142 2709 super
1155 2670 1291 2710 proceffi-

219 2710 273 2742 bus
285 2720 407 2749 pacutn,
425 2710 445 2741 si
459 2709 591 2741 videlicet
604 2718 652 2746 per
667 2708 778 2739 Gentes
789 2707 897 2739 nostras
911 2708 939 2739 su
961 2709 1077 2740 radietas
1092 2710 1123 2740 fit
1138 2719 1191 2747 pro
1207 2710 1292 2741 nobis

220 2747 390 2780 sufficienter
411 2749 547 2786 petitum,
565 2748 599 2778 &
612 2746 744 2777 Articulis
759 2757 808 2785 per
821 2746 931 2778 Gentes
979 2748 1035 2787 egis
1049 2748 1177 2780 Franciae
1191 2748 1292 2781 satisfa-

221 2787 302 2819 &um
312 2811 322 2826 ,
340 2786 474 2818 distinete
489 2788 523 2818 ὃς
536 2796 629 2824 aperte
644 2787 673 2816 in
690 2786 794 2823 scriptis
807 2786 894 2826 redigi
911 2788 1026 2818 faciatis:

260 2825 297 2856 Et
309 2826 448 2865 rationes,
465 2825 655 2862 defeniiones,
672 2824 810 2863 remedia,
827 2825 995 2856 relationem
1007 2826 1041 2857 &
1057 2824 1292 2857 informationem

221 2863 377 2904 praedid'm,
395 2863 433 2894 sic
453 2865 482 2894 in
503 2863 552 2894 scri
575 2865 607 2894 tis
626 2863 753 2900 redaffiiia,
771 2863 871 2903 nobis,
887 2873 934 2895 aut
949 2864 1081 2895 Consilio
1094 2864 1196 2896 nostro
1211 2865 1293 2896 Lon-

221 2903 291 2933 don.
310 2904 377 2934 citra
398 2902 524 2933 Oitabas
559 2902 643 2933 'aridii
664 2901 783 2932 Martini
804 2902 929 2934 Yemalis
951 2904 1088 2943 proximo
1104 2907 1225 2944 futuras,
1243 2915 1293 2943 per

224 2941 410 2973 Indenturam
423 2941 560 2979 liberetis;

226 3019 234 3025 ¹
261 2979 409 3024 Praemiffa
430 2979 582 3010 nullatenus
601 2980 780 3026 omittentes,
800 2990 837 3010 ne
858 2981 941 3011 vobis
956 2981 1041 3020 poffit
1056 2981 1223 3022 negligentia
1235 2981 1295 3013 talis

224 3028 347 3057 impingi
364 3042 379 3062 ,Ι
399 3028 448 3056 per
468 3028 555 3062 quam
578 3018 662 3049 status
682 3018 768 3049 nostri
791 3020 825 3049 δε
845 3020 953 3057 jurium
971 3019 1135 3051 nostrorum
1155 3021 1295 3052 subversio

224 3058 310 3128 netobis
330 3058 463 3096 irrumat,
480 3067 509 3088 in
523 3057 697 3096 irreparabile
713 3056 803 3088 nostri
817 3057 851 3089 δε
863 3058 958 3098 Regni
972 3058 1062 3090 nostri
1073 3059 1194 3091 dedecus
1210 3060 1243 3092 ὃ(
1252 3060 1296 3099 ja-

258 3106 346 3127 uram.

58 1565 97 1585 m.
117 1563 164 1593 ²3·

59 1681 77 1698 ⁶
88 1680 143 1709 111.

62 1728 127 1757 357·

265 3171 356 3204 Teste
370 3173 453 3213 Rege
467 3173 542 3212 apud
556 3171 726 3213 Wyndesor.
740 3172 768 3202 6.
782 3172 827 3204 die
842 3173 1036 3206 Novembris.

264 3247 380 3280 Eodem
400 3249 491 3281 modo
503 3250 668 3281 mandatum
683 3249 725 3280 est
737 3249 764 3288 J.
779 3249 967 3282 Norwicenfi
982 3250 1135 3290 Episcopo.

440 3384 500 3420 Ad
516 3388 634 3431 Papam
649 3396 705 3431 pro
721 3385 885 3420 Willielmo
899 3383 936 3418 de
952 3385 1086 3420 Melton.

83 3476 159 3508 Ann.
173 3473 216 3506 D.
291 3467 400 3500 APAE
417 3469 485 3501 Rex
501 3471 605 3502 devota
625 3469 731 3509 pedum
744 3469 837 3501 oscula
849 3470 1009 3501 beatorum.

108 3523 195 3554 1312.
339 3507 385 3538 Ad
398 3508 555 3540 Sanetitatis
568 3508 669 3540 vestrae
682 3510 798 3549 gratiam
807 3532 817 3547 ,
832 3509 863 3538 in
877 3509 928 3539 suis
940 3508 1144 3540 neceffitatibus
1157 3510 1299 3542 invocan-

83 3556 137 3581 An.
150 3555 178 3582 6,
237 3546 323 3589 dam,
336 3557 372 3577 eo
386 3549 487 3586 majori
501 3547 604 3579 fiducia
615 3547 705 3578 nostri
718 3547 886 3578 collaterales
900 3556 1048 3578 recurrunt
1062 3546 1170 3578 Clerici
1185 3549 1219 3580 &
1237 3549 1300 3580 Mi-

85 3596 117 3619 Ε.
134 3601 161 3618 2.
239 3585 335 3622 nistri,
352 3594 409 3624 quo
420 3595 484 3626 erga
496 3588 643 3625 personam
659 3586 785 3617 nostram
800 3586 897 3621 (vestri
909 3586 1011 3625 gratia,
1026 3587 1229 3624 praeveniendo
1240 3598 1294 3618 nos

86 3634 156 3658 Rom.
169 3627 203 3662 ό.
240 3624 274 3654 &
293 3622 404 3653 nostros
421 3625 593 3664 frequentius
611 3625 778 3656 Honoribus
798 3625 832 3656 ὃς
852 3626 946 3665 gratiis
965 3625 1123 3664 oportunis)
1142 3625 1237 3656 zelum
1248 3636 1300 3657 vos

86 3672 129 3697 Fr.
149 3669 177 3696 6.
239 3671 346 3692 norunt
359 3671 453 3705 gerere
466 3664 642 3702 ampliorem.

88 3711 120 3734 1.
139 3715 166 3733 2.
277 3699 359 3730 Cum
378 3708 468 3740 itaque
487 3703 699 3734 intellexerimus
719 3701 890 3734 cariffimum
912 3701 1062 3734 Clericum
1074 3700 1206 3733 nosti-um
1218 3710 1300 3743 atque

239 3737 403 3782 familiarem
421 3740 613 3771 Willielmum
631 3742 668 3771 de
690 3741 805 3773 Melton
818 3743 918 3781 (quem
932 3740 1081 3772 laudabilia
1091 3740 1226 3772 decorant
1257 3751 1302 3773 ra-

241 3784 342 3807 tiarum
365 3785 479 3820 munera
498 3781 532 3811 δε
553 3781 705 3818 virtutum,
723 3780 757 3811 &
776 3781 841 3820 qui,
859 3791 876 3811 a
896 3779 1003 3811 nostrae
1019 3780 1109 3811 aetatis
1122 3781 1231 3818 primor
1252 3781 1301 3819 iis,

241 3822 317 3854 grata
341 3815 427 3859 nobis
446 3817 610 3848 ministravit
627 3818 767 3858 obsequia)
789 3819 890 3850 vestrae
911 3819 1092 3850 Beatitudinis
1110 3818 1299 3858 audientiam,

239 3862 294 3899 pro
311 3853 475 3899 quibusdam
494 3857 613 3895 negotiis
626 3880 636 3896 ,
660 3857 763 3888 statum
783 3857 864 3888 suum
883 3859 1118 3896 contingentibus
1141 3858 1216 3896 (quse
1238 3867 1300 3889 non

240 3901 334 3923 minus
361 3894 479 3936 gratiose
494 3918 503 3934 ,
537 3895 623 3933 quam
645 3897 758 3934 propria
780 3897 910 3934 cupimus
931 3896 1064 3934 exaudiri)
1107 3906 1136 3926 er
1158 3896 1300 3934 quendam

240 3931 322 3979 suum
332 3928 494 3999 lqsslcum'
510 3932 561 3963 sub
574 3932 682 3965 diutina
693 3943 727 3965 ac
740 3934 819 3966 anxia
832 3935 1028 3974 expectatione
1041 3936 1072 3966 in
1115 3933 1175 3966 uria
1187 3933 1301 3967 Rotna-

242 3978 282 4001 ιη
295 3978 332 4006 pu
343 3979 371 3999 sa
395 3979 432 4007 ες

279 4007 362 4040 Piam
383 4007 583 4042 Paternitatem
601 4009 723 4042 vestram
741 4010 888 4043 humiliter
900 4012 1100 4053 imploramus,
1118 4012 1247 4054 quatinus
1258 4009 1302 4045 di-

88 3755 128 3772 m.
145 3743 189 3772 18.

88 3784 143 3812 dor.

683 104 1495 159 CONVENTIONEQ

1560 104 1958 157 LITERAE,

1310 192 1361 224 &o
1374 192 1491 224 Clerico
1502 192 1618 232 nostro,
1632 192 1722 224 nostri
1737 192 1996 231 contemplatione,
2011 191 2139 230 januam,
2153 189 2174 222 fi
2187 190 2297 230 placet,
2314 199 2378 231 ape-
2393 187 2471 220 Ann.
2484 188 2528 222 D..

1310 232 1412 263 rientes
1430 232 1525 271 gratiae
1545 232 1634 262 solitae
1655 233 1689 263 &
1712 231 1830 269 favoris,
1849 231 1984 269 praedieta
2000 230 2116 268 negotia
2130 229 2287 268 dignemini
2301 230 2331 260 in
2345 229 2380 261 fi·
2423 237 2509 269 1312.

1310 280 1383 301 num
1399 271 1581 301 exauditionis
1591 270 1742 308 amplecti,
1757 267 1957 310 gratiofii'isque
1970 268 2062 300 facere
2075 269 2199 306 expediri
2212 278 2219 299 ι
2395 269 2463 298 Edv.
2481 277 2508 296 2.

1349 309 1469 346 Scituri,
1495 309 1515 340 fi
1535 309 1643 348 placet,
1661 309 1738 347 quod
1759 319 1809 346 per
1825 309 1986 346 honorem,
2005 317 2092 348 quem
2113 307 2166 338 sibi
2186 307 2383 346 exhibueritis,

1316 347 1398 387 hujus
1418 347 1523 378 nostrae
1544 348 1747 379 intercessionis
1760 347 1909 386 instantia,
1929 348 1959 378 in
1972 348 2026 377 hac
2042 353 2119 385 parte
2132 346 2309 376 honorabitis
2320 345 2384 383 plu-

1314 386 1420 417 rimum
1434 386 1581 424 personam
1594 386 1737 425 nostr-ain,
1752 396 1816 425 quae
1828 395 1862 417 ex
1874 385 1927 417 hac
1935 409 1946 425 ,
1959 385 2151 425 imposterum
2157 384 2271 424 ‚vestris
2284 383 2383 416 astrin-

1314 433 1393 465 getur
1408 424 1518 457 solidius
1529 426 1710 466 beneplacitis
1724 426 1757 457 &
1774 423 1919 456 mandatis.

1354 463 1530 503 Conservet,
1549 465 1610 496 ἃς.

1354 539 1422 571 Dat.
1436 541 1510 581 apud
1523 538 1696 582 Wyndesor.
1715 550 1760 571 12.
1776 539 1823 572 die
1833 538 1986 572 Novemb.

1363 663 1392 690 ³7?
1410 663 1469 699 Ad
1488 667 1528 699 R.
1556 664 1769 708 Cardinalem‚
1797 668 1833 704 (ῤ’
1851 664 1896 698 ad
1909 669 1990 713 Papae
2005 665 2151 713 Nepotem
2163 676 2220 713 pro
2229 663 2339 713 praedi-

1727 714 1772 748 &a
1794 716 1840 750 W
1838 714 1970 749 illielmo.

2399 669 2417 687 ⁸
2440 670 2498 699 111.

2400 707 2466 746 358.

1319 797 1382 860 'V
1393 798 1535 829 Enerabili
1556 800 1585 830 in
1606 798 1724 830 Christo
1742 799 1819 831 Patri
1833 799 1968 831 Domino
1983 799 2023 832 R.
2039 799 2100 832 Dei
2110 799 2213 840 gratia,
2230 800 2304 832 tituli
2318 799 2388 831 San-
2404 801 2481 833 Ann.
2494 802 2534 834 D„

1402 838 1458 868 ctae
1479 837 1583 869 Mariae
1602 839 1723 878 Novae,
1748 839 1885 869 Diacono
1908 838 2069 877 Cardinali,
2095 841 2190 870 amico
2209 839 2259 870 suo
2282 838 2388 869 kariffi-
2424 851 2510 881 1312.

1319 876 1580 944 niffQeZtEdwardus,
1597 877 1696 908 eadem
1718 879 1821 917 gratia,
1840 878 1900 909 &c.
1916 878 2035 909 salutern
2050 879 2084 910 &
2097 879 2214 910 sincera:
2226 877 2389 909 dilectionis
2402 885 2456 908 An.
2470 884 2501 910 6,

1319 925 1336 946 a
1407 925 1464 945 um.
2405 923 2434 946 Ε.
2456 929 2483 949 2.

1357 953 1438 984 Cum
1453 964 1505 992 pro
1517 953 1682 995 quibusdam
1693 955 1831 994 negotiis,
1849 955 2022 986 carissimum
2035 955 2185 987 Clericum
2200 955 2331 987 nostrum
2344 962 2385 986 at-
2404 961 2475 985 Rom.
2484 956 2522 992 &s

1319 1002 1377 1033 que
1388 992 1579 1032 rfamiliarem,
1597 993 1794 1024 Willielmum
1816 993 1852 1024 de
1867 992 2000 1032 Melton,
2016 995 2114 1026 virum
2128 995 2288 1026 virtuosum
2301 1002 2386 1032 atque
2404 999 2445 1023 Fr.
2461 997 2490 1023 6.

1321 1032 1396 1063 bene
1419 1034 1555 1063 meritum
1577 1033 1665 1071 (qui,
1682 1043 1698 1064 a
1712 1032 1818 1062 nostrae
1831 1033 1920 1063 aetatis
1936 1032 2114 1072 primordiis,
2137 1033 2283 1065 laudabilia
2303 1033 2388 1063 nobis
2403 1043 2440 1062 m.
2457 1033 2503 1071 18,

1321 1070 1491 1102 ministravit
1509 1070 1659 1111 obsequia)
1677 1071 1925 1110 contingentibus,
1942 1081 2006 1111 qua:
2018 1080 2079 1102 non
2093 1072 2205 1110 minsis,
2221 1073 2308 1113 quam
2321 1081 2389 1109 pro-
2403 1073 2459 1102 dor.

1320 1110 1381 1148 pria
1401 1110 1533 1149 cupimus
1551 1110 1718 1150 prosperari,
1736 1111 1770 1141 &
1791 1111 1877 1140 etiarn
1895 1110 1989 1140 nostra
2003 1110 2119 1148 propria
2132 1118 2305 1151 reputamus,
2320 1110 2391 1140 San-

1321 1148 1449 1179 etiffimo
1461 1150 1492 1179 in
1504 1148 1622 1179 Christo
1637 1149 1712 1180 Patri
1728 1148 1866 1180 Domino
1880 1148 2005 1179 Summo
2020 1148 2156 1180 Pontifici
2168 1149 2276 1180 nostras
2289 1149 2392 1188 diriga-

1323 1196 1388 1218 mus
1405 1187 1523 1218 Litteras
1545 1188 1687 1227 speciales,
1702 1188 1737 1219 ad
1757 1197 1876 1226 quarum
1896 1187 2108 1218 exauditionem
2126 1188 2242 1220 felicem
2258 1188 2294 1219 &
2315 1189 2392 1218 cele-

1321 1236 1385 1257 rem
1399 1249 1409 1264 ,
1433 1236 1519 1265 quam
1537 1228 1709 1268 exquirimus
1727 1235 1791 1259 toto
1811 1225 1917 1266 corde,
1937 1226 2066 1258 vestrum
2086 1227 2220 1259 novimus
2239 1225 2393 1258 subsidium

1325 1274 1345 1296 o
1366 1273 1526 1296 ortunum:

1346 1274 1564 1345 pPaterniratem
1585 1303 1709 1335 vestram
1730 1305 1838 1336 attente
1850 1304 2018 1344 requirimus
2030 1303 2064 1335 ὃ(
2078 1312 2214 1342 rogamus
2266 1304 2395 1342 uatinus,

1323 1343 1515 1380 oportunitate
1533 1343 1659 1382 captata,
1684 1343 1804 1374 Litteras
1823 1344 1908 1382 ipsas,
1930 1342 2013 1373 simul
2033 1352 2103 1373 curn
2127 1325 2233 1373 Nobil'i
2279 1342 2338 1381 iro,
2357 1343 2393 1374 &

1323 1382 1422 1412 amico
1435 1381 1534 1412 nostro
1550 1381 1707 1421 carissimo,
1723 1381 1859 1412 Domino
1870 1380 2025 1412 Bertrando
2038 1381 2085 1412 del
2101 1380 2202 1420 Gout,
2220 1379 2398 1411 Vicecomi‹

1324 1427 1354 1450 te
1376 1420 1561 1451 Leomanniae
1581 1421 1615 1452 &
1635 1420 1694 1451 Alti
1713 1421 1821 1452 Villaris
1847 1421 1857 1451 (
1866 1422 1913 1451 cui
1933 1420 2014 1459 super
2035 1420 2094 1450 hoc
2115 1419 2223 1450 nostras
2243 1419 2396 1450 direximus

1326 1458 1445 1490 Litteras
1466 1458 1613 1500 speciales)
1634 1459 1724 1490 velitis
1737 1459 1819 1490 dicsto
1834 1457 1971 1489 Domino
1985 1458 2112 1490 Summo
2125 1457 2259 1489 Pontifici
2273 1458 2395 1498 praesen-

1326 1505 1384 1529 tare
1399 1508 1404 1527 :
1424 1497 1556 1537 ditiaque
1568 1499 1697 1537 negotia,
1713 1507 1763 1538 per
1776 1497 1959 1538 praesentium
1972 1497 2098 1532 baiulum
2114 1498 2196 1529 vobis
2207 1497 2331 1528 seriosius
2345 1505 2395 1527 ex-

1325 1536 1473 1575 ponenda,
1492 1537 1580 1567 nostri
1595 1536 1855 1577 contemplatione,
1873 1535 1950 1566 tanta
1970 1534 2099 1566 efficacia
2114 1545 2302 1574 promovere,
2315 1535 2396 1575 quod

1326 1576 1404 1606 idem
1419 1575 1551 1607 Clericus
1563 1575 1676 1614 noster,
1694 1575 1788 1607 vestra
1800 1575 1941 1607 mediante
1954 1574 2106 1613 prudentia
2114 1597 2125 1613 ,
2136 1584 2157 1605 n
2191 1575 2321 1605 otiorum
2331 1575 2397 1605 suo-

1326 1624 1391 1645 rum
1409 1615 1636 1654 expeditionem,
1655 1617 1714 1646 tam
1734 1615 1866 1652 felicem,
1882 1616 1971 1653 quam
1994 1614 2135 1651 celerem,
2153 1623 2170 1643 a
2194 1613 2260 1650 equi
2276 1614 2397 1652 poterit,

1327 1661 1358 1683 ut
1378 1655 1513 1693 exquirit3
1531 1654 1657 1692 nosque,
1674 1663 1724 1691 per
1746 1653 1884 1684 effaetum
1902 1651 2089 1683 exauditionis
2109 1651 2308 1692 praesentium,
2326 1650 2397 1682 affe-

1327 1692 1425 1730 ἂυῐη,
1440 1702 1528 1732 quern
1541 1692 1576 1723 ad
1589 1702 1641 1722 nos
1653 1692 1760 1732 geritis,
1778 1693 1882 1723 merito
1896 1692 2086 1728 comprobare
2096 1689 2252 1730 possimus,
2265 1690 2315 1731 qui
2327 1700 2399 1730 nos,

1328 1731 1533 1771 imposterum,
1551 1731 1680 1772 astringat
1700 1731 1785 1762 artius
1797 1731 1873 1763 votis
1893 1729 2001 1762 vestris-

1365 1807 1435 1840 Dat.
1448 1808 1523 1848 apud
1536 1807 1709 1849 Wyndesor.
1726 1816 1772 1838 12.
1786 1807 1834 1839 die
1846 1807 2036 1840 Novembris.

1365 1884 1481 1917 Eodem
1502 1885 1591 1917 modo
1607 1885 1772 1917 mandatum
1785 1885 1827 1917 est
1841 1885 1956 1926 Nepoti
1971 1885 2075 1924 Papae3
2094 1883 2231 1916 Domino
2243 1882 2399 1916 Bertrando

1328 1923 1494 1995 &dl-(Siout,
1514 1925 1694 1957 vicecomiti
1712 1925 1901 1957 Leomanniae
1920 1926 1956 1957 &
1977 1925 2038 1957 Alti
2059 1923 2182 1963 villaris,
2199 1924 2313 1955 mutatis
2335 1933 2401 1961 muf

1367 2039 1458 2072 Teste
1473 2050 1504 2073 ut
1519 2040 1609 2080 supra,

1378 2163 1621 2198 Memorandum
1646 2163 1682 2197 de
1705 2165 1886 2197 Nativimte
1906 2163 2063 2197 Edwardi
2087 2164 2164 2196 Filii
2183 2166 2269 2210 Regis
2287 2163 2355 2197 Ed-

1707 2211 1812 2246 wardi
1825 2214 2030 2259 primogeniti.

1418 2295 1443 2327 E
1455 2305 1480 2327 M
1489 2307 1508 2327 o
1520 2307 1542 2328 R
1554 2307 1573 2327 Α
1584 2305 1607 2328 N
1617 2305 1666 2328 Du
1677 2304 1703 2327 M
1722 2297 1796 2338 quod
1814 2295 1933 2336 Isabella
1956 2298 2058 2335 Regina
2075 2293 2190 2333 Angliae
2198 2318 2208 2334 ,
2226 2292 2336 2334 Consbrs
2348 2295 2402 2324 Re·
2419 2291 2495 2323 Ann.
2510 2291 2553 2323 ΒΔ

1334 2333 2406 2417 ιν]ηιιῇἴνῘζἭ’ἷῖηἷὲᾯἷξῖᾗὶἶ,οΕέΣῖἒῖᾂιὶ,έ’ἓιῖζέξῖῧύἒῗῖἑῖἴέ’ἰη-ἷῗ
2421 2339 2476 2398 Λῖιῗ
2484 2340 2528 2397 2²?

1332 2427 1392 2462 ηις,
1408 2418 1495 2457 Anno
1513 2418 1614 2460 gratiae
1629 2423 1657 2460 tia
1665 2422 1718 2445 ccc
1726 2423 1782 2444 ΧΠ.
1801 2412 1840 2449 &¹
1853 2415 1938 2452 Regni
1950 2412 2027 2454 ipstus
2040 2414 2119 2451 Regis
2125 2411 2224 2452 ftxto,
2237 2415 2340 2452 peperit
2356 2414 2405 2442 Fi-
2420 2413 2508 2485 ganz-s
2525 2445 2545 2473 6

1332 2453 1717 2531 lmmr‘cltysrzngzpzlsffissttffgi
1731 2490 1871 2521 Edwardi
1887 2493 1916 2521 in
1928 2490 2015 2521 eodem
2027 2489 2137 2530 Castro,
2155 2490 2199 2520 die
2211 2489 2300 2529 Jovis
2309 2491 2406 2535 proici-
2421 2490 2490 2514 13-2-
2505 2469 2512 2476 .
2546 2467 2555 2474 ⁶

1332 2531 1377 2562 me)
1409 2534 1533 2572 equenti,
1552 2539 1602 2570 per
1622 2529 1806 2560 Venerabilem
1828 2532 1960 2568 Patrem,
1984 2532 2133 2559 Dominum
2152 2531 2195 2559 A.
2217 2531 2273 2558 Dei
2290 2526 2407 2567 gratza',
2422 2533 2516 2554 m·22-
2529 2521 2558 2553 δ’

1332 2570 1418 2602 Tituli
1431 2570 1540 2600 Sani-‘Zae
1554 2567 1652 2608 Prisce
1667 2568 1850 2599 Presbiterum
1865 2567 2053 2607 Cardinalem,
2071 2569 2118 2597 Ba
2134 2565 2330 2609 tizatusfuit:

1370 2611 1413 2639 Et
1427 2608 1549 2650 fuerunt
1568 2619 1624 2645 ejus
1643 2611 1815 2646 Compatres,
1832 2606 1958 2637 videlicet
1972 2605 2103 2637 Venerabi
2114 2616 2141 2636 es
2154 2608 2254 2635 Patres
2292 2609 2334 2636 A.
2355 2607 2407 2636 Pi-

1334 2647 1487 2688 dlavenfis,
1501 2649 1614 2676 Domini
1633 2648 1716 2685 Papae
1736 2649 1925 2684 Camerarius,
1943 2645 1980 2685 J.
2000 2643 2124 2675 Bathon.
2140 2643 2179 2679 ό·
2194 2629 2348 2686 Wlsenfis,
2365 2642 2406 2678 &-

1337 2690 1381 2718 W
1398 2685 1606 2725 Wigornienfis,
1621 2687 1677 2715 Dei
1695 2684 1806 2723 gratia,
1825 2683 1961 2723 Episcopi,
1981 2687 2115 2714 Dominus
2132 2683 2295 2714 Ludo-„uicus
2315 2685 2408 2712 Comes

1335 2727 1498 2762 d'Eureux,
1516 2723 1662 2764 Johannes
1676 2723 1708 2753 de
1720 2726 1873 2753 Britannia
1887 2726 1977 2753 Comes
1989 2722 2207 2761 Richemundiae,
2225 2720 2265 2757 ἀ
2279 2720 2408 2752 Adama-

1335 2776 1382 2796 rus
1395 2765 1428 2795 de
1442 2762 1571 2796 Valentia
1588 2765 1677 2793 Comes
1691 2762 1891 2801 Pembrochiae,
1907 2760 1946 2797 ὠ
1961 2763 2040 2800 Hugo
2054 2760 2080 2792 le
2092 2759 2248 2801 Despenfer.

1492 2903 1544 2937 De
1561 2898 1736 2935 inhibitione
1755 2902 1967 2934 Torneamenti
1986 2898 2071 2947 apud
2087 2895 2254 2945 Donstaple.

1339 2986 1485 3044 REX,
1506 2987 1616 3019 dileetis
1638 2988 1673 3019 &
1691 2986 1836 3025 fidelibus,
1854 2985 2024 3023 Batonibus,
2041 2983 2202 3020 Militibus,
2220 2981 2255 3013 &
2273 2980 2408 3012 omnibus
2425 2984 2500 3018 Anu,
2512 2986 2557 3019 D;

1356 3065 1362 3071 ι
1407 3028 1471 3097 s{talliis
1492 3027 1525 3058 &
1549 3027 1680 3066 smgulis‚
1705 3026 1740 3058 ad
1756 3024 1949 3057 torneandum
1967 3022 2041 3063 apud
2055 3019 2234 3060 Donestaple
2248 3028 2409 3052 conventu·
2444 3034 2530 3065 1312.

1339 3073 1377 3097 l'ls
1443 3074 1527 3097 utem.
2421 3067 2475 3092 An,
2494 3067 2523 3094 6,

1375 3088 1455 3135 Cum
1472 3114 1577 3143 nuper,
1594 3113 1645 3142 per
1666 3112 1761 3135 totum
1775 3103 1913 3141 Regnum
1926 3099 2074 3144 nostrum,
2091 3097 2207 3143 publice
2219 3096 2406 3142 proclamari,
2420 3107 2452 3132 Ε,
2473 3112 2500 3131 2,

1340 3143 1375 3174 δε
1397 3144 1449 3175 sub
1468 3144 1547 3182 gravi
1569 3142 1742 3174 forisfactura
1761 3139 1859 3171 nostri
1881 3139 2029 3169 fecerimus
2042 3136 2163 3168 inhiberi
2195 3146 2232 3167 ne
2243 3146 2323 3176 quis,
2339 3135 2405 3166 Co·
2420 3145 2480 3169 Pac.
2494 3143 2522 3170 6.

1342 3191 1419 3220 mes,
1436 3181 1525 3219 Baro,
1545 3181 1647 3219 Miles,
1663 3181 1707 3211 vel
1724 3179 1883 3218 quicunque
1893 3177 1977 3221 alius,
1995 3175 2158 3221 infra-idem
2169 3159 2328 3215 kegnum,
2344 3182 2403 3205 tor-
2418 3184 2448 3209 Ε,
2469 3189 2499 3209 2„

1341 3230 1442 3258 neare,
1461 3220 1613 3258 burdeare,
1627 3218 1708 3256 justas
1723 3219 1830 3254 facere,
1847 3225 1894 3247 aut
1914 3215 2025 3254 aliquod
2042 3214 2118 3245 aliud
2132 3214 2240 3245 fadiurn
2257 3222 2404 3245 armorum
2417 3224 2444 3254 p.
2468 3228 2492 3245 1.

1340 3268 1469 3328 cxrzcere
1484 3258 1679 3326 praesurgeret,
1692 3257 1750 3326 Γὸιεῃε
1762 3253 1986 3323 nolii'tkrgtliceiniA
1997 3253 2132 3322 Γρεςίεὲὶί)
2152 3291 2168 3321 f
2184 3289 2325 3321 risfa&urfi
2342 3299 2394 3320 om
2418 3265 2456 3285 m,
2480 3260 2527 3285 ιμ’

1343 3299 1584 3376 niurrci)bilisuaeoriricrilsl
1593 3306 1669 3374 ,us82t
1692 3304 1810 3372 quilicblelt
1830 3302 2062 3362 vests'ssmrlilirdjbis
2082 3301 2243 3360 fldrisfgcere
2263 3329 2408 3373 poteritis,

1343 3375 1378 3406 &
1401 3376 1506 3413 poterit
1520 3396 1530 3412 ‚
1556 3373 1673 3404 firmiter
1692 3372 1853 3403 inhibemus
1867 3394 1877 3409 ,
1906 3372 1944 3400 ne
1964 3369 2040 3407 apud
2061 3369 2226 3405 praedietam
2248 3366 2353 3398 Villam
2371 3366 2409 3399 de

1345 3413 1507 3451 Donstaple
1521 3435 1531 3451 ,
1556 3412 1602 3443 vel
1622 3411 1688 3443 alibi
1709 3411 1779 3441 infra
1798 3408 1828 3439 R
1846 3417 1933 3439 ⁰num
1955 3408 2125 3447 praedid’cum
2137 3429 2148 3446 ,
2170 3414 2315 3444 torneare,
2338 3408 2409 3437 bur-

1344 3452 1444 3490 deare,
1460 3451 1540 3489 justas
1559 3451 1668 3488 facere,
1684 3449 1730 3480 seu
1751 3447 1824 3480 aliud
1854 3448 1950 3479 adium
1970 3447 2128 3480 Armorum
2148 3453 2294 3485 exercere,
2311 3446 2332 3465 *²
2346 3446 2405 3477 fine
2420 3454 2437 3473 a*
2448 3455 2504 3484 111·

1343 3491 1438 3521 nostra
1451 3490 1577 3528 licentia,
1595 3488 1775 3532 praesumatis.
1819 3526 1824 3532 ·
1849 3525 1854 3531 ¹
1871 3525 1877 3532 ο
2346 3523 2353 3530 .
2368 3523 2377 3531 .
2421 3501 2490 3531 359,

1382 3529 1506 3560 Scientes
1527 3528 1620 3567 quod,
1639 3527 1659 3558 fi
1681 3527 1749 3557 huic
1767 3526 1931 3557 inhibitioni
1950 3524 2056 3557 nostrae
2073 3531 2167 3562 parere
2184 3522 2408 3563 contemsentls,

1343 3568 1380 3600 ad
1393 3578 1460 3606 vos,
1477 3568 1511 3599 &
1523 3566 1678 3607 quemlibet
1688 3565 1818 3597 vestrum
1831 3567 1950 3606 graviter
1964 3564 2114 3603 capiemus.

1381 3643 1470 3677 Teste
1482 3643 1566 3684 Rege
1578 3642 1652 3682 apud
1666 3641 1886 3683 windesoram,
1904 3641 2019 3674 decimo
2030 3647 2114 3670 nono
2125 3637 2171 3669 die
2183 3636 2374 3671 Novembris.

2005 3717 2061 3747 Per
2071 3714 2156 3757 §firm
2165 3717 2272 3754 Regem.
2417 3732 2495 3764 Ann-
2509 3731 2553 3763 D

1754 3806 1760 3809 i
2442 3782 2455 3802 1
2461 3781 2476 3812 3
2483 3781 2529 3803 12.

1561 3846 1614 3879 De
1628 3847 1785 3879 Maneriis
1799 3843 1880 3880 datis
1894 3839 2037 3888 Johanni
2052 3841 2174 3891 Comyn.
2416 3815 2485 3915 {n}
2491 3813 2521 3915 Ξ

1345 3928 1477 3986 REX
1493 3932 1642 3979 Quibus,
1659 3931 1694 3964 aa
1708 3939 1796 3972 quos,
1810 3929 1872 3962 &e
1885 3926 2008 3960 salutem.
2416 3894 2497 3990 aff}
2515 3905 2522 3914 “

1380 3970 1740 4052 Οοιιέεῗὲξῐῗτὲευὲιῖαέιῗῖ,
1755 4008 1842 4041 boaae
1855 4006 2022 4044 mernoriae,
2033 4002 2180 4045 johannes
2191 4000 2330 4044 Comyn,
2346 3997 2402 4030 du-
2416 3970 2524 4031 21⁸0:

2330 4036 2403 4077 duni
