2562 4279
31 253 106 287 Ann.
119 253 160 285 D.

30 302 140 370 &ff

26 900 102 931 Ann.
120 898 161 930 D.

26 947 139 1011 2131}ssss

24 1020 53 1042 F..
74 1025 99 1052 3.

24 1055 100 1080 Fran.
115 1062 158 1087 ¹9-

25 1091 159 1127 E.3.p.r.

26 1139 60 1157 m.
85 1139 126 1156 10.

24 1747 149 1779 Ann.D.

43 1796 127 1827 1345-

20 1830 126 1862 An.i9.

21 1869 50 1892 E.
75 1873 100 1900 3.

21 1907 61 1929 Ex
97 1912 128 1929 u-

20 1949 85 1977 ιαμ.

21 2927 37 2944 ⁸
48 2929 149 2965 V.466.

180 173 256 214 182

175 260 285 298 plenam
300 255 496 292 solutionem,
513 262 565 290 pro
580 250 675 282 Vadiis
687 251 720 282 &
734 227 868 289 Expensis
879 248 1055 287 hujusmodi,
1071 246 1175 278 habere
1188 244 1229 275 fa-

175 300 230 330 ciat
243 300 276 329 &
288 303 417 333 paratam.
807 328 812 332 Ι
1211 321 1216 326 ⁴

213 337 281 367 Dat.
295 335 323 363 in
338 332 427 362 Portu
442 328 601 366 Sandwici,
618 327 697 368 super
710 327 836 367 Paffagio
848 325 949 357 nostro
968 325 1048 364 supra
1071 323 1173 361 Mare,
1189 331 1233 353 νι-

176 375 281 406 cesimo
295 371 340 400 die
348 369 436 408 Junii.

213 449 358 480 Vellemus
370 446 453 476 etiam
467 442 566 482 quod,
583 443 602 472 fi
619 441 838 472 Matrimonium
852 439 1021 471 condidium
1035 438 1093 469 fieri
1113 437 1231 481 debeat,

178 489 333 520 celebretur
356 483 428 522 apud
450 482 642 518 Bui‘degaliam
664 481 708 511 vel
731 480 864 510 Baionam
878 502 890 517 ,
908 477 1010 508 exinde
1023 500 1033 516 ,
1048 487 1107 520 per.
1120 475 1232 506 ditstum

179 527 295 563 Regem
311 522 457 559 Castellae,
474 522 505 550 in
516 520 670 558 Ispanniam
684 517 902 556 traducendam,
921 517 1058 547 mittimus
1072 524 1155 546 etiam
1178 523 1233 557 vo-

175 566 217 595 bis
235 563 358 601 Copiam
377 561 486 591 alterius
508 559 630 595 Literae,
648 557 741 587 eidem
762 557 838 596 Regi
856 555 1010 592 dimitam,
1029 554 1107 597 super
1121 551 1233 583 Reddi-

175 604 254 633 tione
266 602 407 640 Treugae,
426 607 515 636 captae
530 595 729 634 inVBritannii,
748 605 833 634 quam
847 595 897 625 fibi
909 593 1001 626 velitis
1016 592 1139 623 similiter
1159 599 1233 628 prae-

174 641 286 672 sentare.

217 766 322 797 Litera
341 761 425 806 missa
442 757 582 807 Johanni
601 755 782 850 Asartynsde
801 757 903 797 Leve,
922 753 1013 801 fhper
1040 751 1183 786 oblatione

616 809 732 839 Succur
745 817 790 837 us.

178 895 294 955 REX
327 893 432 924 Nobili
445 890 675 928 Vii·o,Domino
687 888 812 927 Johanni
829 885 945 926 Martyn
960 886 997 917 de
1014 886 1228 925 Leve,Amico

253 918 440 969 suo’dileeto,
463 931 587 961 Salutem
603 931 635 960 &
651 928 847 958 Dirce-tionem
864 925 1018 964 sinceram,

209 973 256 1004 De
276 971 428 1002 affeetione
448 969 550 1005 magna
566 990 575 1005 ,
601 976 685 1005 quam
706 965 740 995 ad
763 963 914 995 Personam
935 964 1060 994 nostram
1083 962 1229 994 Nobilitas

172 1011 264 1043 vestra
276 1012 363 1057 gerit,
382 1010 414 1040 ὃς
429 1007 463 1038 de
477 1007 618 1037 oblatione
631 1004 724 1043 grata,
742 1012 829 1040 quam
849 1001 968 1041 fecistis,
984 1002 1019 1033 de
1038 1001 1180 1032 veniendo
1198 1003 1228 1031 in

173 1049 261 1081 nostri
273 1048 442 1080 succursum
457 1055 526 1077 cum
541 1044 644 1083 magna
658 1042 790 1073 Potentia
805 1042 1005 1084 Armatorum,
1025 1040 1094 1071 sicut
1108 1040 1229 1084 Ambas-

173 1090 273 1120 satores
289 1086 394 1123 nostri,
415 1085 448 1114 ad
462 1083 634 1122 praesentiam
649 1081 773 1112 Domini
788 1080 817 1110 R
854 1089 875 1109 is
887 1078 1033 1117 Castellae,
1052 1078 1166 1110 Conszn
1187 1088 1229 1109 ui-

172 1128 219 1158 nci
234 1126 322 1157 nostri
335 1124 482 1161 cariisimi‚
502 1121 610 1160 pridem
624 1119 716 1158 miffi,
735 1119 770 1150 ad
790 1128 830 1149 no
857 1127 918 1148 ram
939 1117 1086 1149 redeuntes
1109 1127 1166 1155 prae
1178 1127 1228 1148 en-

172 1168 256 1203 tiam,
273 1166 356 1195 nobis
369 1163 476 1201 pleniiis
491 1161 662 1198 retulerunt,
891 1195 896 1200 ι
985 1196 989 1200 η
1079 1195 1084 1200 .

209 1204 310 1235 Grates
325 1203 405 1232 vobis
419 1201 564 1231 referimus
578 1197 730 1236 cordiales,
749 1203 877 1234 gerentes
889 1204 917 1224 in
930 1202 1004 1226 votis
1015 1195 1114 1232 vobis,
1135 1193 1229 1233 sipos-

170 1243 281 1280 semus,
299 1240 414 1271 reddere
427 1241 502 1269 vices
513 1246 609 1278 gratas.
1023 1273 1027 1277 .
1207 1272 1213 1278 ⁶

206 1281 242 1312 Et
264 1281 329 1310 ideo
350 1280 471 1317 petimus
491 1275 572 1315 quod
585 1282 755 1312 conceptam
769 1282 852 1311 penes
867 1281 919 1302 nos
933 1271 1116 1302 affectionem
1133 1279 1228 1302 conti-

168 1329 254 1350 nuare
267 1319 371 1356 velitis,
388 1317 408 1347 si
423 1316 572 1354 placuerit,
590 1315 620 1344 in
641 1313 786 1355 futurum,
801 1312 852 1348 &‚
871 1320 919 1348 per
941 1309 1000 1340 Dei
1023 1311 1158 1350 gratiam,
1176 1319 1226 1341 au-

168 1359 249 1389 dietis
265 1358 300 1388 de
316 1354 469 1393 progressu
483 1353 581 1385 nostro
597 1354 625 1382 in
641 1360 780 1393 proximo,
787 1359 859 1393 nova
874 1350 959 1379 bona.

208 1396 277 1427 Dat.
291 1397 320 1426 in
335 1394 424 1425 Portu
438 1392 579 1424 Sandwici
587 1413 597 1429 ,
615 1391 694 1428 super
709 1388 842 1426 Panagio
855 1386 955 1418 nostro
969 1386 1047 1426 supra
1064 1387 1167 1427 Mare,
1180 1388 1227 1420 vi-

169 1436 277 1467 celimo
291 1435 337 1465 die
348 1433 435 1472 Junii.

171 1578 279 1620 Bulla,
304 1576 348 1609 ad
376 1578 493 1609 Literas
517 1576 554 1612 &¹
575 1574 708 1606 Nuncios
728 1573 814 1617 Regis
836 1569 1047 1616 Responfhria,
1073 1568 1108 1603 de
1128 1572 1225 1603 Treu-

209 1631 277 1674 gis‚
303 1630 338 1664 &
356 1625 392 1657 de
416 1625 614 1668 Attemptatis
633 1631 734 1653 contra
755 1620 889 1665 Treugas
901 1645 911 1661 ‚
936 1630 972 1650 ac
993 1619 1083 1664 siaeper
1099 1621 1199 1651 variis
1212 1645 1222 1662 ,

214 1674 282 1708 hinc
298 1673 366 1707 inde
384 1672 555 1713 Trasiatis‚
580 1673 688 1703 Pacem
711 1668 883 1714 Bellumque
897 1665 1097 1714 tangentibus.

230 1760 353 1791 Lemens
367 1757 537 1796 Episcopus,
555 1754 657 1786 Servus
673 1753 829 1784 Servorum
842 1751 917 1790 Dei,
935 1751 1074 1783 carissimo
1089 1753 1117 1783 in
1140 1752 1226 1783 Chri-

246 1799 289 1829 sto
313 1797 386 1828 Filio
407 1795 566 1833 Edwardo,
582 1793 661 1830 Regi
682 1791 795 1829 Angliae
817 1789 939 1829 Illustri,
956 1791 1082 1822 Salutem
1094 1792 1129 1823 &
1143 1792 1227 1831 Apo-

170 1837 297 1868 stolicam
313 1835 556 1867 Benedictionem.

181 1881 190 1894 ⁹
205 1876 380 1906 Praeseiitatas
395 1873 504 1912 pridem
520 1869 700 1909 Apostolatui
712 1867 812 1899 nostro
828 1866 1007 1898 Celsitudinis
1028 1876 1084 1899 tuae
1108 1868 1225 1900 Litteras

168 1917 339 1952 recepimus,
357 1921 475 1950 quarum
493 1910 559 1941 serie
579 1919 630 1948 per
649 1918 701 1939 nos
719 1907 858 1938 intellecta
873 1907 936 1947 ipsae
949 1908 1032 1938 nobis
1048 1908 1164 1940 Litterae
1178 1907 1226 1939 ad-

169 1953 338 1990 mirationis,
356 1952 393 1981 ne
409 1950 534 1980 dicamus
547 1948 729 1984 turbationis,
748 1945 901 1976 Materiam
914 1946 1103 1983 praebuerunt.

206 1992 283 2030 Qae
298 1990 412 2028 quidem
428 1989 532 2020 Literaz
547 1986 731 2017 effectualiter
746 1984 930 2016 continebant
945 1985 1043 2023 quod,

205 2030 288 2061 Licet
301 2034 381 2067 super
397 2026 623 2058 Diffensionibus
637 2026 670 2056 &
691 2023 810 2054 Guerris
823 2024 894 2053 inter
908 2023 973 2060 Te,
993 2023 1047 2054 Fili
1068 2022 1224 2062 cariffime,

165 2079 199 2099 ac
215 2092 225 2107 ,
243 2067 413 2098 carissimum
438 2067 467 2096 in
489 2064 608 2096 Christo
630 2063 732 2095 Filium
753 2061 882 2092 nostrum
896 2086 905 2100 ,
924 2060 1088 2100 Philippum
1111 2062 1224 2101 Regem

167 2107 292 2138 Fraiiciae
306 2106 462 2143 Illustrem,
481 2104 626 2140 suscitatis,
644 2111 690 2140 tu,
709 2111 762 2140 pro
776 2100 894 2144 vitandis
906 2099 1034 2138 dampnis
1049 2101 1083 2132 &
1096 2101 1225 2139 periculis

166 2146 382 2184 procedentibus
407 2152 440 2174 ex
460 2143 580 2180 eisdem,
598 2142 689 2179 plures
710 2141 768 2170 vias
790 2149 865 2181 pacis¹
879 2139 1014 2169 obtuleris
1033 2139 1109 2179 Regi
1122 2140 1224 2178 praedi-

166 2185 234 2222 eto,
254 2194 284 2215 ut
307 2182 412 2221 poffes,
431 2183 500 2212 sicut
522 2180 690 2217 affectabas,
709 2179 738 2208 in
758 2177 885 2218 Passagio
907 2178 1110 2210 Transmarino
1124 2177 1224 2210 nostro

166 2223 304 2261 obsequiis
317 2224 459 2252 intendere
470 2220 672 2256 Redemptoris
681 2241 690 2256 ,

204 2261 264 2300 Ipse
279 2271 388 2298 tamen,
408 2269 434 2290 te
449 2269 499 2298 per
512 2259 598 2288 verba
608 2255 791 2296 protrahens,
810 2255 898 2286 nichil
910 2255 1001 2286 iacere
1015 2256 1107 2287 voluit
1129 2258 1159 2287 in
1181 2257 1226 2287 ef-

164 2301 266 2339 ἰθέως
285 2300 329 2329 sed
344 2322 354 2338 ,
371 2298 556 2337 pendentibus
577 2295 706 2327 simulatis
729 2294 910 2326 Tractatibus
922 2317 933 2333 ,
955 2296 1006 2326 tibi
1026 2303 1225 2333 procuraverat

167 2339 256 2370 multa
270 2337 403 2376 Dampna
412 2361 420 2376 ,
881 2373 886 2377 Ι

203 2376 324 2415 Propter
335 2376 411 2414 quod
423 2385 453 2406 tu
463 2398 472 2413 ,
489 2374 587 2405 volens
599 2374 648 2410 Jus
662 2381 744 2403 tuum
759 2371 904 2410 prosequi,
922 2371 956 2402 ad
973 2380 1061 2410 partes
1074 2371 1224 2403 Britanniae

166 2423 195 2446 te
217 2416 347 2446 conferre
367 2424 436 2445 cum
460 2413 574 2443 Armaza
595 2410 742 2449 Potentia,
762 2420 792 2441 ut
811 2411 920 2448 asseris,
939 2410 1093 2450 curavisti,
1111 2411 1158 2441 ubi
1195 2420 1224 2442 te

167 2453 309 2483 Guerram
322 2462 420 2484 contra
436 2452 550 2488 Regem
571 2451 690 2481 faciente
711 2449 896 2486 praedictum,
912 2449 1146 2487 supervenerunt,
1195 2461 1223 2481 e-

166 2493 301 2522 nerabiles
325 2492 430 2521 Fratres
448 2489 558 2527 nostri,
577 2488 676 2519 Petrus
690 2511 700 2526 ,
718 2487 933 2517 Penestrinensis
949 2510 958 2524 ,
983 2488 1015 2518 &
1040 2487 1198 2518 Ambaldus
1213 2512 1223 2528 ,

167 2529 393 2567 Tusculaneniis,
414 2526 743 2567 Episcopi,Apostolicae
757 2525 836 2555 Sedis
851 2524 981 2564 Nuncii,
1000 2536 1048 2563 per
1065 2537 1116 2557 nos
1132 2525 1224 2566 miffi,

207 2569 322 2608 Qubus
337 2569 515 2599 traciantibus
531 2566 564 2596 &
580 2565 763 2597 mediantibus
777 2567 848 2594 inter
862 2564 911 2594 Te
925 2575 958 2595 ac
974 2564 1087 2604 Regem
1099 2566 1222 2596 eundem

166 2608 243 2638 initae
256 2607 367 2638 fuerunt
379 2608 502 2637 invicem
515 2605 640 2643 Treugae
651 2613 685 2634 ac
698 2602 827 2641 firmatae,
845 2602 983 2633 duraturae
999 2605 1084 2642 usque
1104 2604 1138 2634 ad
1161 2615 1223 2635 cer-

166 2654 231 2676 tum
247 2655 376 2684 tempus,
395 2645 465 2675 infra
482 2642 576 2682 quod,
595 2652 692 2673 corani
706 2642 804 2678 nobis,
821 2640 855 2671 de
872 2639 951 2672 Pacis
971 2641 1136 2672 Concordia
1160 2653 1223 2673 rnu-

167 2692 228 2722 tua,
251 2695 318 2715 curn
334 2684 474 2721 Nunciis,
492 2680 637 2712 hincinde
651 2679 834 2716 destinandis,
853 2681 965 2709 interim
982 2680 1160 2719 trac‘iaretur,

204 2723 244 2753 Ita
266 2723 345 2761 quod
367 2721 496 2759 Treugae
519 2720 584 2757 ipsae
603 2720 708 2757 ubique
731 2718 801 2748 infra
823 2717 999 2748 Potestatern
1021 2717 1146 2749 Partium
1162 2743 1171 2756 ,
1188 2719 1222 2750 δε

167 2762 317 2798 specialiter
331 2763 358 2791 in
372 2760 489 2790 Ducatu
505 2758 672 2796 Britanniae,
690 2758 762 2787 inter
774 2756 822 2786 Te
837 2766 870 2787 ac
886 2756 1002 2793 Regem
1018 2757 1123 2794 ipsum,
1141 2757 1175 2788 &
1189 2767 1223 2787 u-

169 2800 290 2838 triusque
304 2798 431 2831 vestrum
448 2798 647 2835 Adhaei’entes,
665 2797 750 2825 etiam
763 2794 842 2833 sijus
859 2796 889 2825 in
902 2795 1006 2826 eodem
1026 2795 1143 2826 Ducatu
1163 2795 1223 2826 Bri-

163 2839 270 2869 -tanniae
285 2839 310 2869 se
323 2839 424 2868 habere
435 2835 656 2876 praetenderent,
675 2835 860 2871 servarentur,

207 2877 355 2917 Qiodque
367 2885 466 2907 ornnes
479 2874 668 2912 Coadjutores
681 2873 715 2903 &
732 2871 844 2910 Alligati
865 2871 1004 2917 utriusque
1025 2873 1106 2909 partis
1127 2873 1157 2902 in
1177 2872 1223 2903 tali

168 2915 342 2946 Poffeffione
361 2916 381 2935 '¹‘
400 2914 511 2944 Rerum
533 2913 566 2943 δε
586 2911 734 2942 Bonorum
753 2910 867 2940 suorum
883 2933 893 2947 ‚
919 2920 974 2948 qua
996 2919 1072 2940 erant
1093 2919 1222 2947 tempore

168 2964 228 2992 quo
244 2956 322 2985 initae
337 2954 448 2984 fuerunt
462 2951 586 2989 Treugae
598 2973 607 2988 ,
628 2950 690 2988 ipsis
703 2949 864 2979 durantibus
878 2958 1068 2986 remanerent,
1088 2951 1171 2979 certis
1192 2960 1222 2979 a-

168 2993 210 3023 liis
229 2992 328 3023 Modis
340 2992 373 3024 ὃς
387 2990 608 3022 Conditionibus
624 2988 753 3026 appositis
763 2988 793 3018 in
806 2987 909 3018 eisdem
923 2986 1045 3025 Treugis
1057 2988 1166 3026 plenius
1187 2989 1221 3019 &

169 3041 204 3061 ex
226 3031 306 3061 ressis.

206 3042 247 3100 sit
260 3070 447 3109 subjungitur,
462 3066 614 3105 praeteres,
631 3065 658 3094 in
674 3064 777 3107 eisdem
792 3064 890 3108 quod,

209 3107 289 3138 Cum
311 3108 365 3146 iic,
382 3107 432 3137 sub
454 3107 500 3143 spe
518 3105 699 3140 Treugarum
716 3103 890 3140 huiuimodi,
911 3102 989 3133 Pacis
999 3102 1136 3134 arridente
1151 3102 1223 3135 fidu—

166 3146 214 3177 cia
224 3169 233 3184 ,
251 3155 297 3183 tu,
315 3145 429 3175 dimiffis
443 3144 536 3182 paucis
549 3142 685 3180 aliquibus
699 3142 726 3170 in
741 3140 935 3178 Britannia,in
949 3141 1079 3180 Angliam
1094 3142 1206 3172 redisses
1212 3165 1223 3180 ,

169 3185 306 3222 tuosque,
324 3184 402 3222 super
409 3183 546 3213 Tra&atu
562 3181 637 3211 Pacis
651 3179 954 3218 praedietae‚Nuncios
968 3180 1001 3209 ad
1017 3179 1142 3210 nostram
1151 3191 1224 3219 prze-

171 3223 288 3254 sentiam
299 3222 457 3253 destinasses
464 3244 474 3259 ‚

209 3261 435 3299 Supervenerunt
450 3260 500 3289 tibi
515 3258 625 3296 Nova,
642 3267 703 3288 non
717 3257 817 3294 parurn
834 3256 983 3294 pungentia
999 3265 1222 3295 nientemtuam,

170 3299 208 3330 de
223 3309 317 3330 morte
331 3298 484 3337 (videlicet)
500 3295 692 3334 quorumdam
714 3294 888 3332 Nobilium,
907 3304 1055 3331 captorum
1075 3296 1102 3324 in
1120 3294 1225 3325 Britan-

170 3338 220 3369 nia
237 3338 274 3368 de
293 3337 426 3368 mandato
444 3335 551 3374 speciali
570 3334 639 3364 disti
659 3334 767 3371 Regis,
782 3334 815 3363 &
836 3332 936 3362 ultimo
957 3333 1091 3370 supplicio
1108 3332 1224 3364 Patisius

171 3376 355 3408 traditorum:
374 3385 490 3406 necnon
503 3373 539 3403 de
552 3373 648 3411 Strage
660 3382 693 3402 ac
709 3371 939 3413 Depopulatione
961 3370 1063 3409 magna
1082 3371 1222 3402 Fidelium

173 3415 208 3445 &
227 3414 412 3445 Subditomm
434 3421 550 3443 tuorum
573 3412 602 3441 in
623 3410 788 3446 Britannia,
806 3408 945 3439 vasconia
958 3431 968 3446 ,
985 3410 1018 3440 &
1043 3409 1128 3440 Locis
1150 3411 1225 3448 aliis,

173 3452 406 3490 TraCtatibusque
425 3450 547 3481 subdolis
569 3450 603 3480 &
623 3449 741 3479 occultis
761 3457 829 3478 curn
853 3448 976 3485 Alligatis
990 3448 1024 3478 &
1038 3447 1160 3478 Subditis
1173 3450 1225 3478 tuis

173 3491 273 3520 habitis
290 3492 372 3558 {quos
386 3491 435 3520 tibi
448 3489 570 3525 auferre,
579 3488 686 3525 sibique
698 3487 836 3516 nitebatur
849 3487 970 3516 atrahere
986 3485 1050 3516 Rex
1063 3486 1223 3523 praedic‘tus)

174 3529 209 3559 ἃ
221 3529 278 3558 aliis
305 3529 397 3567 njuriis
411 3528 443 3558 ὃς
459 3527 661 3561 Novitatibus‚
679 3535 727 3561 per
738 3525 859 3555 Terram
876 3525 908 3555 ὃς
923 3523 1006 3554 Mare
1020 3533 1119 3564 contra
1140 3525 1227 3554 dieras

174 3567 303 3606 Treugas
315 3567 557 3604 attemptatis-,per
571 3574 636 3601 quae
651 3563 777 3602 Treugas
791 3562 858 3600 ipsas
875 3572 923 3599 per
939 3571 1043 3600 partem
1055 3562 1143 3601 Regis
1159 3563 1227 3601 ejus-

176 3605 244 3635 dem
259 3605 400 3643 reputabas
411 3604 521 3642 penitus
536 3602 686 3633 dissolutas.

214 3642 252 3673 Et
268 3644 410 3681 quamvis,
430 3643 466 3672 sic
483 3642 542 3679 iplis
556 3641 676 3678 Treugis
689 3639 844 3677 diffolutis,
862 3638 1003 3668 Guerram
1026 3638 1158 3675 potuisses
1178 3649 1228 3677 pei·

180 3681 292 3717 culpam
306 3681 393 3711 Partis
407 3681 513 3710 alterius
528 3678 696 3715 resumsiffe,
711 3677 745 3707 ad
761 3676 871 3708 vitanda
885 3686 979 3707 tamen
994 3676 1170 3707 Guerrarum
1185 3679 1228 3714 ip-

180 3718 269 3748 sarum
290 3718 476 3757 Discrimina,
493 3717 513 3747 fi
534 3717 625 3754 posses
645 3717 875 3747 reformationem
895 3716 1026 3745 obtinete
1039 3715 1230 3753 Attemptato-

182 3764 245 3784 rum
266 3756 422 3794 hujusmodi
446 3757 560 3793 cupiens
579 3756 718 3793 experiri,
743 3753 856 3783 diversis
881 3753 992 3783 vicibus
1017 3752 1137 3783 diversos
1166 3763 1230 3784 tuos

182 3791 334 3830 Nuncios,
353 3795 410 3824 tam
427 3795 460 3824 ad
476 3792 651 3824 tractandum
665 3793 743 3830 super
758 3791 832 3822 Pace
846 3791 997 3829 praedicta,
1015 3792 1102 3829 quam
1125 3791 1159 3821 ad
1181 3801 1231 3828 pe-

183 3830 298 3861 tendum
313 3832 541 3862 reformationem
555 3831 796 3868 Attemptatorum
819 3829 1036 3868 patriciorum,
1051 3829 1087 3859 ad
1105 3829 1230 3859 nostram

182 3868 325 3898 destinasti
340 3870 524 3907 praesentiam,
542 3870 575 3900 δε
588 3869 709 3899 Statutos
721 3868 801 3906 super
813 3868 871 3897 hoc
888 3868 1044 3908 Terminos
1052 3866 1230 3906 prorogffii,

183 3906 340 3937 resumendi
353 3906 494 3937 Guerram
509 3907 645 3945 potestate
655 3908 707 3937 tibi
718 3906 918 3936 nichilominus
931 3906 1073 3936 reservata.

222 3944 260 3975 Et
274 3945 337 3982 quia
350 3945 405 3980 iarn
417 3945 514 3975 Statuti
528 3945 608 3984 elapsi
623 3946 684 3975 sunt
698 3945 833 3975 Termini
847 3944 881 3974 ad
896 3943 1089 3982 tractandum,
1107 3944 1140 3974 δε
1157 3942 1231 3973 nulla

182 3984 230 4014 via
250 3982 330 4013 Pacis
341 3983 514 4012 *rationabilis
532 3984 583 4013 tibi
599 3984 627 4012 in
644 3983 745 4013 eisdem
761 3982 888 4012 Nunciis
909 3982 961 4012 fuit
971 3991 1078 4019 aperta,
1096 3991 1150 4012 nec
1165 3980 1230 4011 Rex

183 4021 330 4059 praedici-us
352 4020 524 4057 Attemptata
545 4020 718 4057 hujusmodi,
737 4021 803 4050 licet
819 4030 867 4058 per
884 4019 989 4050 nostras
1004 4020 1122 4050 Litteras
1136 4020 1231 4056 requi-

181 4061 246 4093 fitus
266 4059 385 4099 pluries,
401 4067 550 4095 revocare,
568 4058 612 4089 sed
630 4058 816 4096 multiplicare
835 4059 944 4090 curavit
955 4067 1054 4090 contra
1073 4066 1100 4089 te
1116 4057 1230 4096 Injurias

613 157 1418 210 CONVENTIONEQ

1277 244 1311 275 δε
1334 242 1476 274 Offensas:
1495 251 1527 274 ut
1547 252 1654 274 taceres
1672 244 1709 275 de
1730 244 1825 275 multis
1844 241 2025 281 Exceffibus,
2043 251 2094 281 per
2112 243 2268 277 Nuncium
2285 240 2343 278 ‘no‘-
2361 239 2438 271 Ann-
2453 239 2495 272 D,

1474 157 1872 211 LITER‘AE,

1278 282 1386 320 strum,
1402 282 1436 313 ad
1450 283 1536 313 dietas
1551 291 1640 321 partes
1655 282 1806 313 Britanniae
1819 292 1879 320 prov
1892 281 2024 312 faciendis
2038 282 2179 314 observari
2201 284 2342 322 praedictis

1278 320 1402 360 Treugis
1421 321 1607 359 destinatum,
1623 330 1732 358 partem
1753 329 1854 351 contra
1874 328 1904 350 te
1922 330 1956 351 ac
1976 328 2040 351 tuos
2059 320 2242 361 assumendo,
2257 333 2343 355 com-

1278 358 1382 397 missis,
1401 360 1481 397 super
1497 360 1597 398 quibus
1621 361 1664 397 (ut
1683 359 1808 396 dicebas)
1833 368 1904 398 nos,
1920 358 1985 390 licet
2008 360 2148 399 requisiti,
2163 360 2342 394 Remedium

1277 397 1397 428 minime
1410 400 1571 429 curavimus
1585 397 1734 436 adhibere,

1313 435 1399 473 Apud
1413 435 1532 476 Deum,
1550 437 1585 468 &
1599 437 1730 468 Sanctam
1743 435 1916 473 Ecclefiam,
1933 444 1966 466 ac
1981 435 2144 474 Populum,
2158 438 2244 469 debes
2251 448 2339 471 excu-

1277 472 1346 504 satus
1368 474 1481 513 haberi,
1499 475 1519 505 si
1538 475 1698 520 hujusmodi
1720 475 1792 506 Vim
1813 475 1846 505 &
1859 473 2010 513 Injuriam,
2027 475 2098 506 cum
2111 476 2203 516 aliud,
2221 486 2252 508 ut
2269 487 2338 515 pro-

1277 512 1421 551 ponebas,
1438 523 1499 543 non
1515 523 1632 551 reperias
1642 513 1836 552 Remedium,
1850 514 2002 553 praesertim
2018 523 2087 544 cum
2104 513 2224 547 Causam
2234 514 2350 555 justam.

1278 557 1306 580 te
1319 550 1423 581 habere
1435 551 1532 582 asseras
1539 574 1550 590 ,
1567 552 1728 590 propulsare
1740 562 1883 591 procuras.

1316 589 1521 628 Qiamobrem
1534 597 1581 628 tu,
1599 598 1726 628 reputans
1740 590 1868 630 Treugas
1880 589 2040 628 praedietas,
2058 599 2092 621 ex
2108 592 2194 624 caufis
2210 594 2338 632 praemis-

1278 626 1312 657 fis
1328 629 1407 666 (quas
1420 628 1486 666 scis,
1504 629 1538 659 &
1552 628 1622 659 loco
1637 638 1670 659 ac
1682 637 1812 667 tempore
1825 629 1946 667 probare
1965 628 2101 668 intendis,
2119 630 2140 662 fi
2160 634 2336 674 oportuerit,

1278 665 1336 696 effe
1350 667 1438 701 veras)
1454 676 1503 704 per
1518 667 1667 704 praefatum
1680 667 1793 706 Regem
1829 669 1863 699 ὃ(
1875 667 2046 698 adhaerentes
2058 668 2138 707 suos,
2155 670 2213 701 effe
2247 673 2337 702 maxi-

1278 706 1326 734 rne
1341 705 1369 735 in
1385 705 1463 735 dicto
1476 704 1593 735 Ducatu
1606 703 1755 735 Britanniae
1791 691 1933 737 dissolutas
1939 729 1950 745 ,
1965 706 2089 738 dicendo
2105 708 2148 744 (ut
2168 695 2238 740 curii
2259 709 2336 742 Pace

1276 752 1310 773 ac
1327 742 1501 774 Reverentia
1521 742 1617 774 nostra
1640 729 1774 782 loquaris)
1793 743 1906 782 Regem
1927 744 2068 783 eundem,
2087 754 2222 785 tanquam
2236 746 2336 780 Viola-

1277 789 1371 812 torem
1391 782 1572 851 Treugarum
1593 781 1728 820 ipsarum,
1746 792 1779 813 ac
1801 781 1954 814 Inimicum
1973 785 2007 816 &
2025 783 2238 816 Persecutorem
2251 795 2334 818 tuum

1276 819 1452 858 Capitalem,
1520 829 1637 851 tuorum
1651 819 1808 851 invasorem
1829 819 1958 859 jurium,
1972 822 2131 862 diffidaba53
2150 824 2335 861 protestando

1276 859 1477 889 nichilominus
1499 867 1527 889 te
1547 859 1623 889 nolle
1642 859 1671 889 in
1692 857 1831 889 offensam
1846 858 1974 889 nostram
1987 862 2032 892 vel
2045 861 2123 892 Sedis
2139 862 2336 904 Apostolicae,

1276 907 1349 935 quos
1364 898 1484 927 revereri
1499 899 1578 936 cupis
1591 906 1621 928 ut
1631 897 1733 935 debes,
1752 907 1806 928 nec
1827 898 1858 927 in
1880 897 1994 935 alicujus
2009 899 2142 938 lnjuriam
2165 901 2270 940 aliquid
2292 911 2333 934 at-

1275 944 1431 973 temptare;
1448 935 1494 966 sed
1509 936 1601 967 solum
1614 945 1683 966 curn
1698 935 1830 967 ordinato
1845 934 2040 968 moderamine
2049 937 2118 978 Jura
2135 948 2181 971 tua
2201 941 2335 981 prosequi

1276 974 1310 1005 &
1324 974 1474 1006 defendere
1490 974 1538 1005 Te
1553 985 1585 1006 ac
1600 974 1678 1005 Tua.
2190 987 2192 989 ·

1311 1011 1438 1051 Ideoque
1452 1012 1629 1051 Apostolicae
1641 1012 1818 1045 Rediitudini
1836 1013 1913 1052 (quae
1928 1014 2043 1045 metitur
2057 1013 2166 1055 singulis
2179 1017 2261 1056 aequfi
2283 1017 2336 1049 Li-

1275 1051 1336 1088 bra)
1351 1051 1482 1082 devotius
1494 1053 1527 1082 &
1542 1051 1694 1090 humilius,
1711 1062 1772 1091 quo
1785 1060 1913 1090 poteras,
1930 1052 2101 1091 supplicabas
2124 1062 2172 1093 ut,
2188 1057 2335 1093 praemiffis

1274 1091 1303 1121 in
1318 1091 1444 1120 examine
1459 1089 1562 1121 debitae
1579 1090 1807 1122 considerationis
1819 1090 1964 1129 adductis,
1982 1090 2019 1121 de
2032 1100 2060 1122 te
2074 1092 2196 1132 benigne
2213 1094 2334 1135 sentire,

1274 1137 1359 1166 teque
1372 1129 1552 1168 dignaremur
1565 1129 1668 1160 habere
1681 1129 1761 1168 super
1774 1129 1827 1159 hiis
1840 1129 2008 1160 excusatum.

1312 1167 1396 1198 Nam
1415 1168 1554 1205 praemiffa
1575 1177 1604 1198 te
1621 1167 1712 1198 facere
1734 1166 1827 1199 asseris
1846 1176 1963 1206 propter
1986 1167 2131 1200 defessum
2148 1169 2284 1203 Remedii
2296 1174 2332 1206 δε

1273 1207 1378 1275 invisus
1390 1230 1400 1244 ,
1425 1206 1461 1237 ad
1482 1206 1590 1238 Pacem
1608 1214 1637 1237 te
1656 1205 1781 1238 offerens
1792 1229 1802 1246 ,
1826 1207 1897 1238 curn
1915 1216 1978 1238 eam
1999 1207 2103 1238 habere
2121 1210 2226 1247 poteris
2250 1210 2332 1243 bono

1275 1254 1328 1276 mo
1348 1255 1378 1276 0.

1310 1283 1384 1315 Sane
1407 1283 1472 1322 (Fili
1494 1283 1681 1322 dileffiffime)
1700 1286 1781 1316 novit
1801 1283 1957 1325 Altiffimtis
1970 1285 2041 1323 ⁴(qui
2053 1285 2198 1317 Scrutator
2212 1286 2254 1318 est
2269 1297 2336 1319 cor-

1273 1322 1354 1353 dium
1368 1323 1401 1353 &
1414 1322 1559 1363 Cognitor
1573 1323 1759 1361 secretorum)
1778 1323 1875 1361 quod,
1890 1321 2043 1362 postquam
2064 1323 2100 1355 ad
2120 1324 2234 1356 Summi
2253 1325 2336 1365 Apo-

1273 1360 1391 1392 stolati'is
1408 1363 1520 1400 apicem
1544 1361 1651 1393 Divina
1671 1361 1818 1393 Miseratio
1838 1371 1891 1392 nos
1911 1363 2063 1400 provexit,
2081 1362 2115 1394 ad
2136 1362 2336 1398 Concordiam

1273 1401 1346 1431 inter
1361 1399 1410 1431 Te
1431 1401 1465 1432 ὃς
1487 1400 1610 1431 eundem
1632 1401 1746 1441 Regem
1767 1401 1973 1439 procurandam
1994 1400 2113 1432 fideliter
2128 1402 2336 1443 laboravimus,

1273 1440 1355 1470 omni
1369 1439 1499 1476 singulari
1513 1438 1668 1470 affeetione
1680 1438 1850 1479 postpositi,
1869 1441 1903 1471 &
1918 1439 2010 1470 adhuc
2025 1439 2191 1480 offerimus,
2206 1450 2265 1472 non
2273 1452 2336 1480 par-

1273 1477 1369 1508 cendo
1386 1477 1562 1517 Laboribus,
1580 1478 1691 1517 aliisque
1702 1477 1841 1514 Negotiis
1854 1477 2059 1517 praetermiffis,
2077 1487 2161 1518 prout
2174 1488 2231 1511 tuae
2246 1479 2337 1512 Celfi-

1272 1515 1363 1548 tudini
1377 1526 1425 1554 per
1440 1515 1547 1547 nostras
1563 1517 1614 1548 tibi
1628 1516 1718 1548 miffas
1735 1516 1853 1548 Litteras
1864 1517 2008 1548 credimus
2023 1516 2080 1548 else
2092 1525 2202 1549 notum.

1312 1554 1470 1593 Postquam
1482 1563 1576 1586 autem
1590 1557 1667 1586 initae
1680 1556 1794 1586 fuerunt
1806 1555 1891 1586 distae
1904 1555 2031 1592 Treugae
2049 1557 2121 1587 inter
2140 1557 2190 1587 Te
2207 1557 2335 1590 diffisum-

1274 1602 1329 1632 que
1350 1593 1483 1634 Regem,
1523 1605 1566 1625 uae
1584 1595 1670 1625 nobis
1692 1594 1827 1632 gaudium
1849 1604 1908 1625 non
1927 1594 2076 1625 modicum
2091 1595 2258 1636 attulerunt,
2274 1597 2336 1635 spe-

1273 1642 1363 1664 rantes
1377 1642 1411 1664 ex
1428 1633 1490 1672 ipsis
1529 1634 1586 1664 acis
1600 1633 1853 1664 Reformationem
1868 1642 2033 1672 perpetuam
2056 1633 2244 1673 postmodum
2267 1645 2336 1673 pro-

1273 1673 1386 1710 venire,
1403 1670 1501 1703 nostro
1515 1671 1638 1703 frustrati
1651 1671 1743 1702 sumus
1756 1671 1894 1703 desiderio
1915 1672 2001 1710 usque
2019 1681 2146 1711 quaque3
2165 1672 2336 1706 confidimus

1273 1719 1369 1742 tamen
1383 1711 1412 1741 in
1426 1710 1563 1741 Domino
1575 1710 1656 1750 quod
1671 1710 1756 1748 illud,
1775 1710 1853 1748 quod
1875 1709 2006 1741 nondum
2027 1710 2136 1742 factum
2157 1713 2264 1751 extitit,
2281 1712 2338 1744 do-

1273 1758 1356 1780 nante
1369 1750 1426 1788 ejus
1439 1748 1542 1788 gratis,
1560 1750 1665 1788 poterit
1679 1748 1868 1786 imposterum
1882 1749 2044 1787 prosperari.

1308 1787 1403 1819 Porro
1424 1788 1488 1826 quia
1505 1788 1563 1826 illi,
1582 1789 1631 1826 qui
1649 1787 1739 1818 dietas
1762 1795 1836 1827 tuas,
1855 1788 1937 1817 nobis
1948 1786 2055 1825 miffas,
2077 1787 2196 1819 Litteras
2215 1787 2335 1820 dietita-

1273 1834 1358 1866 runt,
1375 1827 1415 1857 rei
1428 1827 1575 1857 veritatem
1586 1826 1697 1857 forsitan
1711 1826 1893 1866 ignorabant,
1910 1826 1995 1856 multa
2008 1826 2159 1862 posuerunt
2174 1828 2204 1857 in
2224 1829 2280 1865 eis,
2298 1829 2333 1860 &

1273 1866 1363 1910 aliqua
1378 1873 1544 1935 tacuerunt,
1563 1866 1593 1896 in
1615 1866 1714 1904 quibus
1735 1874 1897 1897 erraverunt
1919 1864 2097 1904 notabiliter,
2115 1865 2224 1896 factum
2244 1867 2336 1898 taliter

1274 1913 1382 1936 recitari
1403 1914 1431 1935 0.

1310 1943 1409 1975 Novit
1425 1944 1502 1973 enim
1517 1950 1564 1974 tua
1576 1943 1736 1975 Sublimitas
1749 1942 1829 1982 quod
1839 1966 1848 1981 ,

1311 1982 1396 2013 Licet
1409 1982 1578 2013 Tradtatum
1594 1983 1627 2014 &
1644 1982 1816 2013 Ordinatum
1830 1983 1859 2012 in
1874 1980 1977 2012 eisdem
1990 1981 2113 2020 Treugis
2126 1981 2273 2020 extitisset,
2286 1985 2335 2022 ut,

1294 2031 1327 2051 ro
1350 2019 1426 2051 Pace
1446 2020 1605 2059 tractanda,
1623 2020 1748 2052 solennes
1768 2020 1881 2051 Nuncii
1903 2021 2039 2058 (quorum
2058 2021 2077 2039 ‘¹⁸
2097 2020 2185 2050 essent
2198 2021 2284 2059 aliqui
2296 2022 2335 2052 de

1299 2059 1405 2099 rosapia
1429 2058 1541 2099 Regalis
1561 2060 1680 2099 generis)
1701 2060 1736 2090 ad
1751 2059 1879 2091 nostram
1893 2059 2064 2098 praesentiam
2078 2061 2253 2090 mitterentur
2267 2059 2336 2093 hinc

1273 2098 1360 2138 inde,
1379 2098 1592 2137 praelibatusque
1606 2098 1669 2129 Rex
1685 2098 1812 2128 Franciae
1824 2098 1886 2128 suos
1904 2097 2040 2128 Nuncios
2053 2097 2180 2128 solennes

1311 2137 1387 2168 Inter
1407 2147 1478 2176 quos
1497 2146 1590 2175 erant,
1609 2137 1704 2168 dssecti
1725 2137 1802 2175 Filii,
1820 2136 1946 2167 Nobiles
1969 2136 2046 2174 Viri,
2064 2135 2161 2166 Petrus
2181 2121 2249 2166 buit
2263 2136 2336 2168 Bor-

1273 2176 1398 2214 bonesii,
1417 2177 1451 2207 &
1472 2175 1647 2207 Humbertus
1671 2175 1832 2215 Dalphiniis
1856 2174 2037 2213 Viennensis,
2053 2174 2088 2205 de
2101 2183 2203 2214 genere
2220 2175 2334 2216 Regio,

1273 2216 1307 2247 &
1322 2215 1405 2246 multi
1419 2215 1465 2246 alii
1479 2214 1608 2253 Praelati,
1627 2216 1660 2246 &
1673 2223 1784 2254 magnae
1797 2214 1967 2244 auetoritatis
1983 2213 2009 2243 V
2012 2214 2062 2252 iri,

1310 2253 1401 2285 Prout
1415 2253 1577 2284 ordinatum
1590 2255 1730 2292 extiterat,
1748 2263 1816 2283 curn
1834 2251 1976 2283 Mandatis
1988 2251 2190 2283 sufficientibus
2213 2252 2334 2284 destina-

1273 2293 1332 2331 vit,
1351 2293 1398 2330 qui
1412 2293 1439 2322 se
1454 2292 1488 2322 ad
1506 2291 1720 2330 procedendum
1734 2293 1764 2322 in
1777 2292 1916 2322 Tradtatu
1929 2290 2008 2322 Pacis
2024 2290 2185 2330 hujusmodi
2209 2292 2335 2323 multum

1272 2331 1447 2362 voluntarios
1459 2331 1646 2370 exhibebant,

1308 2370 1359 2400 Tu
1380 2379 1474 2400 tamen
1499 2369 1563 2403 (Fili
1585 2368 1783 2407 amantissime)
1810 2369 1939 2408 quamvis
1955 2368 2062 2407 aliquos
2083 2369 2169 2406 (inter
2183 2378 2256 2408 quos
2271 2379 2333 2400 non

1271 2417 1328 2439 erat
1341 2409 1438 2446 aliquis
1453 2408 1489 2438 de
1504 2407 1636 2446 prosapia
1652 2408 1773 2446 Regali,
1793 2408 1841 2438 nisi
1852 2431 1862 2446 ,
1881 2407 2010 2440 Dilectus
2026 2406 2128 2445 Filius,
2143 2406 2262 2438 Nobilis
2270 2408 2333 2447 Vir,

1270 2447 1419 2485 duntaxat,
1433 2447 1579 2485 Johannes
1592 2447 1627 2477 de
1640 2446 1777 2483 Criliaco)
1795 2447 1915 2485 miseris,
1938 2447 2013 2476 idem
2028 2454 2123 2476 tamen
2136 2445 2336 2484 Nobilis,fine

1270 2485 1328 2516 aliis
1347 2486 1475 2517 Nunciis
1496 2485 1672 2524 Maioribus,
1690 2486 1748 2515 tam
1770 2485 1807 2516 de
1828 2494 1930 2525 genere
1948 2493 2000 2515 tuo
2019 2483 2130 2524 Regio,
2148 2485 2236 2522 quam
2258 2484 2333 2522 aliis,

1271 2534 1343 2562 quos
1357 2524 1391 2554 ad
1404 2524 1529 2555 nostram
1545 2524 1718 2562 praesentiam
1732 2533 1865 2555 venturos
1880 2523 1945 2554 dice
1981 2531 2007 2561 t,
2023 2532 2076 2553 nec
2099 2522 2262 2565 procedere.
2275 2532 2332 2553 nec

2235 2570 2263 2589 ui
2277 2570 2332 2591 nec

1270 2563 1417 2600 expestare
1435 2563 1541 2601 voluit,
1556 2563 1602 2594 sed
1623 2564 1716 2600 potius
1741 2563 1777 2593 de
1798 2561 1886 2592 Curia
1905 2562 1956 2593 Ro
1989 2561 2041 2592 ana
2057 2559 2183 2596 receffit,
2315 2599 2330 2605 ,.

2254 2608 2331 2630 uncn

1271 2602 1368 2670 rgdiit,
1387 2611 1440 2633 nec
1454 2602 1514 2640 alii,
1532 2601 1568 2632 de
1584 2611 1688 2640 genere
1699 2610 1750 2632 tuo
1772 2600 1928 2639 praedicto,
1947 2601 1987 2630 tui
2011 2597 2202 2636 postmodum

1270 2649 1286 2670 a
1307 2649 1450 2671 venerunt.

1309 2677 1477 2709 Consideret
1499 2679 1583 2717 igitur
1605 2687 1652 2710 tua
1673 2678 1704 2709 R

1270 2724 1328 2746 tem
1341 2716 1410 2746 dieti
1425 2716 1534 2753 Regis,
1553 2716 1599 2747 vel
1613 2725 1706 2754 tuam,

1270 2755 1378 2784 cessum
1393 2755 1476 2785 suerit
1489 2754 1573 2784 dietae
1588 2754 1676 2784 Pacis.

1307 2792 1427 2831 Rursus,
1437 2793 1515 2830 super
1523 2802 1559 2822 eo
1568 2791 1647 2830 quod
1656 2816 1666 2830 ,
1673 2799 1788 2830 propter
1797 2789 1971 2828 Captionem
1979 2789 2012 2820 &
2019 2788 2204 2819 Punitionem
2217 2789 2333 2821 illorum

1268 2831 1444 2868 Nobilium,
1461 2833 1490 2861 in
1513 2830 1616 2861 eisdem
1636 2830 1747 2860 Litteris
1765 2829 1920 2859 asseruntur
1940 2827 2085 2866 praedid‘tae
2103 2828 2229 2864 Treugae
2243 2829 2333 2859 viola-

1268 2878 1322 2907 ιε,
1338 2870 1401 2900 alias
1414 2878 1470 2900 tuae
1486 2868 1711 2908 Magnificentiae
1723 2867 1872 2905 scripsisse,
1890 2868 1923 2899 ὃ(
1939 2867 1992 2897 tuis
2005 2866 2131 2896 Nunciis
2145 2865 2330 2905 dixiffe,me-

1268 2909 1421 2945 minimus,
1440 2907 1519 2946 quod
1533 2907 1662 2945 praefatus
1677 2906 1743 2937 Rex
1758 2906 1792 2936 ad
1807 2906 1964 2937 invectivas
1981 2904 2098 2935 Litteras
2119 2904 2246 2943 nostras,
2261 2906 2331 2936 mis-

1268 2946 1306 2976 sas
1319 2946 1366 2976 sibi
1382 2947 1460 2984 super
1476 2947 1553 2983 hoc,
1571 2946 1608 2976 fic
1622 2945 1782 2983 respondit,
1801 2944 1880 2982 quod
1897 2944 1934 2974 illi
1950 2942 2093 2981 Nobiles,
2110 2942 2245 2973 violando
2263 2944 2331 2983 ipsas

1269 2984 1398 3024 Treugas
1411 2983 1576 3022 manifeste,
1595 2985 1626 3015 in
1647 2984 1768 3023 partibus
1789 2982 1953 3019 Britanniae,
1970 2991 2004 3012 ac
2015 2981 2209 3025 *Homicidia,
2226 2981 2330 3019 Depo-

1269 3023 1441 3062 pulationes,
1459 3023 1609 3062 Incendia,
1627 3023 1660 3054 &
1675 3022 1725 3053 alia
1739 3021 1879 3052 horrenda
1894 3019 2037 3051 Maleficia
2050 3019 2260 3050 committendo
2275 3021 2330 3051 ibi-

1268 3061 1335 3092 dem
1349 3085 1359 3101 ,
1378 3062 1555 3100 flagrantibus
1578 3060 1738 3099 hujusmodi
1757 3061 1790 3092 &
1812 3061 1870 3090 aliis
1889 3058 2069 3089 Criminibus
2088 3059 2161 3101 capti
2175 3080 2186 3095 ,
2212 3067 2330 3097 propter

1266 3100 1518 3178 &gingiua
1531 3100 1576 3168 {1¹¹5
1592 3095 2159 3169 ¹⁷53?Lsss²dis31eieffoffie3²2¹ii³3effi³
2165 3097 2326 3167 isi-‘2532‘

1270 3149 1529 3246 ergani}
1546 3147 2157 3241 NJ
2170 3172 2206 3203 <¹2

1293 3227 1305 3245 Γ
1404 3234 1412 3244 Α
1591 3226 1601 3244 S
2108 3235 2114 3241 .

1302 3227 1371 3293 Qu
1395 3253 1510 3292 quidem
1526 3226 1662 3291 (comes,
1688 3237 1756 3283 {unc
1776 3250 1893 3281 existens
1917 3249 2055 3289 Parisius,
2078 3249 2106 3280 se
2125 3250 2208 3281 etiam
2232 3259 2329 3282 tecum

1271 3292 1446 3331 Colligatum
1460 3292 1539 3322 nullis
1555 3289 1858 3322 Confoederationibus
1872 3289 2016 3319 asserebat.

1315 3331 1385 3361 Nec
1407 3338 1483 3360 tuarn
1514 3330 1597 3360 etiam
1619 3328 1823 3359 Excellentiam
1849 3327 1933 3358 latere
1956 3326 2099 3358 credimus
2118 3327 2200 3365 quod
2212 3350 2222 3365 ,
2257 3327 2328 3359 ficut

1272 3367 1338 3399 Pars
1355 3369 1421 3398 Tua
1443 3367 1669 3405 conquerebatur
1688 3367 1725 3397 de
1745 3365 1923 3404 Attemptatis
1939 3375 1989 3404 per
2004 3365 2118 3395 Partem
2132 3365 2199 3396 dirisi
2219 3365 2325 3404 Regis,

1272 3408 1331 3436 tam
1353 3408 1381 3436 in
1403 3406 1541 3444 praedicsis
1561 3405 1711 3437 Britanniae
1724 3428 1735 3444 ‚
1754 3406 1841 3442 quam
1862 3404 2011 3435 Vasconiae
2025 3426 2034 3442 ,
2053 3404 2086 3435 δε
2109 3403 2166 3434 aliis
2187 3405 2326 3443 partibus,

1272 3454 1372 3475 contra
1384 3444 1529 3482 praedidhs
1543 3444 1686 3484 Treugas;
1704 3445 1740 3475 ita
1753 3445 1837 3474 etiam
1846 3466 1856 3482 ‚
1873 3451 1908 3474 ex
1921 3442 2052 3480 adverso,
2070 3441 2137 3472 Pars
2151 3442 2240 3481 Regis
2254 3452 2326 3482 prae-

1271 3483 1343 3514 dieti
1364 3483 1496 3513 asserebat
1515 3483 1721 3522 quamplurima
1743 3491 1791 3525 per
1814 3491 1878 3513 tuos
1889 3483 1924 3512 &
1936 3489 2043 3519 partem
2059 3487 2136 3510 tuam
2153 3479 2326 3518 Attemptata

1273 3521 1355 3552 fuisse
1368 3523 1397 3551 in
1411 3521 1534 3560 eisdem,
1551 3522 1585 3552 δε
1605 3522 1662 3551 aliis
1681 3521 1819 3558 pambus,
1839 3521 1872 3551 &
1891 3520 1921 3549 in
1942 3518 2037 3557 Mari,
2055 3519 2139 3549 etiam
2153 3527 2253 3555 contra
2266 3519 2326 3549 for-

1273 3569 1353 3627 niargi
1370 3560 1407 3628 ἐξ
1424 3568 1556 3628 εείςιοτὲτη.
1574 3559 1757 3627 Ἱῖζευεὶξζφ
1780 3559 1919 3627 isssamg'·
1932 3557 2010 3625 [ἔφη
2032 3556 2212 3595 Attemptatis
2234 3556 2326 3596 hujus-

1274 3607 1325 3628 mo
1348 3609 1355 3627 i
1391 3608 1480 3628 iveris
1524 3607 1595 3628 rticu
1609 3609 1629 3628 is
1642 3607 1676 3628 ex
1698 3608 1706 3627 ι
1729 3607 1770 3627 ins
1807 3607 1851 3626 ¹nc
1912 3606 1941 3626 in
1962 3606 1987 3626 e.

1311 3635 1437 3666 Directis
1449 3645 1543 3666 autem
1557 3646 1606 3674 per
1620 3636 1687 3666 Nos
1700 3636 1811 3666 Litteris
1825 3634 1927 3665 nostris
1941 3633 2019 3671 Regi
2032 3633 2151 3671 praefato
2160 3655 2170 3671 ,
2185 3632 2265 3672 super
2281 3642 2326 3663 re-

1274 3676 1417 3712 paratione
1431 3674 1674 3712 Attemptatoi·um
1687 3675 1810 3712 ipsorum
1827 3683 1880 3711 pro
1894 3672 1975 3702 Parte
1991 3672 2039 3702 tua
2057 3671 2242 3709 traditorum,
2259 3670 2325 3701 Rex

1273 3713 1366 3750 idem,
1384 3713 1462 3750 super
1476 3713 1533 3742 hoc
1548 3712 1594 3742 res
1607 3712 1758 3749 ondendo,
1775 3712 1857 3741 nobis
1873 3721 1921 3748 per
1931 3711 1990 3741 suas
2002 3710 2119 3741 Litteras
2141 3709 2279 3740 intimavit
2299 3708 2326 3738 st.

1274 3751 1347 3780 velle
1362 3750 1559 3782 inviolabiliter
1571 3761 1591 3780 0
1614 3751 1717 3781 servare
1730 3749 1817 3780 dietas
1829 3750 1977 3786 Treugas,
1994 3749 2028 3779 &
2043 3749 2135 3778 facere
2152 3747 2328 3783 Attemptam

1275 3798 1454 3827 quaecunque
1466 3799 1514 3826 per
1534 3788 1648 3819 Partem
1663 3789 1737 3819 suam
1755 3788 1843 3825 (siqua
1856 3787 1954 3824 essent)
1971 3786 2042 3830 dum
2057 3795 2152 3817 tamen
2166 3793 2197 3815 tu
2207 3783 2282 3827 idern
2290 3785 2326 3815 de

1275 3827 1457 3865 Attemptatis
1471 3837 1519 3864 per
1533 3826 1648 3856 Partem
1661 3835 1738 3857 tuam
1751 3824 1810 3857 fieri
1823 3825 1942 3863 faceres,
1958 3825 2074 3863 penitus
2087 3831 2222 3854 revocari.

1309 3864 1351 3909 *Et
1372 3865 1590 3909 nichilominus,
1609 3865 1720 3895 Litteris
1736 3863 1854 3908 nostris,
1872 3865 1950 3907 super
1971 3873 2009 3893 eo
2030 3862 2104 3906 Regi
2122 3860 2241 3900 praefato
2253 3859 2327 3890 dire-

1276 3903 1344 3941 ctis,
1362 3903 1442 3942 quod
1457 3903 1530 3940 ipse,
1546 3902 1695 3934 Dileetum
1709 3902 1812 3932 Filium
1818 3925 1828 3940 ,
1851 3901 1994 3932 Nobilem
2007 3899 2128 3935 Vnum,
2143 3897 2282 3929 Carolum
2290 3898 2327 3928 de

1275 3940 1373 3980 Blesis,
1394 3942 1421 3972 se
1439 3941 1607 3985 afferentem
1630 3941 1747 3985 Ducem
1768 3940 1917 3985 Britanniae
1929 3962 1939 3977 ,
1950 3939 2048 3982 juvare
2068 3936 2147 3973 super
2167 3937 2218 3967 hiis
2231 3960 2242 3975 ‚
2260 3946 2326 3980 quae

1275 3989 1325 4016 per
1339 3989 1405 4010 eum
1421 3979 1624 4017 (audiebamus)
1640 3981 1668 4009 in
1681 3977 1821 4009 Britanni&
1843 3978 1920 4021 fieri,
1936 3976 2096 4012 dicebatur,
2114 3984 2163 4012 per
2175 3975 2243 4019 'suas
2264 3974 2328 4004 alias

1277 4017 1393 4047 Litteras
1415 4019 1498 4048 nobis
1517 4018 1589 4056 saepe
1609 4017 1767 4062 respondit,
1785 4016 1866 4054 quod
1886 4014 1935 4052 ipsi
1957 4011 2082 4050 carolo,
2099 4023 2153 4043 nec
2172 4022 2201 4042 in
2214 4012 2330 4050 Gente,

1276 4065 1328 4086 nec
1341 4056 1369 4087 in
1383 4054 1525 4094 Pecunia,
1543 4066 1597 4088 nec
1613 4066 1643 4087 m
1657 4055 1714 4087 aliis
1726 4054 1957 4094 quibuscunque,
1973 4050 2091 4090 aliquale
2106 4050 2332 4119 Auxiliungprssz-t

2256 4098 2290 4120 ue

1755 2677 1787 2706 lis
1809 2675 1978 2711 Prudentia,
1997 2674 2017 2704 fi
2039 2683 2088 2711 per
2103 2673 2188 2711 Nos,
2207 2682 2254 2706 aut
2269 2685 2332 2713 par·

1749 2715 1830 2745 eterit
1844 2723 1904 2751 quo
1919 2714 2012 2743 minus
2031 2712 2066 2742 ad
2081 2712 2251 2744 Tractatum
2264 2723 2333 2752 pro-

2361 288 2476 355 &Q

2358 2032 2374 2050 ·
2384 2031 2490 2068 V.4672
