2562 4279
742 122 855 166 ET
937 119 1202 165 ACTA

0 213 76 251 Arm
90 210 129 244 Dr
149 215 201 247 bus
235 213 271 246 de
288 213 463 253 Apostolicae
479 209 656 250 benignitatis
670 209 842 248 plenitudine
857 209 1012 252 providere.
1109 245 1114 251 ⁶

23 261 108 293 1317.
188 238 329 292 dupinius
343 255 443 291 etiam,
462 252 539 282 Pater
555 252 618 289 pie,
633 249 732 279 vestrae
748 248 949 279 mansuetudini
966 246 1023 277 fieri
1040 242 1223 277 manifestum

0 294 66 324 Edv.
85 301 112 319 2.
148 293 248 331 quod,
267 293 286 323 si
302 291 442 329 Magister
467 289 560 320 Adam
584 288 620 318 de
636 287 777 324 Orleton,
811 286 897 316 dictae
918 285 1068 327 Ecclesiae,
1096 292 1126 313 ut
1147 281 1221 324 apud

147 342 200 361 nos
216 331 346 367 refertur,
362 328 564 367 praeficeretur,
582 325 658 363 quod
673 325 757 363 absit,
776 324 862 361 illud,
881 323 1049 361 quibusdam
1069 322 1106 351 de
1119 323 1221 357 causis,

148 380 214 408 quas
229 369 264 399 ad
278 369 393 406 praesens
407 367 589 401 subticemus,
611 364 691 392 nobis
705 373 791 399 grave
805 362 957 399 videretur,
972 371 1026 391 nec
1043 360 1109 390 illud
1130 358 1222 396 posse-

152 418 216 440 mus
229 418 282 445 pro
297 408 403 436 honore
419 403 517 434 nostro
534 401 711 441 quomolibet
727 401 853 431 tolerare.

188 446 363 486 Conservpt,
380 444 439 473 &c.
702 478 707 483 θ
799 478 804 483 .

215 483 285 515 Dat.
301 481 374 520 apud
393 477 616 518 Wyndesoram,
634 478 662 508 6.
678 477 726 508 die
741 476 826 507 Maii.

153 607 213 643 Ad
232 605 339 641 Adam
361 601 397 636 de
420 603 564 645 Orleton,
588 601 624 636 de
648 614 704 635 non
721 599 918 648 EpIfiopando
937 604 968 633 in
982 600 1061 633 disin
1077 600 1217 642 Ecclesia.

0 698 78 732 Ὰῃῃ,
93 694 135 728 Ι),
151 689 288 750 REX,
305 688 423 720 discreto
436 688 525 725 Viro,
545 686 684 727 Magistro
703 686 774 717 Adae
787 687 824 717 de
838 686 975 725 Orleton,
993 685 1114 716 salutem.

21 747 55 768 1⁷
64 744 108 773 17,
258 728 379 766 Nuper,
397 728 436 756 ob
452 726 551 764 aliquas
565 735 651 756 certas
665 725 772 763 causas,
791 725 954 756 Dominum
974 724 1127 755 Summum
1142 722 1220 753 Pon·-

0 758 56 808 ,Αηῗ
74 785 116 803 io.
151 765 257 798 tificem
271 767 434 803 rogavimus
470 774 519 802 per
534 763 638 794 nostras
655 764 771 794 Litteras
785 763 930 802 speciales,
949 771 978 793 ut
996 763 1150 793 Ecclesiam
1159 761 1221 792 He-

0 822 32 846 Ε,
53 824 79 841 2,
150 804 366 842 refordiensem,
385 802 426 832 Pa
451 802 518 833 orali
533 803 675 839 regimine
686 801 863 839 destitutam,
880 802 936 832 suae
952 802 1103 839 provisioni
1120 801 1152 831 &
1167 800 1223 830 dis-

0 860 72 884 Rom-
101 847 134 882 &2
152 844 282 882 pofitioni
303 841 458 876 reservaret:
489 841 523 872 &
550 841 645 871 eidem
664 840 816 878 Ecc1efiae,
845 840 982 871 dileetum
1001 840 1034 870 &
1054 839 1221 869 familiarem

1 899 42 922 Fr.
54 892 133 918 10.E.
151 881 296 913 Clericum
310 879 457 917 nostrum,
474 889 507 909 ac
521 878 707 909 Secretariuin
717 901 727 917 ,
745 878 915 918 Magistrum
924 878 1071 908 Thomam
1086 877 1122 908 de
1130 877 1223 907 Cher-

3 941 31 959 2,
44 939 80 959 m,
91 936 114 954 i.
153 921 247 959 leton,
257 919 331 958 Juris
344 917 445 948 Civilis
458 917 653 948 Professorem
676 917 722 955 (de
737 919 813 955 cujus
829 918 966 955 probitate
980 915 1155 947 &industria
1191 916 1221 945 in

151 960 269 998 partibus
285 957 352 995 iuis,
371 966 431 994 prae
454 957 576 994 caeteris,
594 957 676 986 certis
698 956 963 986 coniiderationibns
977 955 1132 992 pleniorem
1150 938 1221 984 fidu-

18 1005 37 1025 α
61 1004 116 1032 ΙΠ.
151 999 225 1033 ciam
248 996 268 1015 ²¹*
291 994 462 1034 optinemus)
491 994 636 1034 praeficere
654 994 813 1032 dignaretur
832 995 862 1025 in
885 993 1059 1034 Episcopum
1073 994 1106 1024 ὃς
1125 992 1223 1024 Pasto-

37 1043 105 1082 638.
152 1045 222 1068 rem.

185 1074 232 1105 Ac
247 1073 307 1110 jam
329 1072 411 1103 nobis
423 1071 539 1103 relatum
554 1072 600 1111 sit,
617 1071 696 1110 quod
717 1072 806 1102 dietus
828 1071 926 1109 Pater,
949 1070 1023 1101 faeta
1042 1070 1224 1101 reservatione

148 1111 327 1151 hujusmodi,
347 1111 381 1141 ad
403 1111 591 1149 quorumdam
611 1111 828 1142 Procurationes
847 1109 1020 1147 ambitiosas,
1037 1119 1105 1146 vos,
1123 1117 1224 1139 contra

148 1150 323 1183 voluntatem
338 1148 461 1180 nostram
476 1151 628 1189 expresiam
649 1150 725 1187 (licet
741 1149 776 1179 de
789 1149 890 1186 vobis,
908 1147 1059 1185 praesertim
1083 1147 1137 1177 isto
1148 1155 1225 1177 tem-

148 1199 219 1228 pore
230 1213 239 1228 ,
257 1189 296 1219 ob
309 1186 409 1225 aliquas
423 1196 508 1218 certas
529 1188 637 1226 causas,
655 1198 720 1225 quas
740 1187 775 1218 ad
795 1187 911 1224 praesens
934 1186 1118 1224 subticemus,
1138 1185 1225 1215 nulla-

148 1237 227 1260 tenus
242 1225 426 1264 confidamus)
445 1235 583 1264 proponat
603 1225 746 1264 praeficere
768 1225 900 1255 Ecclesiae
916 1224 1100 1263 supradietae3
1117 1224 1153 1254 de
1168 1233 1225 1262 quo

151 1267 183 1297 in
196 1267 301 1297 intimis
324 1265 540 1305 conturbamur,
559 1265 701 1303 praecipue
723 1264 794 1294 etim
810 1272 843 1294 ex
866 1264 939 1302 hoc,
958 1263 977 1293 fi
1002 1264 1040 1293 ita
1061 1262 1154 1301 fieret,
1169 1263 1226 1300 juri

150 1304 278 1336 Coronae
299 1303 401 1333 nostrae
425 1302 528 1340 Regiae
543 1303 724 1341 derogaretur
745 1301 986 1340 quamplurimum
1007 1302 1037 1331 in
1059 1301 1111 1332 hac
1132 1310 1226 1341 parte,

151 1344 288 1412 ach—cujus
306 1341 495 1373 defensionem
517 1352 584 1381 vos,
601 1350 697 1380 utpote
719 1340 811 1372 incola
833 1341 931 1378 Regni
956 1339 1060 1379 nostri,
1078 1340 1227 1371 noscimini

153 1392 175 1413 o
207 1393 291 1417 igan:

190 1418 399 1452 Disc'retionem
414 1421 534 1453 vestram
549 1428 714 1456 monemuS,
732 1419 765 1450 &
779 1418 922 1449 hortamur
944 1419 1064 1456 attente,
1083 1418 1165 1448 vobis
1183 1418 1227 1447 ni-

155 1459 328 1492 chilominus
336 1462 365 1491 in
378 1460 433 1491 fide
448 1462 482 1492 &
491 1457 727 1496 dile&ione,qu?i
741 1458 821 1488 nobis
836 1458 990 1494 tenemini,
1004 1456 1118 1487 firmiter
1134 1457 1227 1495 injun-

154 1506 269 1536 gentes,
289 1500 416 1537 quatinus
431 1498 464 1530 ad
485 1498 627 1528 honorem
647 1498 680 1528 &
704 1496 850 1526 utilitatem
875 1495 973 1532 Regni
997 1495 1103 1534 nostri,
1123 1506 1155 1526 ac
1175 1504 1227 1532 pro

154 1537 338 1575 tranquilitate
351 1538 430 1576 ipsius
444 1535 650 1574 conservanda,
668 1535 774 1565 semota
789 1535 910 1572 qualibet
928 1533 1080 1564 affectione
1101 1543 1228 1571 recipro-

153 1575 208 1614 (ῖέ,
228 1575 327 1607 vestrae
343 1576 572 1607 considerationis
583 1576 715 1604 intuitum
730 1573 896 1611 dirigentes,
913 1573 950 1603 fic
967 1574 1046 1602 caute
1061 1574 1094 1602 &
1110 1572 1230 1610 pruden-

153 1621 195 1644 ter
209 1624 262 1644 vos
280 1615 401 1645 habeatis
414 1616 444 1644 in
466 1614 518 1644 hac
540 1622 634 1651 parte,
652 1611 749 1650 quod,
774 1612 792 1641 si
813 1610 904 1641 forsan
932 1612 1013 1642 vobis
1033 1611 1124 1641 oblata
1145 1610 1231 1640 fuerit

154 1651 308 1683 Promotio
323 1653 358 1684 ad
373 1653 528 1684 Ecclesiam
543 1652 743 1692 supradictam,
762 1660 814 1681 vos
827 1649 964 1680 assensum
980 1649 1103 1683 vestrum
1119 1650 1148 1679 in
1170 1658 1231 1679 tan-

157 1699 189 1720 «)
211 1691 371 1722 discrimine
393 1691 542 1722 nullatenus
565 1690 724 1727 praebeatts‚
743 1689 823 1719 sicuti
846 1688 930 1718 vestri
951 1688 985 1718 &
1008 1689 1169 1718 amicorum
1182 1697 1232 1719 ve-

160 1728 283 1760 strorum
301 1729 515 1770 tranquilitatem
527 1727 646 1765 diligitis
661 1728 694 1759 &
711 1727 880 1764 profectum.

192 1767 229 1798 Et
241 1767 318 1806 super
332 1769 384 1798 hiis
399 1768 551 1805 omnibus,
568 1766 676 1796 diletffm
689 1766 722 1797 &
746 1765 876 1796 familiari
892 1763 1012 1796 Clerico
1029 1764 1144 1803 nostro,
1163 1763 1233 1795 Ma-

155 1805 246 1842 gistro
257 1807 381 1845 Johanni
396 1806 430 1836 de
445 1805 572 1836 Hildesse
591 1806 650 1841 (cui
675 1804 799 1835 nostram
816 1805 845 1834 in
866 1804 921 1834 hac
938 1812 1014 1842 parte
1033 1803 1142 1843 plenius
1165 1813 1233 1845 ape-

154 1845 261 1875 ruimus
274 1844 457 1881 voluntatem)
479 1843 567 1876 fidem
582 1843 734 1874 indubiam
750 1843 908 1874 adhibeatis.

191 1881 260 1914 Dat.
278 1883 350 1922 apud
364 1882 591 1925 Wyndesmam,
609 1882 687 1914 sexto
704 1881 754 1913 die
769 1881 851 1912 Maii.

134 2026 140 2033 -
180 2011 232 2047 De
251 2009 327 2044 Sede
346 2011 498 2059 praefata,
519 2020 639 2057 propter
661 2010 849 2095 PdVallerlfitZ
874 2008 1070 2064 Rcbellionem
1094 2010 1215 2056 confite-

541 2070 628 2103 tam,
651 2071 671 2093 a
693 2063 754 2107 imp
768 2072 801 2092 en
845 2083 854 2093 .

9 2145 90 2178 (Ann.
105 2141 148 2173 D.
165 2143 274 2205 PAP
283 2143 325 2175 AE
342 2143 408 2175 Rex
422 2144 525 2176 devota.
538 2144 643 2183 pedum
658 2144 753 2174 oscula
765 2145 924 2176 beatorum.

33 2191 120 2222 13¹7·
252 2183 444 2214 Desiderantes
464 2185 579 2214 obviare
602 2182 731 2221 periculis
744 2205 754 2221 ,
789 2193 852 2221 quae
873 2192 907 2213 ex
929 2181 1084 2214 rebellione
1105 2183 1239 2215 consueta

10 2227 67 2254 An.
89 2231 132 2248 io.
164 2221 351 2253 Wallensium
365 2223 464 2260 nobis,
481 2223 514 2253 δε
541 2222 650 2258 Regno
671 2220 785 2260 nostro,
803 2221 905 2252 exiretis
927 2223 1121 2260 temporibus,
1138 2232 1240 2253 evene-

10 2267 45 2291 Ξ.
67 2270 93 2288 2.
165 2268 248 2299 runt,
266 2260 364 2291 vestrae
380 2270 467 2303 nuper
482 2260 654 2290 Clementiae
675 2269 728 2301 nos
745 2260 894 2291 recolimus
915 2259 1094 2299 supplicasse,
1113 2262 1239 2299 quatinus

11 2305 85 2329 Rom.
102 2296 136 2330 &¹
162 2299 353 2336 provisionem
376 2297 509 2329 Lcclefiae
522 2297 758 2335 Herefordieniis,
791 2309 855 2336 quae
878 2300 951 2336 quasi
972 2299 1002 2329 in
1016 2298 1156 2329 Confinio
1178 2301 1240 2333 An-

12 2343 56 2367 Fr.
78 2346 121 2364 10.
161 2337 226 2376 gliae
246 2337 280 2369 &
302 2335 414 2367 Walliae
436 2336 544 2367 situatur
557 2359 568 2375 ,
594 2336 628 2367 &
658 2335 746 2374 plures
768 2336 850 2367 habet
871 2336 995 2367 subditos
1025 2337 1161 2375 utriusque
1189 2349 1241 2370 na-

15 2381 47 2405 E.
64 2386 91 2406 2.
108 2385 144 2404 m.
163 2376 263 2414 tionis,
280 2376 314 2407 &
326 2386 389 2414 quae
404 2374 526 2405 Pastoris
540 2374 580 2405 est
598 2373 695 2405 solatio
715 2373 860 2413 destituta,
875 2375 1081 2415 dignaremini,
1092 2376 1182 2410 nostri
1197 2378 1241 2407 in-

16 2423 46 2450 =1,
164 2414 233 2445 tuitu
242 2437 252 2452 ,
272 2413 370 2445 vestrae
383 2413 554 2452 dispositioni
569 2412 719 2450 reservare,
735 2423 767 2444 ac
778 2436 788 2452 ,
804 2413 943 2444 dileetum
960 2413 1126 2454 Clericum,
1145 2416 1179 2447 &
1190 2416 1242 2447 Se-

164 2453 312 2486 cretariurn
328 2452 476 2492 nostrum,
494 2451 665 2492 Magistrum
679 2452 831 2484 Tiiomam
853 2452 890 2484 de
907 2451 1063 2484 Cherleton
1074 2477 1084 2493 ‚
1097 2454 1170 2494 Juris
1187 2453 1242 2485 Ci-

166 2491 228 2525 vilis
243 2490 451 2530 Profefforem,

206 2530 270 2569 Qi
283 2540 318 2561 ex
331 2530 382 2560 illis
396 2530 519 2569 partibus
531 2530 612 2560 traxit
625 2531 762 2568 originem
771 2553 780 2568 ,
796 2530 830 2561 ὅτ
843 2529 947 2561 Fratres
955 2530 989 2561 &
998 2528 1240 2571 Consanguineos‚

165 2576 278 2608 magnae
291 2569 436 2610 probitatis
448 2569 481 2600 ὃς
496 2570 630 2607 potentiae
644 2570 736 2607 viros,
755 2569 837 2600 habet
854 2569 963 2599 ibidem
987 2570 1020 2600 δε
1044 2571 1164 2607 partibus
1185 2573 1241 2602 cir-

165 2608 349 2646 cumvicinis,
367 2618 417 2646 per
430 2609 507 2646 cujus
521 2606 781 2646 circumspectionis
794 2608 828 2638 &
843 2607 987 2638 'industriae
1001 2609 1242 2650 magnitudinem,

165 2645 201 2676 &
225 2647 384 2677 amicorum
405 2646 519 2677 suorum
541 2648 712 2685 potentiam,
737 2645 834 2676 divino
861 2647 910 2676 sibi
935 2646 1060 2684 praesidio
1085 2647 1222 2679 assistente

167 2683 351 2730 credebamus
374 2686 407 2716 &
432 2685 593 2716 constanter
614 2685 755 2715 credimus
776 2684 878 2715 statum
900 2684 986 2715 diciae
1005 2685 1141 2720 Ecclefiae
1161 2672 1241 2725 posi&

166 2722 267 2792 isigglius
288 2723 452 2764 reformari,
477 2724 510 2755 &
528 2723 674 2755 rebellium
695 2723 827 2754 tumultus
847 2724 880 2755 &
901 2723 1026 2755 scandala
1050 2724 1193 2763 pacificari
1208 2727 1242 2758 δε

215 2772 273 2800 ari,

205 2798 354 2845 Praeijcere
368 2799 516 2839 Regimini
528 2801 662 2832 Ecclesiae
675 2801 849 2840 supradictae.

204 2837 335 2880 Verum,
353 2840 416 2876 quia
429 2841 488 2878 jam
501 2841 586 2870 nobis
606 2841 642 2871 de
662 2841 863 2879 reservatione,
880 2849 930 2878 per
952 2850 1002 2870 vos
1021 2840 1112 2879 fadis,
1129 2842 1165 2872 ad
1189 2853 1242 2873 no-

171 2873 219 2906 stri
234 2884 380 2914 rogatum,
398 2888 512 2908 rumore
524 2878 634 2918 delato,
651 2879 687 2909 de
703 2879 888 2917 praefectione
907 2880 992 2910 etiam
1014 2879 1094 2917 ipiiiis
1112 2879 1242 2920 Magistri

171 2913 321 2958 Thomae,
337 2915 377 2944 ob
391 2917 526 2948 nostri&
540 2919 623 2948 totius
643 2917 742 2955 Regni
766 2917 853 2948 nostri
877 2917 1020 2947 utilitatem
1044 2919 1076 2948 δε
1100 2920 1243 2958 quietem,

171 2952 369 2996 certitudinem
392 2954 485 2985 audire
504 2956 616 2998 'ingenti
635 2955 770 2986 desiderio
792 2956 973 2993 affecitamus,
997 2965 1026 2986 ut
1044 2956 1132 2987 nostri
1157 2960 1245 2989 animi

169 2998 275 3021 votum
290 2999 382 3021 iterata
398 2992 490 3023 nostra
502 2993 660 3024 1nterceffi0
674 2995 779 3032 plenius
791 2994 945 3032 attestetur,
964 2994 1131 3025 Beatitudini
1147 2997 1244 3028 vestrae

170 3027 277 3060 affeetu
291 3040 350 3073 quo
365 3031 511 3068 possumus
525 3032 632 3062 cariore
643 3032 773 3063 duximus
784 3032 998 3071 supplicandum
1007 3056 1016 3071 ‚
1034 3035 1159 3072 quatinus
1175 3046 1244 3067 eun-

172 3067 241 3099 dem
257 3067 430 3106 Magistrum
446 3070 612 3109 Thomam,

212 3106 311 3149 Qem
331 3107 394 3138 alias
416 3107 514 3138 vestrae
537 3108 804 3139 commendavimus
823 3108 1011 3149 Clementiae,
1028 3110 1061 3141 ὅτ.
1083 3111 1161 3150 cujus
1179 3121 1247 3151 pro-

175 3152 334 3188 motionem
345 3146 380 3176 ad
395 3145 549 3178 Ecclesiam
564 3147 747 3185 supradictam
763 3158 820 3178 non
834 3149 926 3179 minus
947 3149 987 3179 ob
1007 3148 1119 3180 suorum
1141 3160 1246 3187 praero-

176 3191 309 3228 gativam'
319 3185 499 3224 meritorum,
519 3186 604 3224 quam
626 3186 749 3217 Fratrum
771 3187 805 3217 &
821 3183 977 3217 'Parentum
998 3186 1108 3219 suot-m
1123 3189 1247 3224 probita-

175 3229 253 3266 tem,
273 3222 487 3262 utilitatemque,
505 3225 538 3256 ὃς
553 3226 677 3266 quietern
698 3226 817 3262 partium
839 3225 1043 3264 adjacentium,
1059 3227 1092 3257 ὅ.
1116 3226 1247 3259 Ecclesiae

176 3260 344 3300 praelibatae,
361 3271 418 3306 prae
430 3264 551 3303 caeteris,
568 3274 637 3304 quos
652 3265 798 3301 novimus,
814 3263 1026 3294 desiderabiliter
1040 3265 1221 3305 affeetimus,

215 3297 360 3342 Praeficerc
383 3300 412 3330 di
432 3303 563 3341 nemini,
589 3302 626 3333 de
653 3301 751 3333 vestrae
772 3301 914 3340 potestatis
936 3303 1127 3343 plenitudine,
1151 3305 1246 3335 eidem

178 3336 313 3370 Ecclesiae
328 3347 358 3367 in
372 3337 411 3368 Pa
436 3349 526 3370 orem.

217 3375 401 3420 Consideratis
418 3379 541 3417 etenim,
563 3389 628 3418 quae
649 3380 843 3418 requiruntur,
861 3379 1080 3412 circumstantiis
1102 3382 1248 3422 universis,

178 3424 238 3460 non
252 3424 376 3458 occurrit
389 3417 470 3446 nobis
483 3417 562 3455 quod
574 3417 656 3456 possit
671 3418 762 3448 utilius
776 3418 811 3449 de
825 3419 896 3456 alio,
914 3419 1012 3450 diebus
1026 3419 1097 3458 istis,
1115 3431 1178 3459 quae
1195 3432 1248 3453 un-

179 3453 210 3484 di
232 3464 266 3484 ue
281 3452 359 3497 bellis
375 3453 552 3497 &scandalis
566 3456 765 3494 involvuntur,
784 3456 879 3488 eidem
894 3457 1027 3488 Ecclesiae
1043 3460 1195 3496 provideri.

245 3501 256 3523 t
269 3515 278 3531 ,
303 3502 366 3530 quia
389 3492 460 3537 dieti
482 3492 587 3524 Clerici
612 3494 702 3525 nostri
724 3494 873 3526 Promotio
895 3497 928 3527 ad
950 3496 1104 3528 Ecclesiam
1127 3498 1250 3539 supradi-

182 3530 280 3576 dssam,
299 3540 333 3574 ex
348 3530 512 3570 premitus,
529 3533 562 3563 &
575 3533 633 3563 aliis
650 3534 862 3574 quamplurimis
877 3534 1052 3565 evidentibus
1073 3545 1107 3566 ac
1125 3538 1250 3568 necessa-

183 3580 232 3600 nis
248 3572 348 3608 causis,
367 3579 425 3607 prae
443 3578 566 3609 caeteris,
583 3571 732 3608 specialiter
747 3572 843 3603 insidet
859 3574 942 3603 nobis
956 3574 1055 3612 cordi,
1073 3574 1134 3605 istas
1148 3575 1253 3607 nostras

183 3617 281 3652 preces
296 3609 333 3639 fic
347 3608 434 3639 vestra
447 3608 577 3648 dignetur
592 3610 727 3641 Sanffltas
741 3611 886 3651 exaudire,
904 3620 951 3650 ut,
968 3612 1002 3642 ea
1017 3612 1252 3653 consideratione,

183 3656 214 3677 in
229 3648 354 3686 cunetis,
371 3657 435 3685 quae
450 3647 548 3678 vestrae
570 3647 715 3679 Sanetitati
735 3649 865 3688 placitura
883 3650 1061 3689 videbimus,
1077 3651 1256 3692 obligatiores
1274 3650 1281 3658 ”

186 3685 345 3716 efficiamur
357 3687 529 3724 temporibus
544 3688 695 3724 oportunis.

222 3724 311 3768 Super
332 3724 383 3754 hiis
403 3734 496 3769 autem
511 3726 593 3755 nobis
628 3725 767 3769 siplacet,
784 3727 896 3759 rescribi
918 3727 1073 3768 quaesumus
1093 3728 1183 3761 vestra
1203 3731 1254 3761 be-

47 3782 81 3806 r*
94 3786 137 3814 ῘΠ
187 3763 325 3807 neplacita
339 3773 387 3800 per
404 3763 424 3783 ²*
438 3764 573 3808 dileetum
587 3747 735 3807 &leucum
748 3766 894 3811 nostrum,
912 3766 1252 3811 MagistrumJohannem

64 3825 82 3851 ⁶
142 3808 148 3815 ·
188 3800 224 3831 de
244 3800 385 3840 Hildesse,
410 3802 587 3839 praesentium
610 3811 794 3842 portitorem,
817 3815 864 3835 cui
888 3814 974 3836 etiam
997 3815 1026 3835 in
1047 3806 1116 3845 hiis,
1134 3817 1198 3845 quae
1220 3818 1253 3839 ex

188 3847 265 3908 page
279 3839 486 3909 noffirffgestrae
498 3841 693 3872 benivolentiae
712 3840 809 3872 referet
829 3853 879 3875 ore
891 3852 986 3883 tenus,
1005 3843 1091 3876 fidem
1107 3846 1196 3878 velitis
1211 3847 1255 3878 in-

210 3888 226 3908 U
248 3887 303 3907 iam
318 3889 332 3908 a
373 3889 381 3908 i
404 3890 456 3910 ere.

225 3915 271 3945 Ad
288 3917 428 3956 regimen,
448 3919 508 3949 &c.

224 3952 290 3985 Dat.
305 3954 378 3994 apud
393 3956 616 3996 Wyndesoram,
632 3955 707 3989 sexto
719 3956 765 3988 die
781 3955 865 3997 Maii,

1283 102 1765 161 rustica,
2257 131 2336 172 ης

2357 204 2432 236 Anii.
2447 201 2488 238 Di

2380 253 2392 274 ii
2404 254 2435 283 3¹-
2443 254 2470 284 7,

2349 285 2417 309 Eistl.
2428 294 2454 312 2.

1261 331 1460 403 VEnerabili
1476 338 1503 366 in
1520 337 1634 380 Christo
1650 337 1724 369 Patri
1739 338 1873 371 Domino
1888 338 1924 370 A.
1939 338 1997 369 Dei
2012 339 2118 385 gratis,
2135 338 2246 370 Sauerae
2264 336 2329 370 Ma*
2349 330 2400 356 ²4¹¹·
2421 335 2464 357 ¹0⁴

1338 386 1387 405 riae
1402 376 1500 418 Nova:
1514 375 1654 418 Diaconq
1667 377 1826 416 Cardinali,
1843 380 1940 409 amico
1952 378 2001 408 suo
2022 378 2184 417 karissimo,
2201 378 2330 416 salutem,
2354 371 2381 393 E.
2408 376 2434 395 2‘
2462 403 2470 414 r.

1259 414 1292 442 δί
1310 413 1423 443 sincerae
1439 413 1595 444 dileetioiiis
1609 415 1752 445 asteiffluni.
2352 409 2424 433 Rom.
2449 412 2484 437 (Τ

1298 450 1509 494 Οο”η1ὶάοῑαι]ῐςε
1531 452 1671 489 dispendia
1685 475 1694 490 ,
1723 463 1785 490 quae
1806 453 2033 493 Progenitoribus
2055 453 2158 485 nostris
2178 454 2211 484 &
2233 455 2330 493 nobis,
2351 445 2395 470 Ε’-
2419 453 2461 469 ¹0·

1259 491 1362 519 exactis
1379 490 1569 528 temporibus,
1588 500 1620 519 ex
1636 490 1802 521 Rebellione
1818 493 1859 521 W
1862 494 2001 523 alleniium
2018 500 2186 530 evenerunt,
2204 503 2265 522 non
2286 494 2330 522 in-
2349 485 2415 509 22⁵
2433 486 2471 515 m!

1424 255 1531 286 Lirem
1553 254 1682 300 ejusdem
1707 257 1877 301 argumenti
1899 249 1943 288 ad
1966 253 2153 289 Cardinales.

1210 556 1214 558 s
1260 528 1366 557 merito
1382 529 1536 558 excitamur
1547 528 1580 558 ad
1596 538 1645 566 esi,
1665 538 1713 565 per
1730 539 1791 566 quie
1810 530 1901 561 dietus
1925 531 2042 568 populus
2056 542 2070 562 a
2095 531 2148 561 suis
2170 532 2331 561 temeritati-
2354 529 2378 548 ¹⁶

1259 566 1311 595 bus
1328 565 1412 595 valeat
1424 566 1587 603 coherceri,
1605 568 1698 596 modis
1719 568 1751 597 &
1774 568 1824 596 viis
1839 570 1939 605 quibus
1957 571 2127 608 poterimus,
2145 570 2329 607 procuranda.

1299 602 1499 642 Qiamobrem
1518 604 1652 644 sperantes
1675 614 1721 641 pei·
1742 606 2026 642 circuiiispeetionem
2051 608 2218 646 providam,
2233 607 2330 638 dilecti

1259 640 1383 685 Clerici,
1403 643 1435 672 &
1449 642 1593 677 Secretarii
1609 642 1715 684 nostri,
1732 642 1861 678 Magistri
1877 645 2004 674 Tlioine
2018 646 2054 675 de
2068 645 2224 676 Clierleton
2234 668 2244 684 ,
2259 646 2332 685 Juris

1259 679 1360 710 Civilis
1377 678 1553 718 Profe‘sibris,
1572 681 1591 710 si
1605 681 1659 718 ipse
1677 680 1829 716 Regiinini
1842 680 2020 712 Herer'ordiae
2035 683 2185 723 Ecclesiae,

1299 718 1377 757 Qice
1388 719 1449 756 jam
1465 728 1522 756 ,per
1538 727 1675 755 mortem,
1695 719 1781 748 bonae
1803 721 1963 757 memoriae,
1983 720 2133 760 Rich.irdi,
2153 733 2241 760 nuper
2264 721 2333 760 Epi«

1266 757 1347 794 scopi
1362 757 1418 787 loci
1433 747 1518 795 illius,
1538 756 1656 786 Pastoris
1670 756 1709 786 est
1724 756 1819 786 solatio
1832 756 1973 795 destituta,
1991 759 2023 789 δε
2040 770 2101 796 quae
2116 761 2190 800 quast
2205 763 2233 791 m
2250 761 2334 790 Con-i

1261 794 1330 825 finio
1334 795 1457 864 141*ng
1471 796 1503 826 &
1518 794 1632 825 Walliae
1654 795 1779 832 situatur,
1799 796 1832 824 ὃς
1855 795 1976 825 subditos
1998 797 2080 827 hibet
2098 800 2215 837 populos
2235 798 2334 830 utrius}

1284 844 1316 864 ue
1370 843 1477 864 ationis.

1262 844 1281 874 q
1298 872 1351 902 Per
1365 872 1530 902 Dominum
1546 871 1701 902 Summum
1715 869 1889 901 Pontificem
1904 878 2100 911 praeponitur,
2124 875 2209 912 ipsim
2231 875 2334 906 Eccleae

1262 910 1330 941 siam
1345 912 1381 941 ab
1396 910 1585 941 Inimicorum
1601 910 1715 949 jaculis,
1732 919 1781 948 per
1801 910 2037 948 circumspectam
2052 912 2228 948 prudentiam
2252 915 2335 952 ipsius

1263 948 1371 979 Clerici
1387 949 1491 986 nostri,

1301 988 1362 1026 Qi
1376 987 1412 1017 de
1426 989 1547 1026 pirribus
1563 988 1614 1018 illis
1629 988 1708 1018 traxit
1728 987 1887 1025 originem,
1905 987 1938 1018 &z
1962 986 2064 1017 multos
2081 987 2162 1019 babet
2182 990 2216 1019 de
2233 999 2334 1028 genere

1261 1024 1308 1056 suo
1324 1026 1449 1063 ibidem,
1467 1027 1500 1057 &
1515 1027 1634 1066 partibus
1648 1026 1875 1063 circumvicinis,
1892 1027 1949 1056 tam
1967 1025 2088 1064 Fratres,
2108 1029 2193 1065 quain
2207 1027 2344 1058 contin-2<

1263 1065 1397 1103 guineos,
1417 1065 1538 1096 Nobiles
1549 1065 1582 1096 &
1597 1064 1748 1103 PotenteS,
1766 1064 1801 1094 de
1816 1074 1937 1103 quorum
1949 1065 2035 1095 etiam
2054 1065 2193 1102 probitate
2211 1076 2261 1096 nos
2276 1076 2334 1097 non

1262 1102 1410 1133 modicam
1437 1103 1570 1134 fiduciam
1595 1104 1774 1141 optinemus,

1302 1141 1409 1172 Melius
1425 1142 1476 1172 hiis
1489 1142 1586 1172 diebus
1607 1143 1682 1180 (quae
1698 1141 1776 1171 bellis
1794 1140 1827 1171 &
1847 1140 2027 1171 seditionibus
2041 1143 2167 1180 undique
2190 1141 2340 1173 involvun-

1263 1180 1318 1217 tur)
1339 1180 1372 1211 &
1394 1181 1423 1210 in
1446 1180 1640 1218 Spiritualibus
1661 1181 1694 1210 &
1715 1179 1934 1220 Temporalibus
1955 1179 2073 1210 salutaria
2096 1181 2224 1218 suscipiet
2249 1182 2338 1211 increm

1265 1228 1374 1257 menta,
1392 1218 1574 1257 defendetur,
1597 1217 1769 1258 populusque
1788 1218 1818 1248 T
1820 1227 1890 1248 errae
1911 1218 1981 1247 illius
2002 1220 2139 1249 arcebitur
2163 1231 2177 1250 a
2200 1219 2339 1249 consuetis

1265 1257 1432 1296 feritatibus,
1449 1259 1525 1296 pacis
1544 1257 1710 1295 dulcedine,
1729 1257 1810 1294 ipsius
1830 1255 2034 1295 sollicitudine,
2052 1257 2149 1288 divina
2169 1266 2339 1296 cooperante

1266 1295 1428 1326 Clementi-21
1436 1319 1445 1333 ,
1466 1297 1577 1326 uberius
1593 1296 1726 1334 potiturus
1734 1319 1743 1334 ,

1303 1334 1406 1365 Eidem
1422 1334 1557 1365 Domino
1571 1334 1696 1365 Summo
1712 1333 1862 1372 Pontifici,
1879 1343 1928 1371 per
1942 1332 2050 1364 nostras
2074 1333 2192 1373 litteras,
2210 1335 2267 1371 Jam
2289 1333 2341 1364 ite-s

1264 1374 1326 1404 ratis
1341 1374 1469 1412 vicibus,
1487 1374 1617 1405 duximus
1632 1373 1867 1413 supplicandum,
1886 1373 2031 1410 quatinus,
2049 1372 2195 1410 praemiisis
2213 1373 2339 1403 clemen-

1265 1413 1285 1442 ti
1299 1412 1480 1443 meditatione
1497 1412 1628 1451 pensatis,
1647 1411 1795 1450 prtefatum
1822 1410 1993 1448 Magistrum
2010 1411 2163 1441 Tlioinam
2185 1412 2282 1448 (quem
2298 1413 2342 1442 vi⁴

1266 1460 1329 1480 rum
1342 1452 1473 1482 novimus
1480 1450 1662 1488 industrium,
1682 1452 1739 1481 vita
1752 1450 1784 1481 &
1799 1451 1925 1480 moribus
1940 1450 2178 1487 comprobatum,
2192 1449 2344 1479 litterarum

1267 1489 1378 1520 scientia
1396 1490 1561 1529 preditum,
1579 1491 1612 1520 &
1633 1489 1667 1519 de
1688 1490 1776 1519 nobili
1798 1498 1900 1527 genere
1920 1496 2117 1526 procreatum,
2143 1488 2219 1518 fama
2234 1487 2343 1525 pollen-

1267 1537 1344 1566 tem,
1371 1529 1404 1559 &
1428 1530 1574 1559 virtutibus
1594 1528 1739 1567 insignem)
1761 1526 1902 1565 praeficere
1920 1527 2048 1566 dignetur
2071 1528 2099 1556 in
2122 1526 2293 1564 Episcopim
2310 1527 2343 1556 δε

1269 1566 1414 1596 Pastorem
1438 1567 1573 1597 Eccleiiie
1587 1566 1768 1604 supradictae,
1786 1566 1865 1603 cujus
1888 1565 2077 1603 provisionem
2096 1565 2151 1595 suae
2170 1565 2345 1602 dispoiitioni

1266 1607 1346 1643 jam,
1365 1607 1399 1635 ad
1415 1605 1503 1635 nostri
1516 1614 1667 1643 rogatum,
1687 1603 1828 1634 credimus
1844 1604 1999 1634 reservasse.

1306 1644 1508 1683 Quamobrem
1529 1643 1723 1674 Dileetionein
1745 1642 1864 1672 vestram
1881 1665 1890 1680 ,
1917 1642 1951 1672 de
1970 1641 2026 1680 quii
2052 1642 2134 1680 plene
2158 1640 2353 1681 confidimus,

1271 1681 1375 1713 affectu
1418 1693 1475 1720 quo
1493 1681 1655 1722 poss'umus,
1680 1682 1785 1711 cariore
1806 1683 1969 1718 requirimus
1992 1682 2024 1710 ὃς
2049 1690 2200 1719 rogamus,
2218 1690 2348 1719 quatinus

1271 1731 1355 1759 penes
1369 1705 1481 1752 <iustum
1500 1721 1667 1752 Dominum
1684 1720 1839 1750 Summum
1862 1719 2052 1757 Pontificem,
2071 1729 2119 1757 ut,
2137 1720 2353 1760 prreiiiii'iorum

1273 1759 1510 1798 consideratione,
1528 1761 1602 1791 votis
1622 1758 1723 1789 nostris
1744 1766 1861 1795 annuat,
1878 1759 1907 1787 in
1927 1758 1983 1788 hac
2007 1767 2103 1796 parte,
2121 1768 2219 1796 aniore
2240 1758 2345 1797 nostri,

1272 1800 1450 1837 interponere
1465 1800 1554 1829 velitis
1567 1797 1724 1828 efficaciter
1746 1804 1833 1834 partes
1848 1796 1968 1835 vestras;
1984 1796 2018 1826 ὃς
2034 1795 2140 1825 dilecto
2154 1796 2270 1826 Clerico
2294 1807 2349 1826 no-

1273 1837 1331 1868 stro
1340 1861 1349 1876 ,
1366 1837 1511 1875 Magistro
1520 1837 1644 1875 Johanrii
1657 1836 1694 1866 de
1709 1835 1836 1865 Hildeile
1856 1841 1953 1873 <quem
1967 1834 2003 1864 ad
2024 1844 2075 1864 vos
2092 1835 2230 1864 mittimus
2244 1845 2277 1865 ex
2292 1836 2349 1865 hac

1274 1879 1368 1914 causa)
1389 1878 1417 1906 in
1438 1876 1633 1915 prosecutione
1652 1875 1723 1905 dieti
1744 1875 1857 1911 negotii
1884 1873 2018 1910 assistere,
2034 1874 2110 1911 juxta
2130 1872 2265 1910 speratam
2282 1872 2352 1904 fidu*

1275 1917 1369 1953 ciam,
1387 1915 1508 1946 consiliis
1521 1916 1553 1946 &
1568 1914 1673 1945 auxiliis
1688 1913 1851 1951 oportunis,
1869 1913 1973 1951 sibique
1990 1912 2018 1940 in
2038 1912 2104 1949 hiis,
2123 1921 2186 1949 quae
2206 1912 2289 1942 vobis
2306 1912 2350 1942 di-

1275 1962 1323 1985 cet
1338 1963 1372 1984 ex
1388 1963 1463 1992 parte
1477 1952 1588 1992 nostrfi,
1605 1951 1694 1983 fidem
1710 1952 1862 1983 indubiam
1875 1951 2016 1982 adhibere.

1314 1992 1439 2024 Scientes
1452 1993 1532 2031 quod
1546 1992 1616 2023 dieti
1631 1990 1737 2022 Clerici
1747 1990 1843 2020 mostri
1855 1991 2064 2028 promotionem
2081 1988 2116 2018 ad
2136 1987 2291 2019 Ecclesiam
2307 1988 2351 2020 su-

1277 2031 1452 2069 pradietam,
1469 2041 1502 2062 ex
1517 2030 1684 2070 praemissiS,
1701 2030 1735 2060 ὃς
1754 2029 1810 2059 aliis
1824 2028 2040 2068 quamplurimis
2063 2026 2236 2057 evidentibus
2252 2037 2285 2057 ac
2300 2037 2351 2058 ne-

1277 2069 1401 2100 ceisariis
1414 2070 1515 2108 causis,
1535 2079 1592 2107 prae
1606 2069 1713 2099 caeteris
1724 2066 1876 2105 specialiter
1889 2066 2063 2096 affectamus.
2312 2082 2315 2085 s

1313 2107 1360 2138 Sic
1376 2108 1549 2144 igiturtcirca
1561 2107 1667 2137 diffitam
1680 2105 1891 2143 expeditionem
1912 2105 2097 2141 negotiorum
2112 2103 2232 2133 insistere
2249 2103 2352 2141 digne-

1278 2153 1322 2176 tur
1338 2145 1426 2176 vestra
1442 2146 1592 2176 Paternitas
1614 2144 1783 2183 reverenda,
1803 2152 1848 2182 ut,
1865 2144 1898 2174 ea
1918 2142 2153 2179 conrideratione,
2170 2142 2200 2171 in
2221 2143 2348 2184 eunetis,

1277 2195 1342 2223 quae
1358 2184 1456 2215 vestrae
1470 2184 1628 2215 Paternitati
1639 2184 1775 2222 placitura
1791 2183 1969 2220 videbimus,
1987 2181 2168 2218 obligatiores
2189 2180 2351 2212 efficiamur

1279 2224 1454 2262 temporibus
1466 2224 1622 2261 oportunis.

1318 2261 1386 2293 Dat.
1402 2262 1476 2300 apud
1494 2260 1718 2302 Wyndesoram,
1735 2258 1811 2289 sexto
1825 2258 1870 2288 die
1883 2257 1964 2288 Maii.

1315 2338 1431 2408 ᾖξὶοάεῃέ
1450 2338 1539 2369 modo
1560 2337 1688 2369 scribitur
1709 2335 1820 2376 singulis
1842 2333 2039 2366 Cardinalibus
2064 2335 2095 2367 in
2115 2333 2204 2365 Curia
2218 2334 2355 2366 'Romanii

1281 2387 1326 2408 exi
1352 2387 1411 2408 entl
1434 2388 1471 2408 US.
1682 2385 1685 2387 ’

1571 2427 1595 2449 ’Ἰ

1512 2481 1572 2537 De·
1588 2500 1741 2535 Condufin
1759 2512 1814 2549 pro
1842 2498 2021 2547 Cursbribus
2045 2503 2138 2546 Papa.

1342 2589 1407 2621 EX
1423 2589 1668 2625 vicecomitibus,
1687 2588 1720 2618 &
1734 2587 1872 2617 omnibus
1888 2586 1996 2618 Ballivis
2010 2587 2044 2617 &
2057 2585 2198 2617 Fidelibus
2214 2584 2280 2624 suis,
2299 2585 2357 2617 tam
2379 2596 2444 2629 Am,
2467 2596 2500 2628 D

1366 2629 1438 2660 infra
1450 2629 1604 2666 libertates,
1622 2628 1706 2666 quam
1724 2635 1814 2664 excra,
1832 2626 1865 2656 ad
1883 2636 1951 2663 quos
1963 2649 1973 2665 ,
1993 2626 2054 2656 &o
2070 2625 2195 2656 salutern.
2403 2622 2488 2667 νὺ.
2503 2620 2510 2628 ’

1319 2665 1401 2698 Cum
1420 2668 1515 2698 dilerfiti
1533 2668 1630 2705 nobis,
1643 2666 1768 2704 jacobus
1784 2665 1820 2694 de
1837 2664 1957 2702 Cumis,
1973 2664 2120 2695 Tellucius
2139 2664 2174 2694 de
2193 2662 2359 2701 Camerino,
2378 2659 2435 2703 Aa)
2451 2657 2498 2704 ,so-v

1282 2704 1395 2737 Nuncii
1414 2707 1447 2738 &
1464 2706 1594 2737 Cursores
1612 2703 1785 2736 Sane‘tiffimi
1804 2704 1833 2732 in
1858 2702 1975 2733 Christo
1992 2702 2096 2741 Patris,
2114 2701 2239 2732 Domini
2262 2702 2287 2741 J.
2310 2702 2360 2732 Sa·
2381 2719 2411 2743 E.
2425 2698 2454 2742 '2

1284 2745 1439 2776 crosaanae
1456 2746 1599 2776 Romanae
1619 2754 1652 2774 ac
1672 2741 1828 2773 universalis
1846 2741 1977 2772 Ecclesiae
1993 2741 2105 2771 Summi
2122 2739 2360 2779 Pontificis,cum
2382 2757 2439 2781 Par.
2452 2762 2496 2782 10·

1281 2784 1447 2821 quibusdam
1463 2784 1544 2815 Bullis
1556 2783 1592 2814 de
1606 2783 1747 2814 creatione
1764 2780 1811 2810 sua
1832 2780 1952 2811 Przelatis
1973 2781 2006 2810 &
2021 2779 2210 2815 Ecclesiarum
2227 2779 2362 2810 Retron·
2382 2796 2410 2819 E.
2428 2801 2453 2818 Ζ,

1281 2822 1332 2851 bus
1355 2824 1385 2853 in
1402 2824 1482 2854 certis
1501 2823 1577 2853 terris
1596 2820 1736 2859 potestatis
1763 2819 1867 2860 nostrae
1885 2818 1998 2849 directis
2011 2841 2020 2856 ,
2045 2818 2080 2849 ad
2100 2818 2210 2849 easdem
2228 2826 2311 2849 terras
2328 2818 2363 2848 de
2382 2836 2405 2865 p,
2418 2838 2486 2857 ‚nm-

1283 2862 1417 2892 mandato
1434 2862 1517 2900 ipsius
1536 2861 1651 2891 Summi
1667 2857 1816 2888 Pontificis
1835 2857 1861 2887 se
1880 2857 2035 2896 divertant,
2388 2878 2430 2903 ¹4·

1323 2899 1379 2930 *N
1391 2911 1441 2938 os,
1469 2900 1559 2938 ipsos,
1574 2898 1720 2937 jacobum
1741 2897 1774 2928 ὅ(
1793 2896 1979 2934 Tellucium,
1996 2897 2091 2926 favore
2116 2895 2251 2926 benivolo
2268 2894 2359 2932 prose-
2400 2907 2416 2922 ηε
2434 2906 2504 2933 HL*

1283 2947 1398 3005 fluentes
1414 2962 1423 2978 ,
1451 2938 1618 2977 iuscepimus
1636 2936 1707 2974 ipsos
1724 2936 1755 2965 in
1773 2935 1880 2967 salvum
1897 2936 1930 2966 ὃς
1956 2936 2083 2965 securum
2108 2935 2286 2966 conducitum
2306 2943 2358 2963 no-
2396 2947 2462 2981 ⁶4⁰·

1309 2986 1386 3008 rum:

1322 3015 1359 3046 Et
1378 3016 1445 3047 ideo
1465 3017 1565 3054 vobis,
1589 3015 1622 3046 &
1641 3013 1755 3045 cuilibet
1772 3011 1898 3044 vestrum
1918 3012 2083 3043 mandamus
2097 3034 2107 3050 ,
2132 3010 2251 3041 firmiter
2268 3012 2361 3048 injun·

1284 3064 1393 3094 gentes,
1413 3055 1489 3093 quod
1505 3053 1641 3092 praefatis,
1655 3052 1767 3091 Jacobo
1783 3052 1816 3082 &
1832 3051 1983 3089 Tellucio,
2001 3051 2046 3081 vel
2065 3060 2163 3080 eorum
2181 3049 2271 3092 alteri,
2291 3059 2361 3092 cum

1284 3094 1357 3131 ipsos
1388 3103 1437 3132 per
1461 3094 1638 3123 diitrietuum
1663 3090 1821 3122 vestrorum
1839 3090 1901 3120 loca
1919 3090 2062 3130 transitum
2080 3089 2172 3118 facere
2190 3095 2365 3125 contigerit,

1284 3132 1394 3171 eundo,
1410 3131 1564 3170 morando,
1581 3132 1613 3162 &
1628 3129 1788 3167 redeundo,
1806 3139 1866 3159 non
1881 3128 2017 3166 inferatis,
2037 3130 2098 3163 seu,
2117 3135 2252 3168 quantum
2266 3127 2295 3155 in
2309 3135 2362 3155 vo-

1285 3172 1327 3201 bis
1344 3171 1402 3209 est,
1427 3172 1463 3201 ab
1488 3171 1544 3201 aliis
1569 3169 1667 3199 inferri
1690 3169 1856 3206 permittatis
1873 3168 2022 3204 injuriam,
2049 3164 2209 3206 molesti-im
2225 3187 2235 3202 ,
2259 3163 2361 3200 damp-

1285 3220 1374 3248 num,
1391 3209 1626 3247 impedimentum
1643 3206 1775 3246 aliquod,
1791 3206 1835 3236 seu
1855 3204 2031 3242 gravamen3'
2048 3203 2085 3232 set
2105 3204 2175 3240 ipsos
2194 3202 2302 3241 potius,
2319 3203 2359 3245 ob

1284 3250 1472 3279 reverentiam
1501 3248 1570 3278 dieti
1594 3246 1680 3277 Patris
1695 3268 1705 3283 ,
1730 3244 1916 3276 favorabiliter
1940 3242 2126 3285 pertrabtetis,
2158 3242 2190 3272 ὃς
2217 3252 2263 3278 per
2293 3241 2360 3282 alios

1284 3288 1440 3325 procuretis
1461 3286 1582 3316 simiiiter
1604 3285 1772 3323 pertractari:
1794 3285 1826 3314 δε
1844 3284 1882 3312 eis
1898 3283 1982 3311 etiam
1996 3304 2004 3319 ,
2031 3289 2156 3318 quotiens
2174 3279 2282 3322 necesse
2301 3282 2362 3308 tue-

1286 3327 1339 3362 rit,
1359 3325 1463 3356 silvum
1482 3326 1514 3356 &
1531 3325 1661 3355 securum
1679 3322 1854 3354 conductum
1872 3321 1974 3351 habere
1991 3320 2108 3350 iaciatis:
2129 3317 2181 3362 Et,
2199 3325 2219 3348 ii
2236 3317 2302 3355 quid
2317 3315 2363 3352 fo:

1286 3364 1433 3395 risfaetuni
1451 3363 1550 3402 fuerit,
1568 3362 1598 3393 id
1616 3363 1653 3392 eis
1672 3363 1727 3392 sine
1744 3361 1879 3391 dilatione
1897 3360 2002 3390 faciatis
2019 3357 2171 3389 emendari.

1324 3402 1358 3432 In
1378 3403 1472 3440 cujus,
1490 3403 1551 3433 ὅτε.
1570 3411 1617 3439 per
1636 3410 1724 3430 unum
1742 3409 1850 3430 annum
1867 3399 2018 3429 duraturas.
2110 3434 2126 3439 ..

1326 3440 1416 3472 Teste
1435 3440 1519 3480 Rege
1536 3440 1610 3479 apud
1628 3437 1854 3478 Wyndesoram,
1872 3438 1978 3468 oCtavo
1993 3436 2040 3466 die
2054 3433 2135 3464 Maii.

1736 3517 1790 3545 Per
1809 3514 1891 3553 ipfiem
1909 3516 2005 3552 Regem
2022 3512 2060 3548 (ξφ
2081 3508 2235 3543 concilium]

1396 3555 1552 3596 Dupplicat.

1377 3684 1427 3716 De
1450 3685 1608 3729 Captione,
1636 3683 1672 3719 ᾤ’
1695 3676 1902 3718 Αὸιίιιὲἶὶοηε,
1927 3678 2051 3709 Comitis
2073 3673 2279 3710 Pembrochiae.

1292 3766 1497 3827 MAgnifico
1511 3765 1655 3802 Principi,
1675 3763 1807 3793 Domino
1823 3761 1973 3801 Philippo,
1992 3761 2049 3792 Dei
2059 3761 2163 3799 gratia,
2182 3760 2261 3799 Regi
2275 3760 2360 3793 Fran·
2377 3763 2452 3795 Aun.
2467 3763 2514 3797 D:

1376 3808 1430 3836 ciae
1449 3807 1483 3836 &
1501 3804 1637 3835 Navarrae
1657 3800 1771 3839 illustri,
1790 3801 1874 3831 Fratri
1892 3802 1940 3831 suo
1965 3800 2123 3839 carissimo,
2142 3800 2312 3837 Edwardus,
2331 3811 2360 3830 e-
2401 3812 2486 3842 1317.

1288 3844 1398 3911 jusdeng
1417 3842 1522 3880 gratia,
1539 3841 1602 3871 Rex
1626 3839 1756 3878 Angli-ae,
1772 3840 1833 3870 διε.
1851 3839 1982 3877 salutem,
1996 3839 2030 3870 &
2052 3838 2181 3870 felicibus
2196 3838 2362 3870 successibus
2378 3846 2430 3868 Aa.
2453 3852 2494 3867 ιο.

1296 3884 1379 3913 'ocun
1400 3882 1448 3910 ari.
2379 3884 2408 3906 Ε.
2426 3890 2451 3905 2.
2470 3903 2477 3910 ,

1289 3894 1300 3922 J
1330 3919 1376 3950 Ad
1401 3918 1528 3948 nostrum
1546 3916 1671 3947 auditum
1689 3917 1744 3953 iam
1770 3917 1896 3954 pervenit
1914 3915 1993 3956 quod
2011 3915 2127 3954 quidam
2140 3940 2150 3955 ‚
2169 3915 2309 3955 Johannes
2325 3915 2361 3944 de
2376 3917 2512 3949 Clausam·

1294 3959 1321 3989 la
1341 3957 1491 3993 Moiliere,
1508 3965 1578 3986 curn
1601 3955 1658 3986 aliis
1684 3955 1931 3993 MalefaC‘toribus,
1945 3954 2027 3992 ipsius
2054 3954 2271 3993 Complicibus,
2293 3954 2361 3983 dile·
2374 3959 2405 3983 Ε.
2426 3965 2453 3982 2.

1297 3998 1377 4027 &um
1400 3994 1650 4034 Consauguineum
1666 3994 1699 4025 &
1717 3993 1830 4023 fidelem
1848 3993 1992 4032 nostrum,
2017 3993 2192 4024 Adomarum
2208 3993 2243 4022 de
2262 3991 2362 4021 Valen-
2381 4003 2416 4021 m.
2427 3992 2488 4028 7³¹2

1299 4035 1341 4067 tia
1363 4033 1515 4066 Comitem
1540 4031 1738 4072 Pembroffiae,
1770 4041 1875 4071 quem,
1902 4042 1968 4064 cuin
1994 4031 2116 4064 Praelatis
2140 4032 2173 4065 &
2201 4029 2369 4071 Proca—sams·

1812 4069 1880 4112 <23

2271 4066 2371 4104 Regni
