<?xml version="1.0" encoding="UTF-8"?>
<!DOCTYPE html PUBLIC "-//W3C//DTD XHTML 1.0 Transitional//EN"
    "http://www.w3.org/TR/xhtml1/DTD/xhtml1-transitional.dtd">
<html xmlns="http://www.w3.org/1999/xhtml" xml:lang="en" lang="en">
 <head>
  <title>
</title>
<meta http-equiv="Content-Type" content="text/html;charset=utf-8" />
  <meta name='ocr-system' content='tesseract 3.04.00' />
  <meta name='ocr-capabilities' content='ocr_page ocr_carea ocr_par ocr_line ocrx_word'/>
</head>
<body>
  <div class='ocr_page' id='page_1' title='image "./fderaconventione02ryme_0514.png"; bbox 0 0 2562 4279; ppageno 0'>
   <div class='ocr_carea' id='block_1_1' title="bbox 157 99 1869 165">
    <p class='ocr_par' dir='ltr' id='par_1_1' title="bbox 157 99 1869 165">
     <span class='ocr_line' id='line_1_1' title="bbox 157 99 1869 165; baseline -0.008 -8"><span class='ocrx_word' id='word_1_1' title='bbox 157 119 211 157; x_wconf 87' lang='lat'>66</span> <span class='ocrx_word' id='word_1_2' title='bbox 612 99 1869 165; x_wconf 46' lang='lat' dir='ltr'>CONVENTioNES,L1TER*AE,</span> 
     </span>
    </p>
   </div>
   <div class='ocr_carea' id='block_1_2' title="bbox 15 182 2483 280">
    <p class='ocr_par' dir='ltr' id='par_1_2' title="bbox 15 182 2483 280">
     <span class='ocr_line' id='line_1_2' title="bbox 15 182 2483 240; baseline -0.006 -7"><span class='ocrx_word' id='word_1_3' title='bbox 15 201 94 233; x_wconf 67' lang='lat' dir='ltr'>&#39;Anu</span> <span class='ocrx_word' id='word_1_4' title='bbox 108 199 151 232; x_wconf 83' lang='lat' dir='ltr'>D.</span> <span class='ocrx_word' id='word_1_5' title='bbox 200 200 286 240; x_wconf 86' lang='lat' dir='ltr'>Apud</span> <span class='ocrx_word' id='word_1_6' title='bbox 308 200 462 231; x_wconf 76' lang='lat' dir='ltr'>Civitatem</span> <span class='ocrx_word' id='word_1_7' title='bbox 485 199 520 229; x_wconf 85' lang='lat' dir='ltr'>de</span> <span class='ocrx_word' id='word_1_8' title='bbox 542 197 652 236; x_wconf 80' lang='lat' dir='ltr'>Burgh,</span> <span class='ocrx_word' id='word_1_9' title='bbox 670 195 740 226; x_wconf 82' lang='lat' dir='ltr'>infra</span> <span class='ocrx_word' id='word_1_10' title='bbox 755 195 931 226; x_wconf 86' lang='lat' dir='ltr'>Dominium</span> <span class='ocrx_word' id='word_1_11' title='bbox 948 192 1092 231; x_wconf 79' lang='lat' dir='ltr'>vestrum,</span> <span class='ocrx_word' id='word_1_12' title='bbox 1110 190 1221 223; x_wconf 84' lang='lat' dir='ltr'>Aresta-</span> <span class='ocrx_word' id='word_1_13' title='bbox 1257 188 1354 220; x_wconf 89' lang='lat' dir='ltr'>serroit</span> <span class='ocrx_word' id='word_1_14' title='bbox 1368 190 1420 234; x_wconf 73' lang='lat' dir='ltr'>¹fair</span> <span class='ocrx_word' id='word_1_15' title='bbox 1438 190 1513 234; x_wconf 82' lang='lat' dir='ltr'>bons</span> <span class='ocrx_word' id='word_1_16' title='bbox 1535 189 1647 234; x_wconf 80' lang='lat' dir='ltr'>Contes</span> <span class='ocrx_word' id='word_1_17' title='bbox 1667 190 1753 220; x_wconf 89' lang='lat' dir='ltr'>d’une</span> <span class='ocrx_word' id='word_1_18' title='bbox 1766 196 1827 234; x_wconf 72' lang='lat' dir='ltr'>part</span> <span class='ocrx_word' id='word_1_19' title='bbox 1841 189 1876 220; x_wconf 69' lang='grc' dir='ltr'>ὃ(</span> <span class='ocrx_word' id='word_1_20' title='bbox 1890 186 2015 226; x_wconf 88' lang='lat' dir='ltr'>d’autre,</span> <span class='ocrx_word' id='word_1_21' title='bbox 2034 187 2120 233; x_wconf 63' lang='lat' dir='ltr'>&amp;de</span> <span class='ocrx_word' id='word_1_22' title='bbox 2134 196 2190 220; x_wconf 83' lang='lat' dir='ltr'>ceo</span> <span class='ocrx_word' id='word_1_23' title='bbox 2203 197 2260 228; x_wconf 89' lang='lat' dir='ltr'>que</span> <span class='ocrx_word' id='word_1_24' title='bbox 2273 188 2324 220; x_wconf 88' lang='lat' dir='ltr'>de-</span> <span class='ocrx_word' id='word_1_25' title='bbox 2341 182 2419 219; x_wconf 77' lang='lat' dir='ltr'>Anii.</span> <span class='ocrx_word' id='word_1_26' title='bbox 2433 182 2483 219; x_wconf 53' lang='lat' dir='ltr'>Dj</span> 
     </span>
     <span class='ocr_line' id='line_1_3' title="bbox 40 226 2450 280; baseline -0.005 -11"><span class='ocrx_word' id='word_1_27' title='bbox 40 249 125 279; x_wconf 77' lang='lat'>1331.</span> <span class='ocrx_word' id='word_1_28' title='bbox 161 249 221 280; x_wconf 85' lang='lat' dir='ltr'>tus,</span> <span class='ocrx_word' id='word_1_29' title='bbox 241 241 273 271; x_wconf 87' lang='lat'>&amp;</span> <span class='ocrx_word' id='word_1_30' title='bbox 289 238 428 269; x_wconf 79' lang='lat' dir='ltr'>Carcerali</span> <span class='ocrx_word' id='word_1_31' title='bbox 443 236 593 267; x_wconf 75' lang='lat' dir='ltr'>Custodiae</span> <span class='ocrx_word' id='word_1_32' title='bbox 607 235 901 272; x_wconf 44' lang='lat' dir='ltr'>briancipatusssxtitir</span> <span class='ocrx_word' id='word_1_33' title='bbox 914 233 950 264; x_wconf 86' lang='lat' dir='ltr'>de</span> <span class='ocrx_word' id='word_1_34' title='bbox 964 232 1097 263; x_wconf 82' lang='lat' dir='ltr'>mandato</span> <span class='ocrx_word' id='word_1_35' title='bbox 1109 230 1204 262; x_wconf 90' lang='lat' dir='ltr'>vestro</span> <span class='ocrx_word' id='word_1_36' title='bbox 1213 252 1223 268; x_wconf 90' lang='lat'>‚</span> <span class='ocrx_word' id='word_1_37' title='bbox 1264 237 1387 259; x_wconf 73' lang='lat' dir='ltr'>morton</span> <span class='ocrx_word' id='word_1_38' title='bbox 1399 228 1496 259; x_wconf 75' lang='lat' dir='ltr'>serroit</span> <span class='ocrx_word' id='word_1_39' title='bbox 1506 228 1556 259; x_wconf 83' lang='lat' dir='ltr'>fait</span> <span class='ocrx_word' id='word_1_40' title='bbox 1571 238 1637 268; x_wconf 86' lang='lat' dir='ltr'>gre,</span> <span class='ocrx_word' id='word_1_41' title='bbox 1655 229 1762 259; x_wconf 85' lang='lat' dir='ltr'>sicome</span> <span class='ocrx_word' id='word_1_42' title='bbox 1775 228 1793 258; x_wconf 89' lang='lat' dir='ltr'>il</span> <span class='ocrx_word' id='word_1_43' title='bbox 1808 226 1850 257; x_wconf 90' lang='lat' dir='ltr'>est</span> <span class='ocrx_word' id='word_1_44' title='bbox 1864 235 1988 257; x_wconf 75' lang='lat' dir='ltr'>contenti</span> <span class='ocrx_word' id='word_1_45' title='bbox 2004 236 2032 257; x_wconf 92' lang='lat' dir='ltr'>es</span> <span class='ocrx_word' id='word_1_46' title='bbox 2046 228 2108 258; x_wconf 86' lang='lat' dir='ltr'>ditz</span> <span class='ocrx_word' id='word_1_47' title='bbox 2122 227 2251 268; x_wconf 90' lang='lat' dir='ltr'>Acords,</span> <span class='ocrx_word' id='word_1_48' title='bbox 2364 235 2450 266; x_wconf 86' lang='lat'>1331.</span> 
     </span>
    </p>
   </div>
   <div class='ocr_carea' id='block_1_3' title="bbox 18 263 2461 737">
    <p class='ocr_par' dir='ltr' id='par_1_3' title="bbox 18 263 2461 431">
     <span class='ocr_line' id='line_1_4' title="bbox 18 263 2461 317; baseline -0.006 -10"><span class='ocrx_word' id='word_1_49' title='bbox 18 281 84 307; x_wconf 55' lang='lat' dir='ltr'><strong><em>zeh).</em></strong></span> <span class='ocrx_word' id='word_1_50' title='bbox 106 289 132 317; x_wconf 84' lang='lat'>3.</span> <span class='ocrx_word' id='word_1_51' title='bbox 163 281 198 311; x_wconf 74' lang='grc' dir='ltr'>δε</span> <span class='ocrx_word' id='word_1_52' title='bbox 212 280 261 309; x_wconf 88' lang='lat' dir='ltr'>sub</span> <span class='ocrx_word' id='word_1_53' title='bbox 277 277 418 307; x_wconf 76' lang='lat' dir='ltr'>Carcerali</span> <span class='ocrx_word' id='word_1_54' title='bbox 434 274 569 306; x_wconf 82' lang='lat' dir='ltr'>Custodia</span> <span class='ocrx_word' id='word_1_55' title='bbox 582 273 675 304; x_wconf 80' lang='lat' dir='ltr'>adhuc</span> <span class='ocrx_word' id='word_1_56' title='bbox 688 272 847 310; x_wconf 76' lang='lat' dir='ltr'>detineturz,</span> <span class='ocrx_word' id='word_1_57' title='bbox 866 273 902 303; x_wconf 91' lang='lat' dir='ltr'>de</span> <span class='ocrx_word' id='word_1_58' title='bbox 915 283 974 311; x_wconf 88' lang='lat' dir='ltr'>quo</span> <span class='ocrx_word' id='word_1_59' title='bbox 996 269 1223 308; x_wconf 79' lang='lat' dir='ltr'>Magnificentiae</span> <span class='ocrx_word' id='word_1_60' title='bbox 1300 265 1338 297; x_wconf 86' lang='lat' dir='ltr'>Et</span> <span class='ocrx_word' id='word_1_61' title='bbox 1352 277 1408 305; x_wconf 88' lang='lat' dir='ltr'>que</span> <span class='ocrx_word' id='word_1_62' title='bbox 1422 277 1471 305; x_wconf 85' lang='lat' dir='ltr'>par</span> <span class='ocrx_word' id='word_1_63' title='bbox 1481 276 1528 307; x_wconf 90' lang='lat' dir='ltr'>my</span> <span class='ocrx_word' id='word_1_64' title='bbox 1543 267 1603 297; x_wconf 89' lang='lat' dir='ltr'>cest</span> <span class='ocrx_word' id='word_1_65' title='bbox 1618 267 1718 298; x_wconf 90' lang='lat' dir='ltr'>Acord</span> <span class='ocrx_word' id='word_1_66' title='bbox 1730 266 1849 296; x_wconf 84' lang='lat' dir='ltr'>osteroit</span> <span class='ocrx_word' id='word_1_67' title='bbox 1861 265 1887 295; x_wconf 89' lang='grc'>10</span> <span class='ocrx_word' id='word_1_68' title='bbox 1899 263 1961 295; x_wconf 87' lang='lat' dir='ltr'>Roi</span> <span class='ocrx_word' id='word_1_69' title='bbox 1973 265 2010 295; x_wconf 90' lang='lat' dir='ltr'>de</span> <span class='ocrx_word' id='word_1_70' title='bbox 2024 264 2150 303; x_wconf 88' lang='lat' dir='ltr'>France,</span> <span class='ocrx_word' id='word_1_71' title='bbox 2168 265 2205 297; x_wconf 92' lang='lat' dir='ltr'>de</span> <span class='ocrx_word' id='word_1_72' title='bbox 2215 267 2242 297; x_wconf 87' lang='lat' dir='ltr'>sa</span> <span class='ocrx_word' id='word_1_73' title='bbox 2249 266 2327 298; x_wconf 81' lang='lat' dir='ltr'>Gra-</span> <span class='ocrx_word' id='word_1_74' title='bbox 2344 270 2412 296; x_wconf 63' lang='lat' dir='ltr'>Edu.</span> <span class='ocrx_word' id='word_1_75' title='bbox 2435 275 2461 302; x_wconf 84' lang='lat'>3.</span> 
     </span>
     <span class='ocr_line' id='line_1_5' title="bbox 162 306 1224 350; baseline -0.011 -2"><span class='ocrx_word' id='word_1_76' title='bbox 162 318 263 349; x_wconf 69' lang='lat' dir='ltr'>vestrae</span> <span class='ocrx_word' id='word_1_77' title='bbox 277 315 379 345; x_wconf 79' lang='lat' dir='ltr'>Grates</span> <span class='ocrx_word' id='word_1_78' title='bbox 391 316 424 345; x_wconf 88' lang='lat'>&amp;</span> <span class='ocrx_word' id='word_1_79' title='bbox 440 314 551 344; x_wconf 81' lang='lat' dir='ltr'>Gratias</span> <span class='ocrx_word' id='word_1_80' title='bbox 565 313 711 343; x_wconf 75' lang='lat' dir='ltr'><strong>referimus</strong></span> <span class='ocrx_word' id='word_1_81' title='bbox 725 322 791 350; x_wconf 79' lang='lat' dir='ltr'>quas</span> <span class='ocrx_word' id='word_1_82' title='bbox 803 311 958 342; x_wconf 87' lang='lat' dir='ltr'>sufficimus</span> <span class='ocrx_word' id='word_1_83' title='bbox 971 312 1005 342; x_wconf 88' lang='lat'>&amp;</span> <span class='ocrx_word' id='word_1_84' title='bbox 1027 310 1152 340; x_wconf 89' lang='lat' dir='ltr'>valemus</span> <span class='ocrx_word' id='word_1_85' title='bbox 1161 331 1171 346; x_wconf 88' lang='lat'>,</span> <span class='ocrx_word' id='word_1_86' title='bbox 1188 306 1224 336; x_wconf 91' lang='lat' dir='ltr'>ad</span> 
     </span>
     <span class='ocr_line' id='line_1_6' title="bbox 162 349 1225 394; baseline -0.009 -8"><span class='ocrx_word' id='word_1_87' title='bbox 162 367 211 394; x_wconf 83' lang='lat' dir='ltr'>ea,</span> <span class='ocrx_word' id='word_1_88' title='bbox 229 352 292 392; x_wconf 82' lang='lat' dir='ltr'>quae</span> <span class='ocrx_word' id='word_1_89' title='bbox 307 354 389 385; x_wconf 87' lang='lat' dir='ltr'>vobis</span> <span class='ocrx_word' id='word_1_90' title='bbox 402 353 535 390; x_wconf 65' lang='lat' dir='ltr'>placitura</span> <span class='ocrx_word' id='word_1_91' title='bbox 545 351 666 389; x_wconf 86' lang='lat' dir='ltr'>fuerint,</span> <span class='ocrx_word' id='word_1_92' title='bbox 683 349 836 381; x_wconf 82' lang='lat' dir='ltr'>offerentes</span> <span class='ocrx_word' id='word_1_93' title='bbox 850 360 903 381; x_wconf 91' lang='lat' dir='ltr'>nos</span> <span class='ocrx_word' id='word_1_94' title='bbox 925 351 955 380; x_wconf 87' lang='lat' dir='ltr'>iii</span> <span class='ocrx_word' id='word_1_95' title='bbox 975 349 1085 380; x_wconf 63' lang='lat' dir='ltr'>cunstis</span> <span class='ocrx_word' id='word_1_96' title='bbox 1106 354 1225 386; x_wconf 85' lang='lat' dir='ltr'>oportu-</span> 
     </span>
     <span class='ocr_line' id='line_1_7' title="bbox 163 395 1210 431; baseline -0.01 -7"><span class='ocrx_word' id='word_1_97' title='bbox 163 395 294 425; x_wconf 81' lang='lat' dir='ltr'>nitatibus</span> <span class='ocrx_word' id='word_1_98' title='bbox 308 400 484 431; x_wconf 76' lang='lat' dir='ltr'>praeparatOS.</span> <span class='ocrx_word' id='word_1_99' title='bbox 1205 423 1210 428; x_wconf 31' lang='lat'>⁸</span> 
     </span>
    </p>

    <p class='ocr_par' dir='ltr' id='par_1_4' title="bbox 161 424 1227 737">
     <span class='ocr_line' id='line_1_8' title="bbox 201 424 1227 469; baseline -0.007 -8"><span class='ocrx_word' id='word_1_100' title='bbox 201 431 253 469; x_wconf 84' lang='lat' dir='ltr'>Et,</span> <span class='ocrx_word' id='word_1_101' title='bbox 272 431 335 467; x_wconf 85' lang='lat' dir='ltr'>quia</span> <span class='ocrx_word' id='word_1_102' title='bbox 357 438 440 459; x_wconf 79' lang='lat' dir='ltr'>tantae</span> <span class='ocrx_word' id='word_1_103' title='bbox 458 427 613 465; x_wconf 85' lang='lat' dir='ltr'>Iniquitatis</span> <span class='ocrx_word' id='word_1_104' title='bbox 631 426 776 457; x_wconf 83' lang='lat' dir='ltr'>audaciam</span> <span class='ocrx_word' id='word_1_105' title='bbox 798 427 918 465; x_wconf 77' lang='lat' dir='ltr'>relinqui</span> <span class='ocrx_word' id='word_1_106' title='bbox 931 435 992 457; x_wconf 91' lang='lat' dir='ltr'>non</span> <span class='ocrx_word' id='word_1_107' title='bbox 1004 425 1085 457; x_wconf 89' lang='lat' dir='ltr'>decet</span> <span class='ocrx_word' id='word_1_108' title='bbox 1098 424 1227 461; x_wconf 78' lang='lat' dir='ltr'>Impuni-</span> 
     </span>
     <span class='ocr_line' id='line_1_9' title="bbox 162 462 1226 507; baseline -0.008 -7"><span class='ocrx_word' id='word_1_109' title='bbox 162 479 236 507; x_wconf 81' lang='lat' dir='ltr'>tam,</span> <span class='ocrx_word' id='word_1_110' title='bbox 254 468 440 498; x_wconf 84' lang='lat' dir='ltr'>Serenitatem</span> <span class='ocrx_word' id='word_1_111' title='bbox 460 466 582 496; x_wconf 86' lang='lat' dir='ltr'>vestram</span> <span class='ocrx_word' id='word_1_112' title='bbox 604 475 751 505; x_wconf 81' lang='lat' dir='ltr'>rogamus,</span> <span class='ocrx_word' id='word_1_113' title='bbox 769 468 802 497; x_wconf 68' lang='grc' dir='ltr'>ὃ(</span> <span class='ocrx_word' id='word_1_114' title='bbox 823 467 992 503; x_wconf 81' lang='lat' dir='ltr'>requirimus</span> <span class='ocrx_word' id='word_1_115' title='bbox 1014 475 1083 495; x_wconf 89' lang='lat' dir='ltr'>cum</span> <span class='ocrx_word' id='word_1_116' title='bbox 1102 462 1226 505; x_wconf 62' lang='lat' dir='ltr'>affeetu,</span> 
     </span>
     <span class='ocr_line' id='line_1_10' title="bbox 162 502 1227 546; baseline -0.008 -8"><span class='ocrx_word' id='word_1_117' title='bbox 162 506 297 546; x_wconf 78' lang='lat' dir='ltr'>quatenus</span> <span class='ocrx_word' id='word_1_118' title='bbox 317 506 440 537; x_wconf 88' lang='lat' dir='ltr'>eundem</span> <span class='ocrx_word' id='word_1_119' title='bbox 461 505 631 542; x_wconf 71' lang='lat' dir='ltr'>Thomam,</span> <span class='ocrx_word' id='word_1_120' title='bbox 650 504 770 535; x_wconf 66' lang='lat' dir='ltr'>Dilecto</span> <span class='ocrx_word' id='word_1_121' title='bbox 794 506 828 536; x_wconf 88' lang='lat'>&amp;</span> <span class='ocrx_word' id='word_1_122' title='bbox 852 504 941 535; x_wconf 87' lang='lat' dir='ltr'>Fideli</span> <span class='ocrx_word' id='word_1_123' title='bbox 961 503 1062 534; x_wconf 91' lang='lat' dir='ltr'>nostro</span> <span class='ocrx_word' id='word_1_124' title='bbox 1077 526 1086 541; x_wconf 86' lang='lat'>‚</span> <span class='ocrx_word' id='word_1_125' title='bbox 1101 502 1227 542; x_wconf 79' lang='lat' dir='ltr'>johanni</span> 
     </span>
     <span class='ocr_line' id='line_1_11' title="bbox 163 539 1224 582; baseline -0.007 -6"><span class='ocrx_word' id='word_1_126' title='bbox 163 548 199 576; x_wconf 89' lang='lat' dir='ltr'>de</span> <span class='ocrx_word' id='word_1_127' title='bbox 212 544 376 582; x_wconf 82' lang='lat' dir='ltr'>Haustede,</span> <span class='ocrx_word' id='word_1_128' title='bbox 393 543 553 575; x_wconf 83' lang='lat' dir='ltr'>Senescallo</span> <span class='ocrx_word' id='word_1_129' title='bbox 568 543 667 574; x_wconf 90' lang='lat' dir='ltr'>nostro</span> <span class='ocrx_word' id='word_1_130' title='bbox 679 542 844 582; x_wconf 75' lang='lat' dir='ltr'>Vaseoniae,</span> <span class='ocrx_word' id='word_1_131' title='bbox 863 543 908 574; x_wconf 90' lang='lat' dir='ltr'>vel</span> <span class='ocrx_word' id='word_1_132' title='bbox 928 543 996 580; x_wconf 77' lang='lat' dir='ltr'>illis,</span> <span class='ocrx_word' id='word_1_133' title='bbox 1016 552 1086 580; x_wconf 88' lang='lat' dir='ltr'>quos</span> <span class='ocrx_word' id='word_1_134' title='bbox 1109 540 1143 572; x_wconf 88' lang='lat' dir='ltr'>ad</span> <span class='ocrx_word' id='word_1_135' title='bbox 1166 539 1224 570; x_wconf 88' lang='lat' dir='ltr'>hoc</span> 
     </span>
     <span class='ocr_line' id='line_1_12' title="bbox 163 579 1224 624; baseline -0.005 -10"><span class='ocrx_word' id='word_1_136' title='bbox 163 584 354 622; x_wconf 80' lang='lat' dir='ltr'>deputaverit,</span> <span class='ocrx_word' id='word_1_137' title='bbox 368 584 467 621; x_wconf 86' lang='lat' dir='ltr'>jubere</span> <span class='ocrx_word' id='word_1_138' title='bbox 478 583 568 613; x_wconf 87' lang='lat' dir='ltr'>velitis</span> <span class='ocrx_word' id='word_1_139' title='bbox 580 582 704 621; x_wconf 83' lang='lat' dir='ltr'>liberari,</span> <span class='ocrx_word' id='word_1_140' title='bbox 722 581 884 612; x_wconf 82' lang='lat' dir='ltr'>ducendum</span> <span class='ocrx_word' id='word_1_141' title='bbox 899 581 934 612; x_wconf 92' lang='lat' dir='ltr'>ad</span> <span class='ocrx_word' id='word_1_142' title='bbox 948 581 1018 612; x_wconf 88' lang='lat' dir='ltr'>Nos</span> <span class='ocrx_word' id='word_1_143' title='bbox 1030 590 1114 618; x_wconf 87' lang='lat' dir='ltr'>prout</span> <span class='ocrx_word' id='word_1_144' title='bbox 1129 579 1224 624; x_wconf 81' lang='lat' dir='ltr'>eidem</span> 
     </span>
     <span class='ocr_line' id='line_1_13' title="bbox 162 619 1225 661; baseline -0.007 -8"><span class='ocrx_word' id='word_1_145' title='bbox 162 622 319 653; x_wconf 87' lang='lat' dir='ltr'>Senescallo</span> <span class='ocrx_word' id='word_1_146' title='bbox 336 622 466 652; x_wconf 82' lang='lat' dir='ltr'>duximus</span> <span class='ocrx_word' id='word_1_147' title='bbox 478 620 705 659; x_wconf 74' lang='lat' dir='ltr'>injungendum3</span> <span class='ocrx_word' id='word_1_148' title='bbox 726 621 810 658; x_wconf 83' lang='lat' dir='ltr'>parati</span> <span class='ocrx_word' id='word_1_149' title='bbox 824 622 902 651; x_wconf 89' lang='lat' dir='ltr'>enirn</span> <span class='ocrx_word' id='word_1_150' title='bbox 924 619 1033 657; x_wconf 90' lang='lat' dir='ltr'>sumus,</span> <span class='ocrx_word' id='word_1_151' title='bbox 1051 619 1085 649; x_wconf 77' lang='grc' dir='ltr'>δε</span> <span class='ocrx_word' id='word_1_152' title='bbox 1105 627 1225 661; x_wconf 81' lang='lat' dir='ltr'>erimus,</span> 
     </span>
     <span class='ocr_line' id='line_1_14' title="bbox 161 657 1225 699; baseline -0.006 -8"><span class='ocrx_word' id='word_1_153' title='bbox 161 663 191 691; x_wconf 87' lang='lat' dir='ltr'>in</span> <span class='ocrx_word' id='word_1_154' title='bbox 213 660 366 691; x_wconf 85' lang='lat' dir='ltr'>Consimili</span> <span class='ocrx_word' id='word_1_155' title='bbox 387 659 461 691; x_wconf 88' lang='lat' dir='ltr'>Casu</span> <span class='ocrx_word' id='word_1_156' title='bbox 480 661 512 691; x_wconf 74' lang='grc' dir='ltr'>δε</span> <span class='ocrx_word' id='word_1_157' title='bbox 536 659 658 699; x_wconf 84' lang='lat' dir='ltr'>Majori,</span> <span class='ocrx_word' id='word_1_158' title='bbox 676 659 773 690; x_wconf 82' lang='lat' dir='ltr'>vestris</span> <span class='ocrx_word' id='word_1_159' title='bbox 788 682 798 698; x_wconf 92' lang='lat'>,</span> <span class='ocrx_word' id='word_1_160' title='bbox 816 660 845 690; x_wconf 92' lang='lat' dir='ltr'>in</span> <span class='ocrx_word' id='word_1_161' title='bbox 865 660 1001 690; x_wconf 86' lang='lat' dir='ltr'>omnibus</span> <span class='ocrx_word' id='word_1_162' title='bbox 1015 682 1025 696; x_wconf 87' lang='lat'>,</span> <span class='ocrx_word' id='word_1_163' title='bbox 1043 657 1225 695; x_wconf 86' lang='lat' dir='ltr'>Beneplacitis</span> 
     </span>
     <span class='ocr_line' id='line_1_15' title="bbox 162 700 351 737; baseline -0.011 -6"><span class='ocrx_word' id='word_1_164' title='bbox 162 700 351 737; x_wconf 80' lang='lat' dir='ltr'>complacere.</span> 
     </span>
    </p>
   </div>
   <div class='ocr_carea' id='block_1_4' title="bbox 14 917 149 1175">
    <p class='ocr_par' dir='ltr' id='par_1_5' title="bbox 14 917 149 1175">
     <span class='ocr_line' id='line_1_16' title="bbox 15 917 104 943; baseline -0.011 0"><span class='ocrx_word' id='word_1_165' title='bbox 15 917 33 934; x_wconf 66' lang='lat'><strong>⁹</strong></span> <span class='ocrx_word' id='word_1_166' title='bbox 52 917 104 943; x_wconf 83' lang='lat' dir='ltr'>IV.</span> 
     </span>
     <span class='ocr_line' id='line_1_17' title="bbox 15 954 84 989; baseline 0.043 -9"><span class='ocrx_word' id='word_1_167' title='bbox 15 954 84 989; x_wconf 65' lang='lat'>489.</span> 
     </span>
     <span class='ocr_line' id='line_1_18' title="bbox 18 990 149 1022; baseline -0.008 0"><span class='ocrx_word' id='word_1_168' title='bbox 18 993 93 1022; x_wconf 76' lang='lat' dir='ltr'>Anti.</span> <span class='ocrx_word' id='word_1_169' title='bbox 110 990 149 1021; x_wconf 90' lang='lat' dir='ltr'>D.</span> 
     </span>
     <span class='ocr_line' id='line_1_19' title="bbox 38 1039 122 1069; baseline 0 -10"><span class='ocrx_word' id='word_1_170' title='bbox 38 1039 122 1069; x_wconf 75' lang='lat'>1331.</span> 
     </span>
     <span class='ocr_line' id='line_1_20' title="bbox 14 1076 111 1106; baseline 0.01 -9"><span class='ocrx_word' id='word_1_171' title='bbox 14 1076 68 1098; x_wconf 72' lang='grc' dir='ltr'>ΑΗ.</span> <span class='ocrx_word' id='word_1_172' title='bbox 84 1080 111 1106; x_wconf 80' lang='lat'>5.</span> 
     </span>
     <span class='ocr_line' id='line_1_21' title="bbox 16 1113 93 1144; baseline 0 -8"><span class='ocrx_word' id='word_1_173' title='bbox 16 1113 46 1136; x_wconf 79' lang='grc' dir='ltr'>Ε.</span> <span class='ocrx_word' id='word_1_174' title='bbox 68 1118 93 1144; x_wconf 84' lang='lat'>3.</span> 
     </span>
     <span class='ocr_line' id='line_1_22' title="bbox 14 1148 78 1175; baseline 0 0"><span class='ocrx_word' id='word_1_175' title='bbox 14 1148 78 1175; x_wconf 63' lang='lat' dir='ltr'>lbi-l.</span> 
     </span>
    </p>
   </div>
   <div class='ocr_carea' id='block_1_5' title="bbox 30 3256 161 3438">
    <p class='ocr_par' dir='ltr' id='par_1_6' title="bbox 30 3256 161 3438">
     <span class='ocr_line' id='line_1_23' title="bbox 30 3256 161 3288; baseline 0 0"><span class='ocrx_word' id='word_1_176' title='bbox 30 3256 105 3288; x_wconf 78' lang='lat' dir='ltr'>Arm.</span> <span class='ocrx_word' id='word_1_177' title='bbox 121 3256 161 3288; x_wconf 89' lang='lat' dir='ltr'>D.</span> 
     </span>
     <span class='ocr_line' id='line_1_24' title="bbox 60 3305 145 3335; baseline 0 -11"><span class='ocrx_word' id='word_1_178' title='bbox 60 3305 145 3335; x_wconf 72' lang='lat'><em>1331.</em></span> 
     </span>
     <span class='ocr_line' id='line_1_25' title="bbox 30 3337 127 3368; baseline -0.01 -6"><span class='ocrx_word' id='word_1_179' title='bbox 30 3337 81 3362; x_wconf 74' lang='lat' dir='ltr'>Aa.</span> <span class='ocrx_word' id='word_1_180' title='bbox 100 3343 127 3368; x_wconf 89' lang='lat'>5.</span> 
     </span>
     <span class='ocr_line' id='line_1_26' title="bbox 34 3376 108 3407; baseline -0.014 -8"><span class='ocrx_word' id='word_1_181' title='bbox 34 3376 61 3399; x_wconf 84' lang='grc' dir='ltr'>Ε.</span> <span class='ocrx_word' id='word_1_182' title='bbox 84 3381 108 3407; x_wconf 83' lang='lat'>3.</span> 
     </span>
     <span class='ocr_line' id='line_1_27' title="bbox 30 3410 133 3438; baseline 0.019 -2"><span class='ocrx_word' id='word_1_183' title='bbox 30 3410 133 3438; x_wconf 71' lang='lat' dir='ltr'>ibidem.</span> 
     </span>
    </p>
   </div>
   <div class='ocr_carea' id='block_1_6' title="bbox 41 3898 128 3972">
    <p class='ocr_par' dir='ltr' id='par_1_7' title="bbox 41 3898 128 3972">
     <span class='ocr_line' id='line_1_28' title="bbox 41 3898 128 3924; baseline 0.011 -1"><span class='ocrx_word' id='word_1_184' title='bbox 41 3898 58 3913; x_wconf 50' lang='grc' dir='ltr'><strong>ὓ</strong></span> <span class='ocrx_word' id='word_1_185' title='bbox 75 3899 128 3924; x_wconf 83' lang='lat' dir='ltr'>iv.</span> 
     </span>
     <span class='ocr_line' id='line_1_29' title="bbox 41 3945 107 3972; baseline -0.03 0"><span class='ocrx_word' id='word_1_186' title='bbox 41 3945 107 3972; x_wconf 81' lang='lat'>490-</span> 
     </span>
    </p>
   </div>
   <div class='ocr_carea' id='block_1_7' title="bbox 199 767 1017 815">
    <p class='ocr_par' dir='ltr' id='par_1_8' title="bbox 199 767 1017 815">
     <span class='ocr_line' id='line_1_30' title="bbox 199 767 1017 815; baseline -0.004 -9"><span class='ocrx_word' id='word_1_187' title='bbox 199 767 274 806; x_wconf 86' lang='lat' dir='ltr'>Data</span> <span class='ocrx_word' id='word_1_188' title='bbox 286 775 359 814; x_wconf 86' lang='lat' dir='ltr'>apud</span> <span class='ocrx_word' id='word_1_189' title='bbox 374 775 523 815; x_wconf 85' lang='lat' dir='ltr'>Havering</span> <span class='ocrx_word' id='word_1_190' title='bbox 536 783 591 807; x_wconf 84' lang='lat' dir='ltr'>arte</span> <span class='ocrx_word' id='word_1_191' title='bbox 604 775 714 814; x_wconf 83' lang='lat' dir='ltr'>Boure,</span> <span class='ocrx_word' id='word_1_192' title='bbox 732 775 870 806; x_wconf 85' lang='lat' dir='ltr'>vicesimo</span> <span class='ocrx_word' id='word_1_193' title='bbox 883 774 928 805; x_wconf 87' lang='lat' dir='ltr'>die</span> <span class='ocrx_word' id='word_1_194' title='bbox 935 773 1017 805; x_wconf 78' lang='lat' dir='ltr'>Maii.</span> 
     </span>
    </p>
   </div>
   <div class='ocr_carea' id='block_1_8' title="bbox 261 896 1130 947">
    <p class='ocr_par' dir='ltr' id='par_1_9' title="bbox 261 896 1130 947">
     <span class='ocr_line' id='line_1_31' title="bbox 261 896 1130 947; baseline -0.005 -12"><span class='ocrx_word' id='word_1_195' title='bbox 261 901 289 928; x_wconf 38' lang='grc' dir='ltr'>ᾖ</span> <span class='ocrx_word' id='word_1_196' title='bbox 315 900 373 935; x_wconf 84' lang='lat' dir='ltr'>Ad</span> <span class='ocrx_word' id='word_1_197' title='bbox 387 898 528 934; x_wconf 80' lang='lat' dir='ltr'>Scabinos</span> <span class='ocrx_word' id='word_1_198' title='bbox 543 899 579 934; x_wconf 83' lang='lat' dir='ltr'>de</span> <span class='ocrx_word' id='word_1_199' title='bbox 598 903 696 947; x_wconf 77' lang='lat' dir='ltr'>Burgo</span> <span class='ocrx_word' id='word_1_200' title='bbox 707 926 716 942; x_wconf 93' lang='lat'>,</span> <span class='ocrx_word' id='word_1_201' title='bbox 734 901 825 946; x_wconf 69' lang='lat' dir='ltr'>sieper</span> <span class='ocrx_word' id='word_1_202' title='bbox 837 899 918 932; x_wconf 55' lang='lat' dir='ltr'>dista</span> <span class='ocrx_word' id='word_1_203' title='bbox 935 896 1130 941; x_wconf 67' lang='lat' dir='ltr'>Arestationa</span> 
     </span>
    </p>
   </div>
   <div class='ocr_carea' id='block_1_9' title="bbox 163 982 1228 1409">
    <p class='ocr_par' dir='ltr' id='par_1_10' title="bbox 170 982 1228 1064">
     <span class='ocr_line' id='line_1_32' title="bbox 170 982 1228 1043; baseline -0.006 -26"><span class='ocrx_word' id='word_1_204' title='bbox 170 985 291 1043; x_wconf 77' lang='lat' dir='ltr'>REX</span> <span class='ocrx_word' id='word_1_205' title='bbox 311 986 433 1024; x_wconf 73' lang='lat' dir='ltr'>Majori,</span> <span class='ocrx_word' id='word_1_206' title='bbox 449 985 590 1024; x_wconf 77' lang='lat' dir='ltr'>Scabinis,</span> <span class='ocrx_word' id='word_1_207' title='bbox 609 985 795 1024; x_wconf 78' lang='lat' dir='ltr'>Consulibus,</span> <span class='ocrx_word' id='word_1_208' title='bbox 813 987 846 1017; x_wconf 91' lang='lat'>&amp;</span> <span class='ocrx_word' id='word_1_209' title='bbox 862 984 1075 1015; x_wconf 81' lang='lat' dir='ltr'>Cornniunitati</span> <span class='ocrx_word' id='word_1_210' title='bbox 1097 982 1228 1013; x_wconf 78' lang='lat' dir='ltr'>Civitatis</span> 
     </span>
     <span class='ocr_line' id='line_1_33' title="bbox 247 1024 558 1064; baseline -0.006 -9"><span class='ocrx_word' id='word_1_211' title='bbox 247 1025 283 1055; x_wconf 91' lang='lat' dir='ltr'>de</span> <span class='ocrx_word' id='word_1_212' title='bbox 297 1024 408 1064; x_wconf 78' lang='lat' dir='ltr'>Burgli,</span> <span class='ocrx_word' id='word_1_213' title='bbox 423 1024 558 1054; x_wconf 77' lang='lat' dir='ltr'>Salutem.</span> 
     </span>
    </p>

    <p class='ocr_par' dir='ltr' id='par_1_11' title="bbox 201 1059 1226 1102">
     <span class='ocr_line' id='line_1_34' title="bbox 201 1059 1226 1102; baseline -0.005 -10"><span class='ocrx_word' id='word_1_214' title='bbox 201 1061 247 1093; x_wconf 85' lang='lat' dir='ltr'>Ex</span> <span class='ocrx_word' id='word_1_215' title='bbox 262 1063 452 1102; x_wconf 83' lang='lat' dir='ltr'>quorumdam</span> <span class='ocrx_word' id='word_1_216' title='bbox 467 1062 607 1092; x_wconf 83' lang='lat' dir='ltr'>Fidelium</span> <span class='ocrx_word' id='word_1_217' title='bbox 621 1062 786 1093; x_wconf 89' lang='lat' dir='ltr'>nostrorum</span> <span class='ocrx_word' id='word_1_218' title='bbox 800 1062 944 1100; x_wconf 81' lang='lat' dir='ltr'>relatibus,</span> <span class='ocrx_word' id='word_1_219' title='bbox 961 1059 1022 1094; x_wconf 83' lang='lat' dir='ltr'>&amp;c.</span> <span class='ocrx_word' id='word_1_220' title='bbox 1036 1067 1069 1090; x_wconf 82' lang='lat' dir='ltr'>ut</span> <span class='ocrx_word' id='word_1_221' title='bbox 1075 1059 1159 1099; x_wconf 73' lang='lat' dir='ltr'>ficpra</span> <span class='ocrx_word' id='word_1_222' title='bbox 1182 1069 1226 1088; x_wconf 83' lang='lat' dir='ltr'>ur-</span> 
     </span>
    </p>

    <p class='ocr_par' dir='ltr' id='par_1_12' title="bbox 163 1097 1227 1178">
     <span class='ocr_line' id='line_1_35' title="bbox 182 1097 1227 1140; baseline -0.002 -10"><span class='ocrx_word' id='word_1_223' title='bbox 182 1112 214 1130; x_wconf 82' lang='lat' dir='ltr'>ue</span> <span class='ocrx_word' id='word_1_224' title='bbox 229 1102 267 1131; x_wconf 79' lang='lat' dir='ltr'>ibi</span> <span class='ocrx_word' id='word_1_225' title='bbox 280 1102 353 1140; x_wconf 86' lang='lat' dir='ltr'>apud</span> <span class='ocrx_word' id='word_1_226' title='bbox 371 1100 524 1132; x_wconf 75' lang='lat' dir='ltr'>Civitatem</span> <span class='ocrx_word' id='word_1_227' title='bbox 541 1101 705 1139; x_wconf 64' lang='lat' dir='ltr'>praedietam</span> <span class='ocrx_word' id='word_1_228' title='bbox 722 1100 879 1139; x_wconf 86' lang='lat' dir='ltr'>Arestatus,</span> <span class='ocrx_word' id='word_1_229' title='bbox 896 1101 930 1132; x_wconf 72' lang='grc' dir='ltr'>δε</span> <span class='ocrx_word' id='word_1_230' title='bbox 952 1099 1096 1130; x_wconf 85' lang='lat' dir='ltr'>Carcerali</span> <span class='ocrx_word' id='word_1_231' title='bbox 1118 1097 1227 1129; x_wconf 73' lang='lat' dir='ltr'>Custo-</span> 
     </span>
     <span class='ocr_line' id='line_1_36' title="bbox 163 1111 554 1178; baseline -0.005 -8"><span class='ocrx_word' id='word_1_232' title='bbox 163 1111 218 1171; x_wconf 70' lang='lat' dir='ltr'>cqiiae</span> <span class='ocrx_word' id='word_1_233' title='bbox 233 1139 414 1178; x_wconf 71' lang='lat' dir='ltr'>Mancipatus</span> <span class='ocrx_word' id='word_1_234' title='bbox 421 1163 431 1177; x_wconf 80' lang='lat'>,</span> <span class='ocrx_word' id='word_1_235' title='bbox 449 1139 554 1178; x_wconf 84' lang='lat' dir='ltr'>existit,</span> 
     </span>
    </p>

    <p class='ocr_par' dir='ltr' id='par_1_13' title="bbox 165 1173 1228 1409">
     <span class='ocr_line' id='line_1_37' title="bbox 203 1173 1228 1217; baseline -0.004 -9"><span class='ocrx_word' id='word_1_236' title='bbox 203 1177 264 1208; x_wconf 85' lang='lat' dir='ltr'>Vos</span> <span class='ocrx_word' id='word_1_237' title='bbox 285 1188 417 1217; x_wconf 77' lang='lat' dir='ltr'>rogamus</span> <span class='ocrx_word' id='word_1_238' title='bbox 437 1178 471 1209; x_wconf 82' lang='lat'>&amp;</span> <span class='ocrx_word' id='word_1_239' title='bbox 494 1179 660 1216; x_wconf 85' lang='lat' dir='ltr'>requirimus</span> <span class='ocrx_word' id='word_1_240' title='bbox 684 1185 818 1215; x_wconf 85' lang='lat' dir='ltr'>quatenus</span> <span class='ocrx_word' id='word_1_241' title='bbox 832 1176 956 1207; x_wconf 89' lang='lat' dir='ltr'>eundem</span> <span class='ocrx_word' id='word_1_242' title='bbox 971 1177 1140 1214; x_wconf 83' lang='lat' dir='ltr'>Thomam,</span> <span class='ocrx_word' id='word_1_243' title='bbox 1158 1173 1228 1204; x_wconf 88' lang='lat' dir='ltr'>dile-</span> 
     </span>
     <span class='ocr_line' id='line_1_38' title="bbox 165 1213 1226 1255; baseline -0.004 -8"><span class='ocrx_word' id='word_1_244' title='bbox 165 1217 216 1247; x_wconf 69' lang='grc' dir='ltr'>ἃο</span> <span class='ocrx_word' id='word_1_245' title='bbox 229 1217 263 1247; x_wconf 88' lang='lat'>&amp;</span> <span class='ocrx_word' id='word_1_246' title='bbox 276 1217 348 1248; x_wconf 85' lang='lat' dir='ltr'>fideli</span> <span class='ocrx_word' id='word_1_247' title='bbox 366 1216 465 1247; x_wconf 83' lang='lat' dir='ltr'>nostro</span> <span class='ocrx_word' id='word_1_248' title='bbox 475 1239 485 1255; x_wconf 86' lang='lat'>,</span> <span class='ocrx_word' id='word_1_249' title='bbox 499 1216 623 1255; x_wconf 87' lang='lat' dir='ltr'>Johanni</span> <span class='ocrx_word' id='word_1_250' title='bbox 636 1217 672 1247; x_wconf 89' lang='lat' dir='ltr'>de</span> <span class='ocrx_word' id='word_1_251' title='bbox 685 1215 846 1252; x_wconf 76' lang='lat' dir='ltr'>Haustede,</span> <span class='ocrx_word' id='word_1_252' title='bbox 864 1215 1022 1246; x_wconf 83' lang='lat' dir='ltr'>Senescallo</span> <span class='ocrx_word' id='word_1_253' title='bbox 1043 1214 1144 1244; x_wconf 86' lang='lat' dir='ltr'>nostro</span> <span class='ocrx_word' id='word_1_254' title='bbox 1159 1213 1226 1244; x_wconf 89' lang='lat' dir='ltr'>Vas-</span> 
     </span>
     <span class='ocr_line' id='line_1_39' title="bbox 165 1251 1226 1293; baseline -0.004 -8"><span class='ocrx_word' id='word_1_255' title='bbox 165 1256 275 1293; x_wconf 81' lang='lat' dir='ltr'>coniae,</span> <span class='ocrx_word' id='word_1_256' title='bbox 291 1256 336 1287; x_wconf 88' lang='lat' dir='ltr'>vel</span> <span class='ocrx_word' id='word_1_257' title='bbox 351 1256 402 1285; x_wconf 89' lang='lat' dir='ltr'>illis</span> <span class='ocrx_word' id='word_1_258' title='bbox 419 1265 489 1292; x_wconf 83' lang='lat' dir='ltr'>quos</span> <span class='ocrx_word' id='word_1_259' title='bbox 503 1255 536 1286; x_wconf 93' lang='lat' dir='ltr'>ad</span> <span class='ocrx_word' id='word_1_260' title='bbox 551 1255 609 1285; x_wconf 89' lang='lat' dir='ltr'>hoc</span> <span class='ocrx_word' id='word_1_261' title='bbox 624 1254 816 1292; x_wconf 82' lang='lat' dir='ltr'>deputaverit,</span> <span class='ocrx_word' id='word_1_262' title='bbox 834 1255 943 1284; x_wconf 88' lang='lat' dir='ltr'>liberari</span> <span class='ocrx_word' id='word_1_263' title='bbox 958 1253 1046 1283; x_wconf 85' lang='lat' dir='ltr'>velitis</span> <span class='ocrx_word' id='word_1_264' title='bbox 1061 1251 1226 1283; x_wconf 87' lang='lat' dir='ltr'>ducendum</span> 
     </span>
     <span class='ocr_line' id='line_1_40' title="bbox 165 1291 1225 1334; baseline -0.004 -10"><span class='ocrx_word' id='word_1_265' title='bbox 165 1293 200 1331; x_wconf 78' lang='lat' dir='ltr'>ad</span> <span class='ocrx_word' id='word_1_266' title='bbox 222 1303 292 1332; x_wconf 84' lang='lat' dir='ltr'>nos,</span> <span class='ocrx_word' id='word_1_267' title='bbox 311 1302 396 1332; x_wconf 87' lang='lat' dir='ltr'>prout</span> <span class='ocrx_word' id='word_1_268' title='bbox 414 1294 507 1324; x_wconf 80' lang='lat' dir='ltr'>eidem</span> <span class='ocrx_word' id='word_1_269' title='bbox 531 1293 688 1324; x_wconf 87' lang='lat' dir='ltr'>Senescallo</span> <span class='ocrx_word' id='word_1_270' title='bbox 701 1293 832 1324; x_wconf 86' lang='lat' dir='ltr'>duximus</span> <span class='ocrx_word' id='word_1_271' title='bbox 849 1291 1055 1334; x_wconf 80' lang='lat' dir='ltr'>injungendum</span> <span class='ocrx_word' id='word_1_272' title='bbox 1061 1301 1070 1327; x_wconf 87' lang='lat'>‚·</span> <span class='ocrx_word' id='word_1_273' title='bbox 1091 1291 1225 1334; x_wconf 81' lang='lat' dir='ltr'>volumus</span> 
     </span>
     <span class='ocr_line' id='line_1_41' title="bbox 166 1329 1226 1370; baseline -0.002 -8"><span class='ocrx_word' id='word_1_274' title='bbox 166 1333 264 1370; x_wconf 86' lang='lat' dir='ltr'>enim,</span> <span class='ocrx_word' id='word_1_275' title='bbox 282 1334 312 1362; x_wconf 88' lang='lat' dir='ltr'>in</span> <span class='ocrx_word' id='word_1_276' title='bbox 327 1332 478 1363; x_wconf 86' lang='lat' dir='ltr'>Consimili</span> <span class='ocrx_word' id='word_1_277' title='bbox 491 1331 582 1370; x_wconf 81' lang='lat' dir='ltr'>Casu,</span> <span class='ocrx_word' id='word_1_278' title='bbox 600 1332 700 1370; x_wconf 87' lang='lat' dir='ltr'>vobis,</span> <span class='ocrx_word' id='word_1_279' title='bbox 717 1333 752 1363; x_wconf 75' lang='grc' dir='ltr'>δε</span> <span class='ocrx_word' id='word_1_280' title='bbox 765 1331 899 1362; x_wconf 80' lang='lat' dir='ltr'>omnibus</span> <span class='ocrx_word' id='word_1_281' title='bbox 913 1329 1030 1369; x_wconf 86' lang='lat' dir='ltr'>vestris,</span> <span class='ocrx_word' id='word_1_282' title='bbox 1048 1339 1077 1360; x_wconf 89' lang='lat' dir='ltr'>in</span> <span class='ocrx_word' id='word_1_283' title='bbox 1089 1330 1226 1360; x_wconf 85' lang='lat' dir='ltr'>omnibus</span> 
     </span>
     <span class='ocr_line' id='line_1_42' title="bbox 165 1370 637 1409; baseline 0 -9"><span class='ocrx_word' id='word_1_284' title='bbox 165 1370 432 1409; x_wconf 77' lang='lat' dir='ltr'>oportunitatibus,</span> <span class='ocrx_word' id='word_1_285' title='bbox 450 1371 637 1408; x_wconf 73' lang='lat' dir='ltr'>complacere.</span> 
     </span>
    </p>
   </div>
   <div class='ocr_carea' id='block_1_10' title="bbox 202 1447 417 1488">
    <p class='ocr_par' dir='ltr' id='par_1_14' title="bbox 202 1447 417 1488">
     <span class='ocr_line' id='line_1_43' title="bbox 202 1447 417 1488; baseline -0.009 -10"><span class='ocrx_word' id='word_1_286' title='bbox 202 1447 272 1480; x_wconf 80' lang='lat' dir='ltr'>Dat.</span> <span class='ocrx_word' id='word_1_287' title='bbox 286 1457 316 1479; x_wconf 91' lang='lat' dir='ltr'>ut</span> <span class='ocrx_word' id='word_1_288' title='bbox 332 1448 417 1488; x_wconf 81' lang='lat' dir='ltr'>supra.</span> 
     </span>
    </p>
   </div>
   <div class='ocr_carea' id='block_1_11' title="bbox 193 1522 950 1530">
    <p class='ocr_par' dir='ltr' id='par_1_15' title="bbox 193 1522 950 1530">
     <span class='ocr_line' id='line_1_44' title="bbox 193 1522 950 1530; baseline 0 0"><span class='ocrx_word' id='word_1_289' title='bbox 193 1522 950 1530; x_wconf 95' lang='lat' dir='ltr'> </span> 
     </span>
    </p>
   </div>
   <div class='ocr_carea' id='block_1_12' title="bbox 165 1570 1225 1669">
    <p class='ocr_par' dir='ltr' id='par_1_16' title="bbox 165 1570 1225 1669">
     <span class='ocr_line' id='line_1_45' title="bbox 165 1570 1225 1620; baseline -0.004 -14"><span class='ocrx_word' id='word_1_290' title='bbox 165 1577 224 1609; x_wconf 87' lang='lat' dir='ltr'>Pro</span> <span class='ocrx_word' id='word_1_291' title='bbox 244 1576 320 1620; x_wconf 81' lang='lat' dir='ltr'>Rege</span> <span class='ocrx_word' id='word_1_292' title='bbox 339 1575 490 1615; x_wconf 76' lang='lat' dir='ltr'>Franciae,</span> <span class='ocrx_word' id='word_1_293' title='bbox 507 1572 598 1618; x_wconf 60' lang='lat' dir='ltr'>stltpcr</span> <span class='ocrx_word' id='word_1_294' title='bbox 618 1575 694 1604; x_wconf 77' lang='lat' dir='ltr'>Pace</span> <span class='ocrx_word' id='word_1_295' title='bbox 712 1570 828 1603; x_wconf 73' lang='lat' dir='ltr'>dudum</span> <span class='ocrx_word' id='word_1_296' title='bbox 840 1570 930 1614; x_wconf 55' lang='lat' dir='ltr'>fasta</span> <span class='ocrx_word' id='word_1_297' title='bbox 948 1573 1026 1602; x_wconf 79' lang='lat' dir='ltr'>inter</span> <span class='ocrx_word' id='word_1_298' title='bbox 1044 1572 1089 1603; x_wconf 84' lang='lat' dir='ltr'>H.</span> <span class='ocrx_word' id='word_1_299' title='bbox 1118 1573 1225 1618; x_wconf 85' lang='lat' dir='ltr'>Regem</span> 
     </span>
     <span class='ocr_line' id='line_1_46' title="bbox 260 1618 1135 1669; baseline -0.002 -15"><span class='ocrx_word' id='word_1_300' title='bbox 260 1623 377 1669; x_wconf 75' lang='lat' dir='ltr'>Angliae</span> <span class='ocrx_word' id='word_1_301' title='bbox 393 1624 429 1659; x_wconf 56' lang='grc' dir='ltr'>ῤ’</span> <span class='ocrx_word' id='word_1_302' title='bbox 446 1622 591 1654; x_wconf 63' lang='grc' dir='ltr'>δἀηὲῖωιη</span> <span class='ocrx_word' id='word_1_303' title='bbox 612 1619 803 1653; x_wconf 71' lang='lat' dir='ltr'>Ludovirum</span> <span class='ocrx_word' id='word_1_304' title='bbox 816 1645 826 1660; x_wconf 82' lang='grc'><strong>,</strong></span> <span class='ocrx_word' id='word_1_305' title='bbox 852 1618 887 1650; x_wconf 82' lang='lat' dir='ltr'>de</span> <span class='ocrx_word' id='word_1_306' title='bbox 907 1621 1135 1664; x_wconf 79' lang='lat' dir='ltr'>Acquietantia.</span> 
     </span>
    </p>
   </div>
   <div class='ocr_carea' id='block_1_13' title="bbox 146 1703 1228 1771">
    <p class='ocr_par' dir='ltr' id='par_1_17' title="bbox 146 1703 1228 1771">
     <span class='ocr_line' id='line_1_47' title="bbox 146 1703 1228 1771; baseline -0.002 -34"><span class='ocrx_word' id='word_1_307' title='bbox 146 1732 151 1737; x_wconf 83' lang='lat'>.</span> <span class='ocrx_word' id='word_1_308' title='bbox 168 1707 248 1771; x_wconf 85' lang='lat' dir='ltr'>LE</span> <span class='ocrx_word' id='word_1_309' title='bbox 259 1708 318 1738; x_wconf 76' lang='lat' dir='ltr'>Roi</span> <span class='ocrx_word' id='word_1_310' title='bbox 333 1717 348 1738; x_wconf 90' lang='lat' dir='ltr'>a</span> <span class='ocrx_word' id='word_1_311' title='bbox 360 1715 431 1738; x_wconf 86' lang='lat' dir='ltr'>touz</span> <span class='ocrx_word' id='word_1_312' title='bbox 441 1715 529 1745; x_wconf 80' lang='lat' dir='ltr'>ceux,</span> <span class='ocrx_word' id='word_1_313' title='bbox 538 1716 565 1737; x_wconf 86' lang='lat' dir='ltr'>as</span> <span class='ocrx_word' id='word_1_314' title='bbox 579 1715 672 1746; x_wconf 83' lang='lat' dir='ltr'>queux</span> <span class='ocrx_word' id='word_1_315' title='bbox 687 1703 776 1736; x_wconf 86' lang='lat' dir='ltr'>cestes</span> <span class='ocrx_word' id='word_1_316' title='bbox 791 1704 927 1743; x_wconf 76' lang='lat' dir='ltr'>presentes</span> <span class='ocrx_word' id='word_1_317' title='bbox 942 1703 1052 1735; x_wconf 88' lang='lat' dir='ltr'>Lettres</span> <span class='ocrx_word' id='word_1_318' title='bbox 1065 1703 1228 1744; x_wconf 90' lang='lat' dir='ltr'>vendront‚</span> 
     </span>
    </p>
   </div>
   <div class='ocr_carea' id='block_1_14' title="bbox 206 1746 1229 1857">
    <p class='ocr_par' dir='ltr' id='par_1_18' title="bbox 206 1746 1229 1857">
     <span class='ocr_line' id='line_1_48' title="bbox 206 1746 632 1821; baseline -0.007 -5"><span class='ocrx_word' id='word_1_319' title='bbox 206 1746 434 1816; x_wconf 46' lang='lat' dir='ltr'>Sa521iittsaisoms</span> <span class='ocrx_word' id='word_1_320' title='bbox 445 1794 462 1814; x_wconf 90' lang='lat' dir='ltr'>a</span> <span class='ocrx_word' id='word_1_321' title='bbox 476 1790 545 1814; x_wconf 89' lang='lat' dir='ltr'>touz</span> <span class='ocrx_word' id='word_1_322' title='bbox 558 1792 613 1821; x_wconf 89' lang='lat' dir='ltr'>que</span> <span class='ocrx_word' id='word_1_323' title='bbox 622 1806 632 1821; x_wconf 86' lang='lat'>‚</span> 
     </span>
     <span class='ocr_line' id='line_1_49' title="bbox 206 1818 1229 1857; baseline -0.004 -3"><span class='ocrx_word' id='word_1_324' title='bbox 206 1823 305 1855; x_wconf 89' lang='lat' dir='ltr'>Corne</span> <span class='ocrx_word' id='word_1_325' title='bbox 325 1834 358 1854; x_wconf 84' lang='lat' dir='ltr'>cn</span> <span class='ocrx_word' id='word_1_326' title='bbox 379 1833 418 1853; x_wconf 89' lang='lat' dir='ltr'>un</span> <span class='ocrx_word' id='word_1_327' title='bbox 439 1822 509 1852; x_wconf 89' lang='lat' dir='ltr'>Pees</span> <span class='ocrx_word' id='word_1_328' title='bbox 531 1822 564 1852; x_wconf 82' lang='lat'>&amp;</span> <span class='ocrx_word' id='word_1_329' title='bbox 585 1820 685 1852; x_wconf 88' lang='lat' dir='ltr'>Acord</span> <span class='ocrx_word' id='word_1_330' title='bbox 698 1819 775 1850; x_wconf 83' lang='lat' dir='ltr'>faites</span> <span class='ocrx_word' id='word_1_331' title='bbox 788 1819 856 1856; x_wconf 18' lang='lat' dir='ltr'>,iadis</span> <span class='ocrx_word' id='word_1_332' title='bbox 872 1828 951 1849; x_wconf 90' lang='lat' dir='ltr'>entre</span> <span class='ocrx_word' id='word_1_333' title='bbox 966 1818 1085 1857; x_wconf 86' lang='lat' dir='ltr'>Prince‚</span> <span class='ocrx_word' id='word_1_334' title='bbox 1103 1819 1140 1851; x_wconf 92' lang='lat' dir='ltr'>de</span> <span class='ocrx_word' id='word_1_335' title='bbox 1155 1820 1229 1851; x_wconf 87' lang='lat' dir='ltr'>clere</span> 
     </span>
    </p>
   </div>
   <div class='ocr_carea' id='block_1_15' title="bbox 114 1857 1229 1939">
    <p class='ocr_par' dir='ltr' id='par_1_19' title="bbox 114 1857 1229 1939">
     <span class='ocr_line' id='line_1_50' title="bbox 123 1857 1229 1900; baseline -0.004 -7"><span class='ocrx_word' id='word_1_336' title='bbox 123 1885 128 1890; x_wconf 87' lang='lat'><em>.</em></span> <span class='ocrx_word' id='word_1_337' title='bbox 171 1865 311 1893; x_wconf 88' lang='lat' dir='ltr'>memoire</span> <span class='ocrx_word' id='word_1_338' title='bbox 324 1887 333 1900; x_wconf 92' lang='lat'>,</span> <span class='ocrx_word' id='word_1_339' title='bbox 350 1862 427 1892; x_wconf 86' lang='lat' dir='ltr'>Seiiit</span> <span class='ocrx_word' id='word_1_340' title='bbox 447 1861 521 1899; x_wconf 88' lang='lat' dir='ltr'>Loys</span> <span class='ocrx_word' id='word_1_341' title='bbox 538 1883 547 1898; x_wconf 85' lang='lat'>,</span> <span class='ocrx_word' id='word_1_342' title='bbox 567 1860 623 1889; x_wconf 91' lang='lat' dir='ltr'>lors</span> <span class='ocrx_word' id='word_1_343' title='bbox 643 1859 703 1889; x_wconf 88' lang='lat' dir='ltr'>Roi</span> <span class='ocrx_word' id='word_1_344' title='bbox 724 1859 760 1888; x_wconf 86' lang='lat' dir='ltr'>de</span> <span class='ocrx_word' id='word_1_345' title='bbox 782 1858 908 1896; x_wconf 82' lang='lat' dir='ltr'>France,</span> <span class='ocrx_word' id='word_1_346' title='bbox 927 1859 960 1888; x_wconf 80' lang='grc' dir='ltr'>δε</span> <span class='ocrx_word' id='word_1_347' title='bbox 982 1857 1074 1888; x_wconf 90' lang='lat' dir='ltr'>Henri</span> <span class='ocrx_word' id='word_1_348' title='bbox 1093 1859 1149 1889; x_wconf 91' lang='lat' dir='ltr'>lors</span> <span class='ocrx_word' id='word_1_349' title='bbox 1168 1858 1229 1889; x_wconf 90' lang='lat' dir='ltr'>Roi</span> 
     </span>
     <span class='ocr_line' id='line_1_51' title="bbox 114 1896 1027 1939; baseline -0.007 -7"><span class='ocrx_word' id='word_1_350' title='bbox 114 1922 118 1927; x_wconf 85' lang='lat'>-</span> <span class='ocrx_word' id='word_1_351' title='bbox 149 1922 156 1928; x_wconf 88' lang='lat'><strong>·</strong></span> <span class='ocrx_word' id='word_1_352' title='bbox 170 1901 381 1939; x_wconf 78' lang='lat' dir='ltr'>d&#39;Engleterre,</span> <span class='ocrx_word' id='word_1_353' title='bbox 400 1909 434 1929; x_wconf 89' lang='lat' dir='ltr'>en</span> <span class='ocrx_word' id='word_1_354' title='bbox 451 1899 475 1929; x_wconf 91' lang='lat' dir='ltr'>la</span> <span class='ocrx_word' id='word_1_355' title='bbox 489 1899 569 1936; x_wconf 82' lang='lat' dir='ltr'>quele</span> <span class='ocrx_word' id='word_1_356' title='bbox 584 1898 652 1928; x_wconf 88' lang='lat' dir='ltr'>Pees</span> <span class='ocrx_word' id='word_1_357' title='bbox 667 1899 700 1928; x_wconf 88' lang='lat'>&amp;</span> <span class='ocrx_word' id='word_1_358' title='bbox 716 1897 814 1927; x_wconf 88' lang='lat' dir='ltr'>Acord</span> <span class='ocrx_word' id='word_1_359' title='bbox 829 1896 870 1927; x_wconf 85' lang='lat' dir='ltr'>est</span> <span class='ocrx_word' id='word_1_360' title='bbox 883 1906 1027 1935; x_wconf 81' lang='lat' dir='ltr'>contenti,</span> 
     </span>
    </p>
   </div>
   <div class='ocr_carea' id='block_1_16' title="bbox 166 1934 1234 2787">
    <p class='ocr_par' dir='ltr' id='par_1_20' title="bbox 168 1934 1232 2129">
     <span class='ocr_line' id='line_1_52' title="bbox 209 1934 1229 1977; baseline -0.003 -8"><span class='ocrx_word' id='word_1_361' title='bbox 209 1940 278 1977; x_wconf 81' lang='lat' dir='ltr'>Qie</span> <span class='ocrx_word' id='word_1_362' title='bbox 298 1939 324 1968; x_wconf 92' lang='lat' dir='ltr'>le</span> <span class='ocrx_word' id='word_1_363' title='bbox 346 1938 388 1968; x_wconf 90' lang='lat' dir='ltr'>dit</span> <span class='ocrx_word' id='word_1_364' title='bbox 409 1937 469 1968; x_wconf 89' lang='lat' dir='ltr'>Roi</span> <span class='ocrx_word' id='word_1_365' title='bbox 492 1937 527 1967; x_wconf 91' lang='lat' dir='ltr'>de</span> <span class='ocrx_word' id='word_1_366' title='bbox 549 1937 656 1967; x_wconf 85' lang='lat' dir='ltr'>France</span> <span class='ocrx_word' id='word_1_367' title='bbox 674 1935 785 1966; x_wconf 88' lang='lat' dir='ltr'>dorroit</span> <span class='ocrx_word' id='word_1_368' title='bbox 807 1946 841 1966; x_wconf 91' lang='lat' dir='ltr'>au</span> <span class='ocrx_word' id='word_1_369' title='bbox 856 1935 899 1966; x_wconf 89' lang='lat' dir='ltr'>dit</span> <span class='ocrx_word' id='word_1_370' title='bbox 913 1935 1007 1966; x_wconf 91' lang='lat' dir='ltr'>Henri</span> <span class='ocrx_word' id='word_1_371' title='bbox 1023 1935 1082 1966; x_wconf 85' lang='lat' dir='ltr'>Roi</span> <span class='ocrx_word' id='word_1_372' title='bbox 1097 1934 1229 1974; x_wconf 87' lang='lat' dir='ltr'>d&#39;Engle-</span> 
     </span>
     <span class='ocr_line' id='line_1_53' title="bbox 168 1973 1232 2016; baseline -0.003 -8"><span class='ocrx_word' id='word_1_373' title='bbox 168 1987 257 2016; x_wconf 85' lang='lat' dir='ltr'>terre,</span> <span class='ocrx_word' id='word_1_374' title='bbox 277 1987 331 2007; x_wconf 87' lang='lat' dir='ltr'>ceo</span> <span class='ocrx_word' id='word_1_375' title='bbox 347 1987 401 2015; x_wconf 89' lang='lat' dir='ltr'>que</span> <span class='ocrx_word' id='word_1_376' title='bbox 415 1975 489 2013; x_wconf 86' lang='lat' dir='ltr'>cynk</span> <span class='ocrx_word' id='word_1_377' title='bbox 501 1985 586 2005; x_wconf 85' lang='lat' dir='ltr'>centz</span> <span class='ocrx_word' id='word_1_378' title='bbox 609 1975 754 2006; x_wconf 84' lang='lat' dir='ltr'>Chivalers</span> <span class='ocrx_word' id='word_1_379' title='bbox 775 1974 942 2004; x_wconf 86' lang='lat' dir='ltr'>deveroient</span> <span class='ocrx_word' id='word_1_380' title='bbox 962 1973 1057 2004; x_wconf 87' lang='lat' dir='ltr'>coster</span> <span class='ocrx_word' id='word_1_381' title='bbox 1073 1974 1232 2005; x_wconf 82' lang='lat' dir='ltr'>resonable-</span> 
     </span>
     <span class='ocr_line' id='line_1_54' title="bbox 169 2012 1231 2051; baseline -0.004 -5"><span class='ocrx_word' id='word_1_382' title='bbox 169 2025 246 2046; x_wconf 89' lang='lat' dir='ltr'>ment</span> <span class='ocrx_word' id='word_1_383' title='bbox 267 2027 282 2046; x_wconf 84' lang='lat' dir='ltr'>a</span> <span class='ocrx_word' id='word_1_384' title='bbox 301 2017 372 2046; x_wconf 87' lang='lat' dir='ltr'>tenir</span> <span class='ocrx_word' id='word_1_385' title='bbox 396 2015 483 2046; x_wconf 76' lang='lat' dir='ltr'>Deux</span> <span class='ocrx_word' id='word_1_386' title='bbox 506 2014 608 2051; x_wconf 76' lang='lat' dir='ltr'>Annz,</span> <span class='ocrx_word' id='word_1_387' title='bbox 626 2025 642 2044; x_wconf 88' lang='lat' dir='ltr'>a</span> <span class='ocrx_word' id='word_1_388' title='bbox 667 2013 792 2050; x_wconf 79' lang='lat' dir='ltr'>I&#39;esguart</span> <span class='ocrx_word' id='word_1_389' title='bbox 811 2012 846 2042; x_wconf 92' lang='lat' dir='ltr'>de</span> <span class='ocrx_word' id='word_1_390' title='bbox 871 2012 980 2043; x_wconf 77' lang='lat' dir='ltr'>Prodes</span> <span class='ocrx_word' id='word_1_391' title='bbox 999 2012 1162 2050; x_wconf 68' lang='lat' dir='ltr'>Homines,</span> <span class='ocrx_word' id='word_1_392' title='bbox 1181 2014 1231 2051; x_wconf 89' lang='lat' dir='ltr'>qui</span> 
     </span>
     <span class='ocr_line' id='line_1_55' title="bbox 168 2051 1232 2091; baseline -0.002 -6"><span class='ocrx_word' id='word_1_393' title='bbox 168 2055 275 2085; x_wconf 85' lang='lat' dir='ltr'>serront</span> <span class='ocrx_word' id='word_1_394' title='bbox 290 2063 395 2084; x_wconf 81' lang='lat' dir='ltr'>nomez</span> <span class='ocrx_word' id='word_1_395' title='bbox 409 2054 493 2083; x_wconf 88' lang='lat' dir='ltr'>d’une</span> <span class='ocrx_word' id='word_1_396' title='bbox 503 2062 564 2091; x_wconf 83' lang='lat' dir='ltr'>part</span> <span class='ocrx_word' id='word_1_397' title='bbox 578 2054 611 2083; x_wconf 71' lang='lat' dir='ltr'>St</span> <span class='ocrx_word' id='word_1_398' title='bbox 626 2053 750 2091; x_wconf 85' lang='lat' dir='ltr'>d’autre,</span> <span class='ocrx_word' id='word_1_399' title='bbox 772 2051 878 2082; x_wconf 89' lang='lat' dir='ltr'>sicome</span> <span class='ocrx_word' id='word_1_400' title='bbox 895 2051 913 2081; x_wconf 83' lang='lat' dir='ltr'>il</span> <span class='ocrx_word' id='word_1_401' title='bbox 927 2051 968 2081; x_wconf 87' lang='lat' dir='ltr'>est</span> <span class='ocrx_word' id='word_1_402' title='bbox 983 2051 1045 2089; x_wconf 88' lang='lat' dir='ltr'>plus</span> <span class='ocrx_word' id='word_1_403' title='bbox 1057 2051 1232 2089; x_wconf 87' lang='lat' dir='ltr'>pleinement</span> 
     </span>
     <span class='ocr_line' id='line_1_56' title="bbox 168 2091 687 2129; baseline -0.006 -5"><span class='ocrx_word' id='word_1_404' title='bbox 168 2102 296 2124; x_wconf 77' lang='lat' dir='ltr'>contenti</span> <span class='ocrx_word' id='word_1_405' title='bbox 312 2103 340 2123; x_wconf 81' lang='lat' dir='ltr'>es</span> <span class='ocrx_word' id='word_1_406' title='bbox 353 2092 422 2123; x_wconf 85' lang='lat' dir='ltr'>dites</span> <span class='ocrx_word' id='word_1_407' title='bbox 434 2092 504 2122; x_wconf 77' lang='lat' dir='ltr'>Pees</span> <span class='ocrx_word' id='word_1_408' title='bbox 519 2092 552 2122; x_wconf 87' lang='lat'>&amp;</span> <span class='ocrx_word' id='word_1_409' title='bbox 570 2091 687 2129; x_wconf 84' lang='lat' dir='ltr'>Acord,</span> 
     </span>
    </p>

    <p class='ocr_par' dir='ltr' id='par_1_21' title="bbox 166 2127 1233 2357">
     <span class='ocr_line' id='line_1_57' title="bbox 203 2127 1231 2170; baseline -0.003 -8"><span class='ocrx_word' id='word_1_410' title='bbox 203 2131 240 2163; x_wconf 87' lang='lat' dir='ltr'>Et</span> <span class='ocrx_word' id='word_1_411' title='bbox 263 2142 333 2161; x_wconf 83' lang='lat' dir='ltr'>nous</span> <span class='ocrx_word' id='word_1_412' title='bbox 353 2130 474 2162; x_wconf 79' lang='lat' dir='ltr'>eulsions</span> <span class='ocrx_word' id='word_1_413' title='bbox 495 2130 635 2161; x_wconf 89' lang='lat' dir='ltr'>demande</span> <span class='ocrx_word' id='word_1_414' title='bbox 655 2141 686 2169; x_wconf 84' lang='lat' dir='ltr'>a,</span> <span class='ocrx_word' id='word_1_415' title='bbox 705 2127 802 2159; x_wconf 88' lang='lat' dir='ltr'>nostre</span> <span class='ocrx_word' id='word_1_416' title='bbox 824 2128 900 2159; x_wconf 89' lang='lat' dir='ltr'>Ame</span> <span class='ocrx_word' id='word_1_417' title='bbox 919 2129 1040 2166; x_wconf 84' lang='lat' dir='ltr'>Seignur</span> <span class='ocrx_word' id='word_1_418' title='bbox 1065 2129 1100 2160; x_wconf 90' lang='lat'>&amp;</span> <span class='ocrx_word' id='word_1_419' title='bbox 1114 2127 1231 2170; x_wconf 87' lang='lat' dir='ltr'>Cosyn,</span> 
     </span>
     <span class='ocr_line' id='line_1_58' title="bbox 166 2166 1230 2209; baseline -0.003 -8"><span class='ocrx_word' id='word_1_420' title='bbox 166 2169 269 2209; x_wconf 77' lang='lat' dir='ltr'>Phelip</span> <span class='ocrx_word' id='word_1_421' title='bbox 289 2170 348 2200; x_wconf 86' lang='lat' dir='ltr'>Roi</span> <span class='ocrx_word' id='word_1_422' title='bbox 373 2169 408 2199; x_wconf 92' lang='lat' dir='ltr'>de</span> <span class='ocrx_word' id='word_1_423' title='bbox 430 2169 554 2208; x_wconf 83' lang='lat' dir='ltr'>France,</span> <span class='ocrx_word' id='word_1_424' title='bbox 573 2170 655 2207; x_wconf 83' lang='lat' dir='ltr'>q’ore</span> <span class='ocrx_word' id='word_1_425' title='bbox 674 2167 716 2198; x_wconf 82' lang='lat' dir='ltr'>est</span> <span class='ocrx_word' id='word_1_426' title='bbox 731 2192 740 2206; x_wconf 81' lang='lat'>,</span> <span class='ocrx_word' id='word_1_427' title='bbox 758 2178 814 2198; x_wconf 85' lang='lat' dir='ltr'>ceo</span> <span class='ocrx_word' id='word_1_428' title='bbox 831 2178 886 2207; x_wconf 85' lang='lat' dir='ltr'>que</span> <span class='ocrx_word' id='word_1_429' title='bbox 908 2166 947 2197; x_wconf 90' lang='lat' dir='ltr'>les</span> <span class='ocrx_word' id='word_1_430' title='bbox 968 2167 1028 2198; x_wconf 87' lang='lat' dir='ltr'>ditz</span> <span class='ocrx_word' id='word_1_431' title='bbox 1046 2167 1123 2206; x_wconf 90' lang='lat' dir='ltr'>cynk</span> <span class='ocrx_word' id='word_1_432' title='bbox 1143 2177 1230 2198; x_wconf 80' lang='lat' dir='ltr'>ceutz</span> 
     </span>
     <span class='ocr_line' id='line_1_59' title="bbox 167 2205 1232 2245; baseline -0.004 -5"><span class='ocrx_word' id='word_1_433' title='bbox 167 2209 313 2240; x_wconf 76' lang='lat' dir='ltr'>Cliivalers</span> <span class='ocrx_word' id='word_1_434' title='bbox 335 2208 521 2239; x_wconf 85' lang='lat' dir='ltr'>devorroient</span> <span class='ocrx_word' id='word_1_435' title='bbox 540 2208 634 2238; x_wconf 90' lang='lat' dir='ltr'>coster</span> <span class='ocrx_word' id='word_1_436' title='bbox 657 2207 881 2238; x_wconf 85' lang='lat' dir='ltr'>resonablemeut</span> <span class='ocrx_word' id='word_1_437' title='bbox 902 2216 917 2235; x_wconf 92' lang='lat' dir='ltr'>a</span> <span class='ocrx_word' id='word_1_438' title='bbox 937 2207 1010 2237; x_wconf 89' lang='lat' dir='ltr'>tenir</span> <span class='ocrx_word' id='word_1_439' title='bbox 1025 2205 1111 2236; x_wconf 81' lang='lat' dir='ltr'>Deux</span> <span class='ocrx_word' id='word_1_440' title='bbox 1127 2206 1232 2245; x_wconf 88' lang='lat' dir='ltr'>Annz,</span> 
     </span>
     <span class='ocr_line' id='line_1_60' title="bbox 168 2244 1232 2286; baseline -0.001 -9"><span class='ocrx_word' id='word_1_441' title='bbox 168 2258 217 2286; x_wconf 79' lang='lat' dir='ltr'>pai·</span> <span class='ocrx_word' id='word_1_442' title='bbox 235 2248 259 2277; x_wconf 86' lang='lat' dir='ltr'>la</span> <span class='ocrx_word' id='word_1_443' title='bbox 281 2247 361 2279; x_wconf 73' lang='lat' dir='ltr'>cause</span> <span class='ocrx_word' id='word_1_444' title='bbox 381 2255 525 2277; x_wconf 82' lang='lat' dir='ltr'>contenue</span> <span class='ocrx_word' id='word_1_445' title='bbox 546 2257 581 2277; x_wconf 91' lang='lat' dir='ltr'>en</span> <span class='ocrx_word' id='word_1_446' title='bbox 603 2248 673 2277; x_wconf 85' lang='lat' dir='ltr'>dites</span> <span class='ocrx_word' id='word_1_447' title='bbox 688 2245 758 2275; x_wconf 82' lang='lat' dir='ltr'>Pecs</span> <span class='ocrx_word' id='word_1_448' title='bbox 774 2246 808 2275; x_wconf 87' lang='lat'>&amp;</span> <span class='ocrx_word' id='word_1_449' title='bbox 823 2244 938 2283; x_wconf 88' lang='lat' dir='ltr'>Acord,</span> <span class='ocrx_word' id='word_1_450' title='bbox 954 2255 1007 2283; x_wconf 90' lang='lat' dir='ltr'>por</span> <span class='ocrx_word' id='word_1_451' title='bbox 1020 2255 1074 2275; x_wconf 90' lang='lat' dir='ltr'>ceo</span> <span class='ocrx_word' id='word_1_452' title='bbox 1090 2255 1146 2283; x_wconf 93' lang='lat' dir='ltr'>que</span> <span class='ocrx_word' id='word_1_453' title='bbox 1159 2255 1232 2276; x_wconf 87' lang='lat' dir='ltr'>nous</span> 
     </span>
     <span class='ocr_line' id='line_1_61' title="bbox 170 2283 1233 2324; baseline -0.003 -7"><span class='ocrx_word' id='word_1_454' title='bbox 170 2298 207 2317; x_wconf 86' lang='lat' dir='ltr'>ne</span> <span class='ocrx_word' id='word_1_455' title='bbox 224 2286 344 2317; x_wconf 80' lang='lat' dir='ltr'>savioms</span> <span class='ocrx_word' id='word_1_456' title='bbox 366 2296 416 2324; x_wconf 76' lang='lat' dir='ltr'>pas·</span> <span class='ocrx_word' id='word_1_457' title='bbox 434 2296 488 2324; x_wconf 86' lang='lat' dir='ltr'>que</span> <span class='ocrx_word' id='word_1_458' title='bbox 508 2285 534 2315; x_wconf 92' lang='lat' dir='ltr'>le</span> <span class='ocrx_word' id='word_1_459' title='bbox 554 2285 595 2316; x_wconf 90' lang='lat' dir='ltr'>dit</span> <span class='ocrx_word' id='word_1_460' title='bbox 619 2285 679 2315; x_wconf 88' lang='lat' dir='ltr'>Roi</span> <span class='ocrx_word' id='word_1_461' title='bbox 698 2284 735 2314; x_wconf 92' lang='lat' dir='ltr'>de</span> <span class='ocrx_word' id='word_1_462' title='bbox 751 2283 858 2314; x_wconf 86' lang='lat' dir='ltr'>France</span> <span class='ocrx_word' id='word_1_463' title='bbox 870 2294 906 2314; x_wconf 92' lang='lat' dir='ltr'>en</span> <span class='ocrx_word' id='word_1_464' title='bbox 918 2283 990 2314; x_wconf 85' lang='lat' dir='ltr'>feust</span> <span class='ocrx_word' id='word_1_465' title='bbox 1006 2285 1095 2322; x_wconf 84' lang='lat' dir='ltr'>quites</span> <span class='ocrx_word' id='word_1_466' title='bbox 1108 2285 1141 2315; x_wconf 89' lang='lat'>&amp;</span> <span class='ocrx_word' id='word_1_467' title='bbox 1164 2284 1233 2315; x_wconf 89' lang='lat' dir='ltr'>deli-</span> 
     </span>
     <span class='ocr_line' id='line_1_62' title="bbox 171 2336 236 2357; baseline -0.031 0"><span class='ocrx_word' id='word_1_468' title='bbox 171 2336 236 2357; x_wconf 87' lang='lat' dir='ltr'>vres</span> 
     </span>
    </p>

    <p class='ocr_par' dir='ltr' id='par_1_22' title="bbox 170 2349 1234 2553">
     <span class='ocr_line' id='line_1_63' title="bbox 210 2349 1233 2400; baseline -0.002 -6"><span class='ocrx_word' id='word_1_469' title='bbox 210 2349 252 2394; x_wconf 78' lang='lat' dir='ltr'>Et³</span> <span class='ocrx_word' id='word_1_470' title='bbox 261 2371 340 2393; x_wconf 78' lang='lat' dir='ltr'>toute</span> <span class='ocrx_word' id='word_1_471' title='bbox 353 2363 421 2392; x_wconf 91' lang='lat' dir='ltr'>voie</span> <span class='ocrx_word' id='word_1_472' title='bbox 435 2362 473 2391; x_wconf 88' lang='lat' dir='ltr'>les</span> <span class='ocrx_word' id='word_1_473' title='bbox 487 2361 604 2400; x_wconf 81' lang='lat' dir='ltr'>Gentz,</span> <span class='ocrx_word' id='word_1_474' title='bbox 622 2361 657 2392; x_wconf 89' lang='lat' dir='ltr'>de</span> <span class='ocrx_word' id='word_1_475' title='bbox 671 2360 768 2391; x_wconf 87' lang='lat' dir='ltr'>nostre</span> <span class='ocrx_word' id='word_1_476' title='bbox 781 2360 822 2391; x_wconf 88' lang='lat' dir='ltr'>dit</span> <span class='ocrx_word' id='word_1_477' title='bbox 837 2361 956 2400; x_wconf 75' lang='lat' dir='ltr'>Se&#39;gnur</span> <span class='ocrx_word' id='word_1_478' title='bbox 970 2361 1004 2391; x_wconf 89' lang='lat'>&amp;</span> <span class='ocrx_word' id='word_1_479' title='bbox 1029 2359 1125 2399; x_wconf 89' lang='lat' dir='ltr'>Cosyn</span> <span class='ocrx_word' id='word_1_480' title='bbox 1134 2385 1143 2398; x_wconf 79' lang='grc'><strong>,</strong></span> <span class='ocrx_word' id='word_1_481' title='bbox 1160 2369 1233 2392; x_wconf 90' lang='lat' dir='ltr'>ount</span> 
     </span>
     <span class='ocr_line' id='line_1_64' title="bbox 172 2399 1230 2439; baseline -0.002 -7"><span class='ocrx_word' id='word_1_482' title='bbox 172 2401 221 2433; x_wconf 83' lang='lat' dir='ltr'>fait</span> <span class='ocrx_word' id='word_1_483' title='bbox 237 2402 330 2439; x_wconf 84' lang='lat' dir='ltr'>pleine</span> <span class='ocrx_word' id='word_1_484' title='bbox 344 2400 382 2430; x_wconf 86' lang='lat' dir='ltr'>soi</span> <span class='ocrx_word' id='word_1_485' title='bbox 392 2423 401 2438; x_wconf 82' lang='lat'>‚</span> <span class='ocrx_word' id='word_1_486' title='bbox 420 2410 468 2438; x_wconf 86' lang='lat' dir='ltr'>par</span> <span class='ocrx_word' id='word_1_487' title='bbox 484 2400 595 2438; x_wconf 84' lang='lat' dir='ltr'>lettres,</span> <span class='ocrx_word' id='word_1_488' title='bbox 612 2411 627 2430; x_wconf 87' lang='lat' dir='ltr'>a</span> <span class='ocrx_word' id='word_1_489' title='bbox 642 2409 700 2429; x_wconf 89' lang='lat' dir='ltr'>noz</span> <span class='ocrx_word' id='word_1_490' title='bbox 718 2399 857 2438; x_wconf 73' lang='lat' dir='ltr'>Mess&#39;ages</span> <span class='ocrx_word' id='word_1_491' title='bbox 870 2401 903 2430; x_wconf 71' lang='grc' dir='ltr'>ὅ(</span> <span class='ocrx_word' id='word_1_492' title='bbox 918 2399 1109 2437; x_wconf 81' lang='lat' dir='ltr'>Procurours,</span> <span class='ocrx_word' id='word_1_493' title='bbox 1127 2409 1182 2437; x_wconf 90' lang='lat' dir='ltr'>que</span> <span class='ocrx_word' id='word_1_494' title='bbox 1203 2400 1230 2430; x_wconf 89' lang='lat' dir='ltr'>le</span> 
     </span>
     <span class='ocr_line' id='line_1_65' title="bbox 172 2437 1231 2475; baseline -0.002 -5"><span class='ocrx_word' id='word_1_495' title='bbox 172 2440 213 2470; x_wconf 87' lang='lat' dir='ltr'>dit</span> <span class='ocrx_word' id='word_1_496' title='bbox 231 2439 325 2469; x_wconf 88' lang='lat' dir='ltr'>Henri</span> <span class='ocrx_word' id='word_1_497' title='bbox 346 2440 423 2468; x_wconf 90' lang='lat' dir='ltr'>avoit</span> <span class='ocrx_word' id='word_1_498' title='bbox 444 2448 480 2468; x_wconf 90' lang='lat' dir='ltr'>en</span> <span class='ocrx_word' id='word_1_499' title='bbox 502 2437 540 2468; x_wconf 88' lang='lat' dir='ltr'>du</span> <span class='ocrx_word' id='word_1_500' title='bbox 555 2437 614 2468; x_wconf 88' lang='lat' dir='ltr'>dite</span> <span class='ocrx_word' id='word_1_501' title='bbox 629 2437 717 2468; x_wconf 88' lang='lat' dir='ltr'>Dette</span> <span class='ocrx_word' id='word_1_502' title='bbox 729 2439 834 2467; x_wconf 88' lang='lat' dir='ltr'>entiere</span> <span class='ocrx_word' id='word_1_503' title='bbox 848 2437 976 2467; x_wconf 84' lang='lat' dir='ltr'>Paiment</span> <span class='ocrx_word' id='word_1_504' title='bbox 992 2438 1026 2468; x_wconf 72' lang='grc' dir='ltr'>δε</span> <span class='ocrx_word' id='word_1_505' title='bbox 1041 2437 1134 2475; x_wconf 85' lang='lat' dir='ltr'>pleine</span> <span class='ocrx_word' id='word_1_506' title='bbox 1145 2438 1231 2468; x_wconf 87' lang='lat' dir='ltr'>Saris-</span> 
     </span>
     <span class='ocr_line' id='line_1_66' title="bbox 170 2475 1234 2516; baseline -0.002 -7"><span class='ocrx_word' id='word_1_507' title='bbox 170 2478 299 2513; x_wconf 65' lang='lat' dir='ltr'>faetion,</span> <span class='ocrx_word' id='word_1_508' title='bbox 317 2478 350 2508; x_wconf 68' lang='grc' dir='ltr'>ὃς</span> <span class='ocrx_word' id='word_1_509' title='bbox 366 2486 401 2506; x_wconf 86' lang='lat' dir='ltr'>en</span> <span class='ocrx_word' id='word_1_510' title='bbox 415 2476 492 2507; x_wconf 87' lang='lat' dir='ltr'>avoit</span> <span class='ocrx_word' id='word_1_511' title='bbox 503 2477 596 2515; x_wconf 87' lang='lat' dir='ltr'>aquite</span> <span class='ocrx_word' id='word_1_512' title='bbox 612 2475 638 2506; x_wconf 88' lang='lat' dir='ltr'>le</span> <span class='ocrx_word' id='word_1_513' title='bbox 649 2476 691 2506; x_wconf 88' lang='lat' dir='ltr'>dit</span> <span class='ocrx_word' id='word_1_514' title='bbox 705 2475 784 2506; x_wconf 89' lang='lat' dir='ltr'>Seint</span> <span class='ocrx_word' id='word_1_515' title='bbox 801 2476 893 2515; x_wconf 86' lang='lat' dir='ltr'>Loys,</span> <span class='ocrx_word' id='word_1_516' title='bbox 913 2475 970 2506; x_wconf 86' lang='lat' dir='ltr'>lors</span> <span class='ocrx_word' id='word_1_517' title='bbox 985 2475 1047 2505; x_wconf 90' lang='lat' dir='ltr'>Roi</span> <span class='ocrx_word' id='word_1_518' title='bbox 1061 2476 1097 2506; x_wconf 94' lang='lat' dir='ltr'>de</span> <span class='ocrx_word' id='word_1_519' title='bbox 1110 2476 1234 2516; x_wconf 86' lang='lat' dir='ltr'>France,</span> 
     </span>
     <span class='ocr_line' id='line_1_67' title="bbox 172 2515 472 2553; baseline -0.013 -5"><span class='ocrx_word' id='word_1_520' title='bbox 172 2518 206 2548; x_wconf 88' lang='lat'>&amp;</span> <span class='ocrx_word' id='word_1_521' title='bbox 219 2516 257 2546; x_wconf 90' lang='lat' dir='ltr'>ses</span> <span class='ocrx_word' id='word_1_522' title='bbox 273 2515 472 2553; x_wconf 84' lang='lat' dir='ltr'>Successours,</span> 
     </span>
    </p>

    <p class='ocr_par' dir='ltr' id='par_1_23' title="bbox 170 2551 1234 2787">
     <span class='ocr_line' id='line_1_68' title="bbox 211 2551 1233 2594; baseline 0 -9"><span class='ocrx_word' id='word_1_523' title='bbox 211 2553 300 2585; x_wconf 90' lang='lat' dir='ltr'>Nous</span> <span class='ocrx_word' id='word_1_524' title='bbox 315 2553 471 2584; x_wconf 87' lang='lat' dir='ltr'>conissoms</span> <span class='ocrx_word' id='word_1_525' title='bbox 483 2563 538 2591; x_wconf 89' lang='lat' dir='ltr'>que</span> <span class='ocrx_word' id='word_1_526' title='bbox 553 2553 579 2583; x_wconf 89' lang='lat' dir='ltr'>le</span> <span class='ocrx_word' id='word_1_527' title='bbox 591 2552 632 2582; x_wconf 88' lang='lat' dir='ltr'>dit</span> <span class='ocrx_word' id='word_1_528' title='bbox 649 2552 709 2582; x_wconf 86' lang='lat' dir='ltr'>Roi</span> <span class='ocrx_word' id='word_1_529' title='bbox 721 2551 758 2582; x_wconf 88' lang='lat' dir='ltr'>de</span> <span class='ocrx_word' id='word_1_530' title='bbox 774 2552 882 2582; x_wconf 78' lang='lat' dir='ltr'>France</span> <span class='ocrx_word' id='word_1_531' title='bbox 894 2562 929 2583; x_wconf 90' lang='lat' dir='ltr'>en</span> <span class='ocrx_word' id='word_1_532' title='bbox 946 2552 987 2583; x_wconf 88' lang='lat' dir='ltr'>est</span> <span class='ocrx_word' id='word_1_533' title='bbox 1001 2554 1093 2591; x_wconf 88' lang='lat' dir='ltr'>quires</span> <span class='ocrx_word' id='word_1_534' title='bbox 1105 2552 1233 2594; x_wconf 74' lang='lat' dir='ltr'>delivres,</span> 
     </span>
     <span class='ocr_line' id='line_1_69' title="bbox 172 2591 1233 2631; baseline -0.003 -6"><span class='ocrx_word' id='word_1_535' title='bbox 172 2595 208 2625; x_wconf 91' lang='lat'>&amp;</span> <span class='ocrx_word' id='word_1_536' title='bbox 221 2592 355 2624; x_wconf 87' lang='lat' dir='ltr'>voilloms</span> <span class='ocrx_word' id='word_1_537' title='bbox 368 2602 423 2630; x_wconf 87' lang='lat' dir='ltr'>que</span> <span class='ocrx_word' id='word_1_538' title='bbox 434 2593 554 2630; x_wconf 82' lang='lat' dir='ltr'>jammes</span> <span class='ocrx_word' id='word_1_539' title='bbox 568 2601 654 2628; x_wconf 89' lang='lat' dir='ltr'>nous,</span> <span class='ocrx_word' id='word_1_540' title='bbox 673 2601 709 2620; x_wconf 91' lang='lat' dir='ltr'>ne</span> <span class='ocrx_word' id='word_1_541' title='bbox 722 2599 781 2620; x_wconf 79' lang='lat' dir='ltr'>noz</span> <span class='ocrx_word' id='word_1_542' title='bbox 795 2591 995 2630; x_wconf 77' lang='lat' dir='ltr'>Succeffours,</span> <span class='ocrx_word' id='word_1_543' title='bbox 1014 2592 1086 2621; x_wconf 84' lang='lat' dir='ltr'>Rois</span> <span class='ocrx_word' id='word_1_544' title='bbox 1099 2591 1233 2631; x_wconf 85' lang='lat' dir='ltr'>d&#39;Engle-</span> 
     </span>
     <span class='ocr_line' id='line_1_70' title="bbox 171 2629 1234 2673; baseline 0 -11"><span class='ocrx_word' id='word_1_545' title='bbox 171 2639 263 2670; x_wconf 84' lang='lat' dir='ltr'>terre,</span> <span class='ocrx_word' id='word_1_546' title='bbox 282 2630 365 2673; x_wconf 66' lang='lat' dir='ltr'>Ducs</span> <span class='ocrx_word' id='word_1_547' title='bbox 382 2630 418 2660; x_wconf 91' lang='lat' dir='ltr'>de</span> <span class='ocrx_word' id='word_1_548' title='bbox 435 2629 595 2670; x_wconf 85' lang='lat' dir='ltr'>Guyenne,</span> <span class='ocrx_word' id='word_1_549' title='bbox 613 2639 650 2659; x_wconf 86' lang='lat' dir='ltr'>ne</span> <span class='ocrx_word' id='word_1_550' title='bbox 670 2638 774 2667; x_wconf 83' lang='lat' dir='ltr'>autres,</span> <span class='ocrx_word' id='word_1_551' title='bbox 792 2630 856 2659; x_wconf 82' lang='lat' dir='ltr'>n&#39;en</span> <span class='ocrx_word' id='word_1_552' title='bbox 878 2631 1013 2667; x_wconf 86' lang='lat' dir='ltr'>puissoms</span> <span class='ocrx_word' id='word_1_553' title='bbox 1031 2630 1068 2661; x_wconf 93' lang='lat' dir='ltr'>de</span> <span class='ocrx_word' id='word_1_554' title='bbox 1087 2640 1140 2661; x_wconf 92' lang='lat' dir='ltr'>ceo</span> <span class='ocrx_word' id='word_1_555' title='bbox 1163 2633 1234 2662; x_wconf 85' lang='lat' dir='ltr'>tiens</span> 
     </span>
     <span class='ocr_line' id='line_1_71' title="bbox 170 2668 1232 2707; baseline -0.001 -6"><span class='ocrx_word' id='word_1_556' title='bbox 170 2669 328 2707; x_wconf 73' lang='lat' dir='ltr'>demandet</span> <span class='ocrx_word' id='word_1_557' title='bbox 348 2669 386 2700; x_wconf 91' lang='lat' dir='ltr'>du</span> <span class='ocrx_word' id='word_1_558' title='bbox 409 2668 470 2699; x_wconf 89' lang='lat' dir='ltr'>Roi</span> <span class='ocrx_word' id='word_1_559' title='bbox 494 2668 529 2699; x_wconf 91' lang='lat' dir='ltr'>de</span> <span class='ocrx_word' id='word_1_560' title='bbox 554 2669 661 2698; x_wconf 89' lang='lat' dir='ltr'>France</span> <span class='ocrx_word' id='word_1_561' title='bbox 674 2692 683 2704; x_wconf 81' lang='grc'><strong>,</strong></span> <span class='ocrx_word' id='word_1_562' title='bbox 703 2668 781 2706; x_wconf 79' lang='lat' dir='ltr'>q&#39;ore</span> <span class='ocrx_word' id='word_1_563' title='bbox 804 2668 845 2697; x_wconf 88' lang='lat' dir='ltr'>est</span> <span class='ocrx_word' id='word_1_564' title='bbox 859 2690 869 2705; x_wconf 84' lang='lat'>,</span> <span class='ocrx_word' id='word_1_565' title='bbox 894 2668 934 2698; x_wconf 86' lang='lat' dir='ltr'>ses</span> <span class='ocrx_word' id='word_1_566' title='bbox 952 2668 1037 2698; x_wconf 88' lang='lat' dir='ltr'>Heirs</span> <span class='ocrx_word' id='word_1_567' title='bbox 1051 2691 1060 2706; x_wconf 83' lang='lat'>,</span> <span class='ocrx_word' id='word_1_568' title='bbox 1078 2677 1115 2699; x_wconf 88' lang='lat' dir='ltr'>ne</span> <span class='ocrx_word' id='word_1_569' title='bbox 1137 2669 1174 2699; x_wconf 91' lang='lat' dir='ltr'>de</span> <span class='ocrx_word' id='word_1_570' title='bbox 1192 2669 1232 2700; x_wconf 90' lang='lat' dir='ltr'>ses</span> 
     </span>
     <span class='ocr_line' id='line_1_72' title="bbox 173 2706 1233 2746; baseline -0.002 -6"><span class='ocrx_word' id='word_1_571' title='bbox 173 2708 377 2746; x_wconf 81' lang='lat' dir='ltr'>Successours,</span> <span class='ocrx_word' id='word_1_572' title='bbox 395 2717 431 2737; x_wconf 85' lang='lat' dir='ltr'>ne</span> <span class='ocrx_word' id='word_1_573' title='bbox 444 2707 612 2745; x_wconf 88' lang='lat' dir='ltr'>compenser</span> <span class='ocrx_word' id='word_1_574' title='bbox 628 2716 643 2736; x_wconf 90' lang='lat' dir='ltr'>a</span> <span class='ocrx_word' id='word_1_575' title='bbox 658 2706 759 2737; x_wconf 86' lang='lat' dir='ltr'>Dettcs</span> <span class='ocrx_word' id='word_1_576' title='bbox 774 2716 830 2744; x_wconf 83' lang='lat' dir='ltr'>que</span> <span class='ocrx_word' id='word_1_577' title='bbox 845 2716 916 2738; x_wconf 90' lang='lat' dir='ltr'>nous</span> <span class='ocrx_word' id='word_1_578' title='bbox 931 2706 968 2737; x_wconf 88' lang='lat' dir='ltr'>lui</span> <span class='ocrx_word' id='word_1_579' title='bbox 985 2707 1120 2744; x_wconf 82' lang='lat' dir='ltr'>devoms,</span> <span class='ocrx_word' id='word_1_580' title='bbox 1139 2707 1158 2737; x_wconf 91' lang='lat' dir='ltr'>si</span> <span class='ocrx_word' id='word_1_581' title='bbox 1180 2718 1233 2738; x_wconf 88' lang='lat' dir='ltr'>nu-</span> 
     </span>
     <span class='ocr_line' id='line_1_73' title="bbox 171 2745 546 2787; baseline -0.005 -9"><span class='ocrx_word' id='word_1_582' title='bbox 171 2747 210 2778; x_wconf 87' lang='lat' dir='ltr'>les</span> <span class='ocrx_word' id='word_1_583' title='bbox 223 2757 240 2787; x_wconf 94' lang='lat' dir='ltr'>y</span> <span class='ocrx_word' id='word_1_584' title='bbox 255 2747 344 2777; x_wconf 84' lang='lat' dir='ltr'>soient</span> <span class='ocrx_word' id='word_1_585' title='bbox 357 2756 450 2777; x_wconf 85' lang='lat' dir='ltr'>troues</span> <span class='ocrx_word' id='word_1_586' title='bbox 464 2745 546 2776; x_wconf 87' lang='lat' dir='ltr'>deuz.</span> 
     </span>
    </p>
   </div>
   <div class='ocr_carea' id='block_1_17' title="bbox 173 2821 1234 2893">
    <p class='ocr_par' dir='ltr' id='par_1_24' title="bbox 173 2821 1234 2893">
     <span class='ocr_line' id='line_1_74' title="bbox 178 2821 1234 2862; baseline 0.002 -9"><span class='ocrx_word' id='word_1_587' title='bbox 178 2844 180 2846; x_wconf 54' lang='lat'>&gt;</span> <span class='ocrx_word' id='word_1_588' title='bbox 212 2822 257 2853; x_wconf 88' lang='lat' dir='ltr'>Eri</span> <span class='ocrx_word' id='word_1_589' title='bbox 277 2823 508 2859; x_wconf 82' lang='lat' dir='ltr'>Tesmoignance</span> <span class='ocrx_word' id='word_1_590' title='bbox 527 2822 563 2854; x_wconf 92' lang='lat' dir='ltr'>de</span> <span class='ocrx_word' id='word_1_591' title='bbox 586 2832 677 2862; x_wconf 83' lang='lat' dir='ltr'>queux</span> <span class='ocrx_word' id='word_1_592' title='bbox 692 2822 788 2854; x_wconf 81' lang='lat' dir='ltr'>choses</span> <span class='ocrx_word' id='word_1_593' title='bbox 806 2832 877 2853; x_wconf 89' lang='lat' dir='ltr'>nous</span> <span class='ocrx_word' id='word_1_594' title='bbox 891 2831 991 2853; x_wconf 80' lang='lat' dir='ltr'>avoms</span> <span class='ocrx_word' id='word_1_595' title='bbox 1003 2821 1050 2853; x_wconf 83' lang='lat' dir='ltr'>fait</span> <span class='ocrx_word' id='word_1_596' title='bbox 1064 2821 1133 2853; x_wconf 82' lang='lat' dir='ltr'>faire</span> <span class='ocrx_word' id='word_1_597' title='bbox 1145 2823 1234 2855; x_wconf 89' lang='lat' dir='ltr'>cestes</span> 
     </span>
     <span class='ocr_line' id='line_1_75' title="bbox 173 2860 508 2893; baseline -0.006 0"><span class='ocrx_word' id='word_1_598' title='bbox 173 2869 234 2893; x_wconf 86' lang='lat' dir='ltr'>noz</span> <span class='ocrx_word' id='word_1_599' title='bbox 248 2861 356 2891; x_wconf 68' lang='lat' dir='ltr'>Lettres</span> <span class='ocrx_word' id='word_1_600' title='bbox 372 2860 508 2892; x_wconf 85' lang='lat' dir='ltr'>Parentes.</span> 
     </span>
    </p>
   </div>
   <div class='ocr_carea' id='block_1_18' title="bbox 177 2936 1231 3016">
    <p class='ocr_par' dir='ltr' id='par_1_25' title="bbox 177 2936 1231 3016">
     <span class='ocr_line' id='line_1_76' title="bbox 211 2936 1231 2978; baseline 0.004 -11"><span class='ocrx_word' id='word_1_601' title='bbox 211 2936 293 2968; x_wconf 88' lang='lat' dir='ltr'>Don.</span> <span class='ocrx_word' id='word_1_602' title='bbox 312 2936 409 2967; x_wconf 80' lang='lat' dir='ltr'>desutz</span> <span class='ocrx_word' id='word_1_603' title='bbox 429 2937 523 2968; x_wconf 88' lang='lat' dir='ltr'>nostre</span> <span class='ocrx_word' id='word_1_604' title='bbox 542 2937 636 2967; x_wconf 81' lang='lat' dir='ltr'>Grant</span> <span class='ocrx_word' id='word_1_605' title='bbox 658 2937 718 2967; x_wconf 79' lang='lat' dir='ltr'>Seal</span> <span class='ocrx_word' id='word_1_606' title='bbox 732 2948 747 2967; x_wconf 83' lang='lat' dir='ltr'>a</span> <span class='ocrx_word' id='word_1_607' title='bbox 763 2937 917 2978; x_wconf 67' lang='lat' dir='ltr'>Haveiyng</span> <span class='ocrx_word' id='word_1_608' title='bbox 933 2946 990 2969; x_wconf 82' lang='lat' dir='ltr'>arte</span> <span class='ocrx_word' id='word_1_609' title='bbox 1003 2937 1108 2970; x_wconf 86' lang='lat' dir='ltr'>Boure.</span> <span class='ocrx_word' id='word_1_610' title='bbox 1127 2939 1154 2970; x_wconf 91' lang='lat' dir='ltr'>le</span> <span class='ocrx_word' id='word_1_611' title='bbox 1168 2941 1231 2972; x_wconf 84' lang='lat' dir='ltr'>viri-</span> 
     </span>
     <span class='ocr_line' id='line_1_77' title="bbox 177 2975 952 3016; baseline 0 -10"><span class='ocrx_word' id='word_1_612' title='bbox 177 2975 257 3006; x_wconf 89' lang='lat' dir='ltr'>tisrne</span> <span class='ocrx_word' id='word_1_613' title='bbox 269 2977 334 3014; x_wconf 84' lang='lat' dir='ltr'>jour</span> <span class='ocrx_word' id='word_1_614' title='bbox 349 2976 385 3006; x_wconf 91' lang='lat' dir='ltr'>de</span> <span class='ocrx_word' id='word_1_615' title='bbox 402 2975 488 3016; x_wconf 83' lang='lat' dir='ltr'>May,</span> <span class='ocrx_word' id='word_1_616' title='bbox 505 2977 572 3007; x_wconf 74' lang='lat' dir='ltr'>l‘An</span> <span class='ocrx_word' id='word_1_617' title='bbox 588 2977 623 3006; x_wconf 91' lang='lat' dir='ltr'>de</span> <span class='ocrx_word' id='word_1_618' title='bbox 637 2977 732 3007; x_wconf 81' lang='lat' dir='ltr'>nostre</span> <span class='ocrx_word' id='word_1_619' title='bbox 747 2977 851 3015; x_wconf 73' lang='lat' dir='ltr'>Regne</span> <span class='ocrx_word' id='word_1_620' title='bbox 863 2979 952 3015; x_wconf 89' lang='lat' dir='ltr'>quint.</span> 
     </span>
    </p>
   </div>
   <div class='ocr_carea' id='block_1_19' title="bbox 198 3112 1209 3209">
    <p class='ocr_par' dir='ltr' id='par_1_26' title="bbox 198 3112 1209 3209">
     <span class='ocr_line' id='line_1_78' title="bbox 198 3112 1209 3195; baseline 0.004 -47"><span class='ocrx_word' id='word_1_621' title='bbox 198 3112 256 3148; x_wconf 82' lang='lat' dir='ltr'>Ad</span> <span class='ocrx_word' id='word_1_622' title='bbox 270 3116 378 3161; x_wconf 76' lang='lat' dir='ltr'>Regem</span> <span class='ocrx_word' id='word_1_623' title='bbox 394 3116 524 3147; x_wconf 72' lang='lat' dir='ltr'>franciae</span> <span class='ocrx_word' id='word_1_624' title='bbox 535 3141 544 3157; x_wconf 85' lang='lat'>‚</span> <span class='ocrx_word' id='word_1_625' title='bbox 569 3113 604 3147; x_wconf 78' lang='lat' dir='ltr'>de</span> <span class='ocrx_word' id='word_1_626' title='bbox 625 3116 773 3195; x_wconf 50' lang='lat' dir='ltr'>NHZCHZJ’</span> <span class='ocrx_word' id='word_1_627' title='bbox 791 3116 881 3161; x_wconf 73' lang='lat' dir='ltr'>fiaper</span> <span class='ocrx_word' id='word_1_628' title='bbox 897 3121 1038 3163; x_wconf 82' lang='lat' dir='ltr'>computis</span> <span class='ocrx_word' id='word_1_629' title='bbox 1057 3116 1124 3152; x_wconf 84' lang='lat' dir='ltr'>hinc</span> <span class='ocrx_word' id='word_1_630' title='bbox 1141 3118 1209 3152; x_wconf 84' lang='lat' dir='ltr'>inde</span> 
     </span>
     <span class='ocr_line' id='line_1_79' title="bbox 608 3164 802 3209; baseline 0.01 -15"><span class='ocrx_word' id='word_1_631' title='bbox 608 3164 684 3209; x_wconf 81' lang='lat' dir='ltr'>liqui</span> <span class='ocrx_word' id='word_1_632' title='bbox 707 3176 745 3194; x_wconf 78' lang='lat' dir='ltr'>an</span> <span class='ocrx_word' id='word_1_633' title='bbox 768 3168 802 3196; x_wconf 85' lang='lat' dir='ltr'>is.</span> 
     </span>
    </p>
   </div>
   <div class='ocr_carea' id='block_1_20' title="bbox 176 3246 1232 3316">
    <p class='ocr_par' dir='ltr' id='par_1_27' title="bbox 176 3246 1232 3316">
     <span class='ocr_line' id='line_1_80' title="bbox 176 3246 1232 3316; baseline 0.005 -38"><span class='ocrx_word' id='word_1_634' title='bbox 176 3246 268 3316; x_wconf 80' lang='lat' dir='ltr'>LES</span> <span class='ocrx_word' id='word_1_635' title='bbox 274 3247 333 3314; x_wconf 74' lang='grc' dir='ltr'>1ῗοί</span> <span class='ocrx_word' id='word_1_636' title='bbox 347 3258 361 3277; x_wconf 86' lang='grc'><strong>3</strong></span> <span class='ocrx_word' id='word_1_637' title='bbox 374 3256 445 3278; x_wconf 83' lang='lat' dir='ltr'>touz</span> <span class='ocrx_word' id='word_1_638' title='bbox 458 3257 528 3279; x_wconf 77' lang='lat' dir='ltr'>ceux</span> <span class='ocrx_word' id='word_1_639' title='bbox 538 3258 580 3286; x_wconf 75' lang='lat' dir='ltr'>,as</span> <span class='ocrx_word' id='word_1_640' title='bbox 599 3258 691 3286; x_wconf 83' lang='lat' dir='ltr'>queux</span> <span class='ocrx_word' id='word_1_641' title='bbox 705 3247 792 3279; x_wconf 86' lang='lat' dir='ltr'>cestes</span> <span class='ocrx_word' id='word_1_642' title='bbox 805 3249 942 3287; x_wconf 82' lang='lat' dir='ltr'>presentes</span> <span class='ocrx_word' id='word_1_643' title='bbox 956 3250 1067 3282; x_wconf 88' lang='lat' dir='ltr'>Lettres</span> <span class='ocrx_word' id='word_1_644' title='bbox 1078 3251 1232 3292; x_wconf 89' lang='lat' dir='ltr'>vendront,</span> 
     </span>
     <span class='ocr_line' id='line_1_81' title="bbox 270 3295 352 3315; baseline -0.012 0"><span class='ocrx_word' id='word_1_645' title='bbox 270 3296 284 3315; x_wconf 83' lang='grc'><strong>3</strong></span> <span class='ocrx_word' id='word_1_646' title='bbox 296 3295 352 3315; x_wconf 78' lang='lat' dir='ltr'>urz.</span> 
     </span>
    </p>
   </div>
   <div class='ocr_carea' id='block_1_21' title="bbox 177 3323 1243 4057">
    <p class='ocr_par' dir='ltr' id='par_1_28' title="bbox 213 3323 541 3362">
     <span class='ocr_line' id='line_1_82' title="bbox 213 3323 541 3362; baseline 0.003 -9"><span class='ocrx_word' id='word_1_647' title='bbox 213 3323 314 3354; x_wconf 87' lang='lat' dir='ltr'>Savoir</span> <span class='ocrx_word' id='word_1_648' title='bbox 329 3325 454 3356; x_wconf 77' lang='lat' dir='ltr'>faceoms</span> <span class='ocrx_word' id='word_1_649' title='bbox 469 3335 541 3362; x_wconf 75' lang='lat' dir='ltr'>que,</span> 
     </span>
    </p>

    <p class='ocr_par' dir='ltr' id='par_1_29' title="bbox 177 3361 1234 3518">
     <span class='ocr_line' id='line_1_83' title="bbox 215 3361 1232 3404; baseline 0.005 -12"><span class='ocrx_word' id='word_1_650' title='bbox 215 3361 330 3401; x_wconf 90' lang='lat' dir='ltr'>Come,</span> <span class='ocrx_word' id='word_1_651' title='bbox 347 3363 444 3393; x_wconf 89' lang='lat' dir='ltr'>nostre</span> <span class='ocrx_word' id='word_1_652' title='bbox 466 3363 560 3394; x_wconf 87' lang='lat' dir='ltr'>Amez</span> <span class='ocrx_word' id='word_1_653' title='bbox 578 3364 638 3394; x_wconf 85' lang='lat' dir='ltr'>Sire</span> <span class='ocrx_word' id='word_1_654' title='bbox 657 3365 690 3394; x_wconf 76' lang='grc' dir='ltr'>δε</span> <span class='ocrx_word' id='word_1_655' title='bbox 712 3363 824 3401; x_wconf 82' lang='lat' dir='ltr'>Cosyn,</span> <span class='ocrx_word' id='word_1_656' title='bbox 843 3363 959 3403; x_wconf 84' lang='lat' dir='ltr'>Phelip,</span> <span class='ocrx_word' id='word_1_657' title='bbox 976 3375 1024 3402; x_wconf 85' lang='lat' dir='ltr'>par</span> <span class='ocrx_word' id='word_1_658' title='bbox 1048 3366 1073 3396; x_wconf 89' lang='lat' dir='ltr'>la</span> <span class='ocrx_word' id='word_1_659' title='bbox 1091 3375 1174 3404; x_wconf 75' lang='lat' dir='ltr'>grace</span> <span class='ocrx_word' id='word_1_660' title='bbox 1195 3366 1232 3397; x_wconf 86' lang='lat' dir='ltr'>de</span> 
     </span>
     <span class='ocr_line' id='line_1_84' title="bbox 180 3400 1233 3440; baseline 0.006 -10"><span class='ocrx_word' id='word_1_661' title='bbox 180 3400 273 3440; x_wconf 65' lang='lat' dir='ltr'>Dieu,</span> <span class='ocrx_word' id='word_1_662' title='bbox 291 3401 351 3431; x_wconf 85' lang='lat' dir='ltr'>Roi</span> <span class='ocrx_word' id='word_1_663' title='bbox 365 3401 401 3432; x_wconf 93' lang='lat' dir='ltr'>de</span> <span class='ocrx_word' id='word_1_664' title='bbox 414 3401 538 3439; x_wconf 78' lang='lat' dir='ltr'>France,</span> <span class='ocrx_word' id='word_1_665' title='bbox 557 3412 628 3432; x_wconf 86' lang='lat' dir='ltr'>nous</span> <span class='ocrx_word' id='word_1_666' title='bbox 645 3402 805 3433; x_wconf 83' lang='lat' dir='ltr'>demandast</span> <span class='ocrx_word' id='word_1_667' title='bbox 819 3402 939 3433; x_wconf 78' lang='lat' dir='ltr'>Seisante</span> <span class='ocrx_word' id='word_1_668' title='bbox 954 3403 1029 3433; x_wconf 85' lang='lat' dir='ltr'>Mile</span> <span class='ocrx_word' id='word_1_669' title='bbox 1044 3404 1142 3435; x_wconf 88' lang='lat' dir='ltr'>Livres</span> <span class='ocrx_word' id='word_1_670' title='bbox 1151 3405 1233 3436; x_wconf 81' lang='lat' dir='ltr'>Paris.</span> 
     </span>
     <span class='ocr_line' id='line_1_85' title="bbox 177 3439 1234 3483; baseline 0.005 -14"><span class='ocrx_word' id='word_1_671' title='bbox 177 3439 261 3470; x_wconf 87' lang='lat' dir='ltr'>d&#39;une</span> <span class='ocrx_word' id='word_1_672' title='bbox 274 3448 335 3478; x_wconf 67' lang='lat' dir='ltr'>part</span> <span class='ocrx_word' id='word_1_673' title='bbox 344 3464 352 3477; x_wconf 83' lang='grc'><strong>,</strong></span> <span class='ocrx_word' id='word_1_674' title='bbox 369 3441 402 3471; x_wconf 89' lang='lat'>&amp;</span> <span class='ocrx_word' id='word_1_675' title='bbox 417 3439 577 3478; x_wconf 76' lang='lat' dir='ltr'>Cinquante</span> <span class='ocrx_word' id='word_1_676' title='bbox 592 3440 665 3470; x_wconf 84' lang='lat' dir='ltr'>Mile</span> <span class='ocrx_word' id='word_1_677' title='bbox 679 3440 776 3471; x_wconf 71' lang='lat' dir='ltr'>Mares</span> <span class='ocrx_word' id='word_1_678' title='bbox 788 3440 968 3481; x_wconf 83' lang='lat' dir='ltr'>d’Esterlings</span> <span class='ocrx_word' id='word_1_679' title='bbox 981 3442 1086 3473; x_wconf 88' lang='lat' dir='ltr'>d&#39;autre</span> <span class='ocrx_word' id='word_1_680' title='bbox 1099 3453 1234 3483; x_wconf 84' lang='lat' dir='ltr'>part,par</span> 
     </span>
     <span class='ocr_line' id='line_1_86' title="bbox 178 3479 968 3518; baseline 0.003 -10"><span class='ocrx_word' id='word_1_681' title='bbox 178 3480 312 3508; x_wconf 83' lang='lat' dir='ltr'>certeiiies</span> <span class='ocrx_word' id='word_1_682' title='bbox 326 3479 417 3510; x_wconf 78' lang='lat' dir='ltr'>causes</span> <span class='ocrx_word' id='word_1_683' title='bbox 433 3487 586 3509; x_wconf 84' lang='lat' dir='ltr'>contenues</span> <span class='ocrx_word' id='word_1_684' title='bbox 602 3489 630 3509; x_wconf 87' lang='lat' dir='ltr'>es</span> <span class='ocrx_word' id='word_1_685' title='bbox 643 3479 737 3509; x_wconf 85' lang='lat' dir='ltr'>lettres</span> <span class='ocrx_word' id='word_1_686' title='bbox 751 3479 794 3509; x_wconf 89' lang='lat' dir='ltr'>sur</span> <span class='ocrx_word' id='word_1_687' title='bbox 807 3490 861 3510; x_wconf 91' lang='lat' dir='ltr'>ceo</span> <span class='ocrx_word' id='word_1_688' title='bbox 874 3480 950 3510; x_wconf 81' lang='lat' dir='ltr'>faites</span> <span class='ocrx_word' id='word_1_689' title='bbox 959 3503 968 3518; x_wconf 88' lang='lat'>,</span> 
     </span>
    </p>

    <p class='ocr_par' dir='ltr' id='par_1_30' title="bbox 180 3515 1241 3823">
     <span class='ocr_line' id='line_1_87' title="bbox 217 3515 1237 3556; baseline 0.006 -11"><span class='ocrx_word' id='word_1_690' title='bbox 217 3515 256 3546; x_wconf 88' lang='lat' dir='ltr'>Et</span> <span class='ocrx_word' id='word_1_691' title='bbox 271 3527 307 3546; x_wconf 90' lang='lat' dir='ltr'>en</span> <span class='ocrx_word' id='word_1_692' title='bbox 324 3517 457 3555; x_wconf 78' lang='lat' dir='ltr'>l&#39;Acord,</span> <span class='ocrx_word' id='word_1_693' title='bbox 475 3518 524 3547; x_wconf 79' lang='lat' dir='ltr'>fait</span> <span class='ocrx_word' id='word_1_694' title='bbox 533 3518 602 3556; x_wconf 84' lang='lat' dir='ltr'>jadis</span> <span class='ocrx_word' id='word_1_695' title='bbox 618 3526 697 3547; x_wconf 89' lang='lat' dir='ltr'>entre</span> <span class='ocrx_word' id='word_1_696' title='bbox 709 3519 827 3548; x_wconf 89' lang='lat' dir='ltr'>certeins</span> <span class='ocrx_word' id='word_1_697' title='bbox 841 3517 1010 3548; x_wconf 88' lang='lat' dir='ltr'>Conseillers</span> <span class='ocrx_word' id='word_1_698' title='bbox 1022 3521 1054 3550; x_wconf 84' lang='lat'>&amp;</span> <span class='ocrx_word' id='word_1_699' title='bbox 1063 3519 1237 3551; x_wconf 88' lang='lat' dir='ltr'>Procurours</span> 
     </span>
     <span class='ocr_line' id='line_1_88' title="bbox 181 3553 1235 3598; baseline 0.006 -15"><span class='ocrx_word' id='word_1_700' title='bbox 181 3553 217 3584; x_wconf 90' lang='lat' dir='ltr'>de</span> <span class='ocrx_word' id='word_1_701' title='bbox 239 3555 334 3585; x_wconf 89' lang='lat' dir='ltr'>nostre</span> <span class='ocrx_word' id='word_1_702' title='bbox 352 3555 393 3586; x_wconf 79' lang='lat' dir='ltr'>dit</span> <span class='ocrx_word' id='word_1_703' title='bbox 409 3556 546 3595; x_wconf 80' lang='lat' dir='ltr'>Seignur,</span> <span class='ocrx_word' id='word_1_704' title='bbox 564 3557 597 3587; x_wconf 74' lang='grc' dir='ltr'>δε</span> <span class='ocrx_word' id='word_1_705' title='bbox 612 3556 731 3586; x_wconf 85' lang='lat' dir='ltr'>certeins</span> <span class='ocrx_word' id='word_1_706' title='bbox 744 3565 803 3586; x_wconf 90' lang='lat' dir='ltr'>noz</span> <span class='ocrx_word' id='word_1_707' title='bbox 822 3556 966 3594; x_wconf 78' lang='lat' dir='ltr'>Messages</span> <span class='ocrx_word' id='word_1_708' title='bbox 986 3558 1020 3588; x_wconf 90' lang='lat'>&amp;</span> <span class='ocrx_word' id='word_1_709' title='bbox 1040 3557 1235 3598; x_wconf 77' lang='lat' dir='ltr'>Procurours,</span> 
     </span>
     <span class='ocr_line' id='line_1_89' title="bbox 181 3592 1235 3635; baseline 0.005 -13"><span class='ocrx_word' id='word_1_710' title='bbox 181 3592 233 3622; x_wconf 83' lang='lat' dir='ltr'>soit</span> <span class='ocrx_word' id='word_1_711' title='bbox 245 3603 371 3624; x_wconf 75' lang='lat' dir='ltr'>contenti</span> <span class='ocrx_word' id='word_1_712' title='bbox 388 3604 461 3632; x_wconf 89' lang='lat' dir='ltr'>que,</span> <span class='ocrx_word' id='word_1_713' title='bbox 480 3605 515 3624; x_wconf 89' lang='lat' dir='ltr'>en</span> <span class='ocrx_word' id='word_1_714' title='bbox 529 3605 574 3625; x_wconf 84' lang='lat' dir='ltr'>cas</span> <span class='ocrx_word' id='word_1_715' title='bbox 585 3605 640 3632; x_wconf 89' lang='lat' dir='ltr'>que</span> <span class='ocrx_word' id='word_1_716' title='bbox 655 3595 714 3625; x_wconf 79' lang='lat' dir='ltr'>l&#39;on</span> <span class='ocrx_word' id='word_1_717' title='bbox 728 3596 883 3634; x_wconf 83' lang='lat' dir='ltr'>troveroit,</span> <span class='ocrx_word' id='word_1_718' title='bbox 921 3605 949 3624; x_wconf 86' lang='lat' dir='ltr'>ar</span> <span class='ocrx_word' id='word_1_719' title='bbox 956 3597 1084 3626; x_wconf 85' lang='lat' dir='ltr'>auxienes</span> <span class='ocrx_word' id='word_1_720' title='bbox 1101 3596 1182 3635; x_wconf 77' lang='lat' dir='ltr'>paiz,</span> <span class='ocrx_word' id='word_1_721' title='bbox 1195 3607 1235 3628; x_wconf 92' lang='lat' dir='ltr'>ou</span> 
     </span>
     <span class='ocr_line' id='line_1_90' title="bbox 180 3605 1238 3672; baseline 0.005 -12"><span class='ocrx_word' id='word_1_722' title='bbox 180 3639 270 3660; x_wconf 82' lang='lat' dir='ltr'>autres</span> <span class='ocrx_word' id='word_1_723' title='bbox 282 3632 471 3671; x_wconf 71' lang='lat' dir='ltr'>obligacions,</span> <span class='ocrx_word' id='word_1_724' title='bbox 491 3643 546 3670; x_wconf 86' lang='lat' dir='ltr'>que</span> <span class='ocrx_word' id='word_1_725' title='bbox 561 3633 657 3663; x_wconf 86' lang='lat' dir='ltr'>nostre</span> <span class='ocrx_word' id='word_1_726' title='bbox 669 3633 709 3663; x_wconf 87' lang='lat' dir='ltr'>dit</span> <span class='ocrx_word' id='word_1_727' title='bbox 723 3633 842 3663; x_wconf 71' lang='lat' dir='ltr'>Seionur</span> <span class='ocrx_word' id='word_1_728' title='bbox 862 3633 889 3663; x_wconf 92' lang='lat' dir='ltr'>le</span> <span class='ocrx_word' id='word_1_729' title='bbox 900 3605 980 3672; x_wconf 77' lang='lat' dir='ltr'>pRoy</span> <span class='ocrx_word' id='word_1_730' title='bbox 997 3633 1033 3664; x_wconf 91' lang='lat' dir='ltr'>de</span> <span class='ocrx_word' id='word_1_731' title='bbox 1054 3634 1163 3665; x_wconf 87' lang='lat' dir='ltr'>France</span> <span class='ocrx_word' id='word_1_732' title='bbox 1184 3635 1238 3667; x_wconf 89' lang='lat' dir='ltr'>soit</span> 
     </span>
     <span class='ocr_line' id='line_1_91' title="bbox 181 3658 1238 3712; baseline 0.008 -16"><span class='ocrx_word' id='word_1_733' title='bbox 181 3675 268 3697; x_wconf 82' lang='lat' dir='ltr'>tenuz</span> <span class='ocrx_word' id='word_1_734' title='bbox 286 3679 300 3698; x_wconf 89' lang='lat' dir='ltr'>a</span> <span class='ocrx_word' id='word_1_735' title='bbox 323 3680 394 3700; x_wconf 91' lang='lat' dir='ltr'>nous</span> <span class='ocrx_word' id='word_1_736' title='bbox 412 3681 447 3700; x_wconf 74' lang='lat' dir='ltr'>eii</span> <span class='ocrx_word' id='word_1_737' title='bbox 467 3671 566 3701; x_wconf 82' lang='lat' dir='ltr'>ascune</span> <span class='ocrx_word' id='word_1_738' title='bbox 588 3673 700 3702; x_wconf 88' lang='lat' dir='ltr'>somme</span> <span class='ocrx_word' id='word_1_739' title='bbox 719 3672 754 3701; x_wconf 94' lang='lat' dir='ltr'>de</span> <span class='ocrx_word' id='word_1_740' title='bbox 770 3658 912 3712; x_wconf 53' lang='lat' dir='ltr'>benerz,</span> <span class='ocrx_word' id='word_1_741' title='bbox 937 3672 998 3702; x_wconf 89' lang='lat' dir='ltr'>cele</span> <span class='ocrx_word' id='word_1_742' title='bbox 1017 3672 1126 3703; x_wconf 90' lang='lat' dir='ltr'>summe</span> <span class='ocrx_word' id='word_1_743' title='bbox 1141 3674 1238 3705; x_wconf 87' lang='lat' dir='ltr'>serroit</span> 
     </span>
     <span class='ocr_line' id='line_1_92' title="bbox 183 3706 1239 3749; baseline 0.009 -15"><span class='ocrx_word' id='word_1_744' title='bbox 183 3706 311 3743; x_wconf 84' lang='lat' dir='ltr'>rebatue,</span> <span class='ocrx_word' id='word_1_745' title='bbox 328 3719 374 3746; x_wconf 81' lang='lat' dir='ltr'>par</span> <span class='ocrx_word' id='word_1_746' title='bbox 389 3709 455 3739; x_wconf 88' lang='lat' dir='ltr'>voie</span> <span class='ocrx_word' id='word_1_747' title='bbox 468 3709 504 3740; x_wconf 92' lang='lat' dir='ltr'>de</span> <span class='ocrx_word' id='word_1_748' title='bbox 517 3709 763 3748; x_wconf 84' lang='lat' dir='ltr'>Compensacion‚</span> <span class='ocrx_word' id='word_1_749' title='bbox 781 3709 829 3740; x_wconf 90' lang='lat' dir='ltr'>des</span> <span class='ocrx_word' id='word_1_750' title='bbox 843 3710 902 3742; x_wconf 86' lang='lat' dir='ltr'>ditz</span> <span class='ocrx_word' id='word_1_751' title='bbox 915 3709 1028 3741; x_wconf 90' lang='lat' dir='ltr'>Deners</span> <span class='ocrx_word' id='word_1_752' title='bbox 1047 3721 1104 3749; x_wconf 88' lang='lat' dir='ltr'>que</span> <span class='ocrx_word' id='word_1_753' title='bbox 1125 3712 1144 3742; x_wconf 88' lang='lat' dir='ltr'>il</span> <span class='ocrx_word' id='word_1_754' title='bbox 1166 3722 1239 3743; x_wconf 88' lang='lat' dir='ltr'>nous</span> 
     </span>
     <span class='ocr_line' id='line_1_93' title="bbox 186 3741 1241 3789; baseline 0.01 -19"><span class='ocrx_word' id='word_1_755' title='bbox 186 3741 340 3785; x_wconf 79' lang='lat' dir='ltr'>demande,</span> <span class='ocrx_word' id='word_1_756' title='bbox 358 3748 391 3777; x_wconf 59' lang='grc' dir='ltr'>εκ*</span> <span class='ocrx_word' id='word_1_757' title='bbox 406 3747 440 3776; x_wconf 87' lang='lat' dir='ltr'>de</span> <span class='ocrx_word' id='word_1_758' title='bbox 452 3757 523 3786; x_wconf 90' lang='lat' dir='ltr'>ce0,</span> <span class='ocrx_word' id='word_1_759' title='bbox 541 3758 597 3786; x_wconf 92' lang='lat' dir='ltr'>que</span> <span class='ocrx_word' id='word_1_760' title='bbox 608 3748 765 3779; x_wconf 89' lang='lat' dir='ltr'>demurroit</span> <span class='ocrx_word' id='word_1_761' title='bbox 780 3747 864 3779; x_wconf 87' lang='lat' dir='ltr'>d’une</span> <span class='ocrx_word' id='word_1_762' title='bbox 877 3758 937 3788; x_wconf 71' lang='lat' dir='ltr'>part</span> <span class='ocrx_word' id='word_1_763' title='bbox 952 3750 986 3781; x_wconf 69' lang='grc' dir='ltr'>ὃ(</span> <span class='ocrx_word' id='word_1_764' title='bbox 1008 3749 1128 3789; x_wconf 87' lang='lat' dir='ltr'>d‘autre,</span> <span class='ocrx_word' id='word_1_765' title='bbox 1142 3750 1241 3782; x_wconf 90' lang='lat' dir='ltr'>serroit</span> 
     </span>
     <span class='ocr_line' id='line_1_94' title="bbox 185 3779 553 3823; baseline 0.022 -15"><span class='ocrx_word' id='word_1_766' title='bbox 185 3779 232 3809; x_wconf 80' lang='lat' dir='ltr'>fait</span> <span class='ocrx_word' id='word_1_767' title='bbox 246 3790 294 3818; x_wconf 73' lang='lat' dir='ltr'>gre</span> <span class='ocrx_word' id='word_1_768' title='bbox 307 3793 341 3813; x_wconf 83' lang='lat' dir='ltr'>eii</span> <span class='ocrx_word' id='word_1_769' title='bbox 357 3785 410 3814; x_wconf 85' lang='lat' dir='ltr'>due</span> <span class='ocrx_word' id='word_1_770' title='bbox 423 3795 535 3816; x_wconf 80' lang='lat' dir='ltr'>manere</span> <span class='ocrx_word' id='word_1_771' title='bbox 544 3809 553 3823; x_wconf 88' lang='lat'>‚</span> 
     </span>
    </p>

    <p class='ocr_par' dir='ltr' id='par_1_31' title="bbox 185 3817 1243 4057">
     <span class='ocr_line' id='line_1_95' title="bbox 223 3817 1241 3864; baseline 0.011 -18"><span class='ocrx_word' id='word_1_772' title='bbox 223 3817 260 3847; x_wconf 83' lang='lat' dir='ltr'>Et</span> <span class='ocrx_word' id='word_1_773' title='bbox 273 3819 428 3860; x_wconf 63' lang='lat' dir='ltr'>deret-hies,</span> <span class='ocrx_word' id='word_1_774' title='bbox 442 3825 633 3854; x_wconf 83' lang='lat' dir='ltr'>verroicment</span> <span class='ocrx_word' id='word_1_775' title='bbox 647 3824 708 3855; x_wconf 90' lang='lat' dir='ltr'>eust</span> <span class='ocrx_word' id='word_1_776' title='bbox 721 3824 762 3855; x_wconf 84' lang='lat' dir='ltr'>est</span> <span class='ocrx_word' id='word_1_777' title='bbox 777 3826 947 3863; x_wconf 82' lang='lat' dir='ltr'>acorde,sur</span> <span class='ocrx_word' id='word_1_778' title='bbox 959 3837 1030 3864; x_wconf 88' lang='lat' dir='ltr'>ceo,</span> <span class='ocrx_word' id='word_1_779' title='bbox 1039 3836 1087 3864; x_wconf 87' lang='lat' dir='ltr'>par</span> <span class='ocrx_word' id='word_1_780' title='bbox 1100 3834 1159 3857; x_wconf 90' lang='lat' dir='ltr'>noz</span> <span class='ocrx_word' id='word_1_781' title='bbox 1166 3825 1241 3857; x_wconf 90' lang='lat' dir='ltr'>Pro-</span> 
     </span>
     <span class='ocr_line' id='line_1_96' title="bbox 185 3860 1240 3901; baseline 0.01 -17"><span class='ocrx_word' id='word_1_782' title='bbox 185 3865 317 3886; x_wconf 85' lang='lat' dir='ltr'>cureours</span> <span class='ocrx_word' id='word_1_783' title='bbox 331 3860 363 3887; x_wconf 54' lang='grc' dir='ltr'>ἃ</span> <span class='ocrx_word' id='word_1_784' title='bbox 381 3860 533 3901; x_wconf 77' lang='lat' dir='ltr'>Mess&#39;ages,</span> <span class='ocrx_word' id='word_1_785' title='bbox 552 3864 585 3893; x_wconf 67' lang='lat' dir='ltr'>&amp;c</span> <span class='ocrx_word' id='word_1_786' title='bbox 601 3864 718 3893; x_wconf 65' lang='lat' dir='ltr'>cetreins</span> <span class='ocrx_word' id='word_1_787' title='bbox 733 3863 925 3895; x_wconf 82' lang='lat' dir='ltr'>Procurcours</span> <span class='ocrx_word' id='word_1_788' title='bbox 945 3865 981 3895; x_wconf 89' lang='lat' dir='ltr'>de</span> <span class='ocrx_word' id='word_1_789' title='bbox 1002 3864 1099 3895; x_wconf 87' lang='lat' dir='ltr'>nostre</span> <span class='ocrx_word' id='word_1_790' title='bbox 1119 3864 1161 3895; x_wconf 89' lang='lat' dir='ltr'>dit</span> <span class='ocrx_word' id='word_1_791' title='bbox 1179 3865 1240 3895; x_wconf 89' lang='lat' dir='ltr'>Sei-</span> 
     </span>
     <span class='ocr_line' id='line_1_97' title="bbox 186 3899 1240 3937; baseline 0.011 -16"><span class='ocrx_word' id='word_1_792' title='bbox 186 3901 276 3937; x_wconf 73' lang='lat' dir='ltr'>gnur‚</span> <span class='ocrx_word' id='word_1_793' title='bbox 296 3905 350 3932; x_wconf 87' lang='lat' dir='ltr'>que</span> <span class='ocrx_word' id='word_1_794' title='bbox 363 3907 420 3927; x_wconf 78' lang='lat' dir='ltr'>noz.</span> <span class='ocrx_word' id='word_1_795' title='bbox 434 3899 529 3930; x_wconf 73' lang='lat' dir='ltr'>Gentz</span> <span class='ocrx_word' id='word_1_796' title='bbox 550 3901 747 3931; x_wconf 84' lang='lat' dir='ltr'>mostreroient</span> <span class='ocrx_word' id='word_1_797' title='bbox 759 3902 876 3933; x_wconf 88' lang='lat' dir='ltr'>tanttost</span> <span class='ocrx_word' id='word_1_798' title='bbox 889 3903 928 3933; x_wconf 89' lang='lat' dir='ltr'>les</span> <span class='ocrx_word' id='word_1_799' title='bbox 943 3902 1054 3935; x_wconf 88' lang='lat' dir='ltr'>Lettres</span> <span class='ocrx_word' id='word_1_800' title='bbox 1067 3904 1101 3934; x_wconf 93' lang='lat'>&amp;</span> <span class='ocrx_word' id='word_1_801' title='bbox 1115 3903 1134 3922; x_wconf 67' lang='lat'>²*</span> <span class='ocrx_word' id='word_1_802' title='bbox 1154 3902 1240 3933; x_wconf 88' lang='lat' dir='ltr'>Obli-</span> 
     </span>
     <span class='ocr_line' id='line_1_98' title="bbox 186 3934 1240 3982; baseline 0.011 -21"><span class='ocrx_word' id='word_1_803' title='bbox 186 3941 317 3982; x_wconf 61' lang='lat' dir='ltr'>gacrons,</span> <span class='ocrx_word' id='word_1_804' title='bbox 333 3944 380 3970; x_wconf 83' lang='lat' dir='ltr'>par</span> <span class='ocrx_word' id='word_1_805' title='bbox 397 3934 433 3963; x_wconf 86' lang='lat' dir='ltr'>les</span> <span class='ocrx_word' id='word_1_806' title='bbox 449 3938 542 3974; x_wconf 80' lang='lat' dir='ltr'>queles</span> <span class='ocrx_word' id='word_1_807' title='bbox 556 3939 585 3968; x_wconf 80' lang='lat' dir='ltr'>ils</span> <span class='ocrx_word' id='word_1_808' title='bbox 601 3939 724 3969; x_wconf 87' lang='lat' dir='ltr'>voleient</span> <span class='ocrx_word' id='word_1_809' title='bbox 738 3939 806 3969; x_wconf 74' lang='lat' dir='ltr'>faire</span> <span class='ocrx_word' id='word_1_810' title='bbox 817 3940 842 3970; x_wconf 85' lang='lat' dir='ltr'>la</span> <span class='ocrx_word' id='word_1_811' title='bbox 857 3940 916 3971; x_wconf 87' lang='lat' dir='ltr'>dite</span> <span class='ocrx_word' id='word_1_812' title='bbox 937 3941 1187 3980; x_wconf 75' lang='lat' dir='ltr'>Compensacion,</span> <span class='ocrx_word' id='word_1_813' title='bbox 1206 3943 1240 3973; x_wconf 71' lang='grc' dir='ltr'>δε</span> 
     </span>
     <span class='ocr_line' id='line_1_99' title="bbox 185 3972 1243 4014; baseline 0.009 -13"><span class='ocrx_word' id='word_1_814' title='bbox 185 3972 205 4001; x_wconf 93' lang='lat' dir='ltr'>d</span> <span class='ocrx_word' id='word_1_815' title='bbox 214 3979 290 4000; x_wconf 82' lang='lat' dir='ltr'>autre</span> <span class='ocrx_word' id='word_1_816' title='bbox 304 3979 363 4008; x_wconf 76' lang='lat' dir='ltr'>part</span> <span class='ocrx_word' id='word_1_817' title='bbox 378 3972 575 4014; x_wconf 79' lang='lat' dir='ltr'>mostreroient</span> <span class='ocrx_word' id='word_1_818' title='bbox 588 3977 704 4007; x_wconf 80' lang='lat' dir='ltr'>taiittost</span> <span class='ocrx_word' id='word_1_819' title='bbox 718 3977 757 4007; x_wconf 86' lang='lat' dir='ltr'>les</span> <span class='ocrx_word' id='word_1_820' title='bbox 766 3977 866 4008; x_wconf 82' lang='lat' dir='ltr'>Gentz</span> <span class='ocrx_word' id='word_1_821' title='bbox 878 3978 916 4011; x_wconf 91' lang='lat' dir='ltr'>du</span> <span class='ocrx_word' id='word_1_822' title='bbox 930 3979 992 4010; x_wconf 89' lang='lat' dir='ltr'>Roi</span> <span class='ocrx_word' id='word_1_823' title='bbox 1006 3980 1043 4011; x_wconf 88' lang='lat' dir='ltr'>de</span> <span class='ocrx_word' id='word_1_824' title='bbox 1050 3979 1074 4009; x_wconf 91' lang='lat' dir='ltr'><strong>F</strong></span> <span class='ocrx_word' id='word_1_825' title='bbox 1075 3978 1243 4011; x_wconf 84' lang='lat' dir='ltr'>rancePaie-</span> 
     </span>
     <span class='ocr_line' id='line_1_100' title="bbox 185 4010 1241 4057; baseline 0.011 -18"><span class='ocrx_word' id='word_1_826' title='bbox 185 4018 285 4040; x_wconf 73' lang='lat' dir='ltr'>mentz</span> <span class='ocrx_word' id='word_1_827' title='bbox 298 4031 308 4047; x_wconf 87' lang='lat'>,</span> <span class='ocrx_word' id='word_1_828' title='bbox 330 4010 484 4048; x_wconf 61' lang='lat' dir='ltr'>(Qiitaiices</span> <span class='ocrx_word' id='word_1_829' title='bbox 499 4034 508 4049; x_wconf 82' lang='lat'>,</span> <span class='ocrx_word' id='word_1_830' title='bbox 524 4013 555 4043; x_wconf 64' lang='grc' dir='ltr'>ὃς</span> <span class='ocrx_word' id='word_1_831' title='bbox 575 4022 662 4044; x_wconf 79' lang='lat' dir='ltr'>autres</span> <span class='ocrx_word' id='word_1_832' title='bbox 681 4015 868 4046; x_wconf 67' lang='lat' dir='ltr'>Satisfaetions</span> <span class='ocrx_word' id='word_1_833' title='bbox 882 4039 892 4055; x_wconf 85' lang='lat'>,</span> <span class='ocrx_word' id='word_1_834' title='bbox 911 4017 930 4047; x_wconf 87' lang='lat' dir='ltr'>fi</span> <span class='ocrx_word' id='word_1_835' title='bbox 952 4018 969 4048; x_wconf 93' lang='lat' dir='ltr'>il</span> <span class='ocrx_word' id='word_1_836' title='bbox 987 4018 1025 4048; x_wconf 87' lang='lat' dir='ltr'>les</span> <span class='ocrx_word' id='word_1_837' title='bbox 1044 4018 1159 4050; x_wconf 84' lang='lat' dir='ltr'>avoient</span> <span class='ocrx_word' id='word_1_838' title='bbox 1173 4041 1184 4057; x_wconf 91' lang='lat'>‚</span> <span class='ocrx_word' id='word_1_839' title='bbox 1207 4019 1241 4051; x_wconf 91' lang='lat'>&amp;</span> 
     </span>
    </p>
   </div>
   <div class='ocr_carea' id='block_1_22' title="bbox 1264 303 2331 722">
    <p class='ocr_par' dir='ltr' id='par_1_32' title="bbox 1264 303 2326 385">
     <span class='ocr_line' id='line_1_101' title="bbox 1264 303 2326 344; baseline 0.003 -10"><span class='ocrx_word' id='word_1_840' title='bbox 1264 315 1313 343; x_wconf 86' lang='lat' dir='ltr'>ce,</span> <span class='ocrx_word' id='word_1_841' title='bbox 1331 305 1356 335; x_wconf 87' lang='lat' dir='ltr'>la</span> <span class='ocrx_word' id='word_1_842' title='bbox 1376 305 1569 344; x_wconf 88' lang='lat' dir='ltr'>Journement</span> <span class='ocrx_word' id='word_1_843' title='bbox 1590 315 1646 343; x_wconf 90' lang='lat' dir='ltr'>que</span> <span class='ocrx_word' id='word_1_844' title='bbox 1668 304 1751 335; x_wconf 88' lang='lat' dir='ltr'>estoit</span> <span class='ocrx_word' id='word_1_845' title='bbox 1774 304 1822 335; x_wconf 88' lang='lat' dir='ltr'>fait</span> <span class='ocrx_word' id='word_1_846' title='bbox 1841 303 1885 334; x_wconf 87' lang='lat' dir='ltr'>sur</span> <span class='ocrx_word' id='word_1_847' title='bbox 1906 313 1975 341; x_wconf 88' lang='lat' dir='ltr'>ceo,</span> <span class='ocrx_word' id='word_1_848' title='bbox 1993 304 2028 334; x_wconf 88' lang='lat'>&amp;</span> <span class='ocrx_word' id='word_1_849' title='bbox 2050 311 2095 334; x_wconf 94' lang='lat' dir='ltr'>tot</span> <span class='ocrx_word' id='word_1_850' title='bbox 2109 313 2183 343; x_wconf 88' lang='lat' dir='ltr'>ceo,</span> <span class='ocrx_word' id='word_1_851' title='bbox 2201 314 2258 344; x_wconf 82' lang='lat' dir='ltr'>que</span> <span class='ocrx_word' id='word_1_852' title='bbox 2268 306 2326 337; x_wconf 87' lang='lat' dir='ltr'>s’en</span> 
     </span>
     <span class='ocr_line' id='line_1_102' title="bbox 1265 341 2178 385; baseline -0.001 -12"><span class='ocrx_word' id='word_1_853' title='bbox 1265 343 1349 374; x_wconf 88' lang='lat' dir='ltr'>estoit</span> <span class='ocrx_word' id='word_1_854' title='bbox 1363 345 1465 385; x_wconf 87' lang='lat' dir='ltr'>ensuy,</span> <span class='ocrx_word' id='word_1_855' title='bbox 1482 345 1516 375; x_wconf 86' lang='lat'>&amp;</span> <span class='ocrx_word' id='word_1_856' title='bbox 1530 344 1573 374; x_wconf 91' lang='lat' dir='ltr'>sur</span> <span class='ocrx_word' id='word_1_857' title='bbox 1584 343 1644 374; x_wconf 91' lang='lat' dir='ltr'>cest</span> <span class='ocrx_word' id='word_1_858' title='bbox 1658 344 1768 374; x_wconf 81' lang='lat' dir='ltr'>Article</span> <span class='ocrx_word' id='word_1_859' title='bbox 1783 352 1819 372; x_wconf 91' lang='lat' dir='ltr'>ne</span> <span class='ocrx_word' id='word_1_860' title='bbox 1833 341 1887 372; x_wconf 90' lang='lat' dir='ltr'>soit</span> <span class='ocrx_word' id='word_1_861' title='bbox 1901 351 2034 380; x_wconf 89' lang='lat' dir='ltr'>unquore</span> <span class='ocrx_word' id='word_1_862' title='bbox 2047 342 2096 373; x_wconf 87' lang='lat' dir='ltr'>fait</span> <span class='ocrx_word' id='word_1_863' title='bbox 2111 342 2127 372; x_wconf 85' lang='lat' dir='ltr'>f</span> <span class='ocrx_word' id='word_1_864' title='bbox 2142 351 2178 380; x_wconf 90' lang='lat' dir='ltr'>n,</span> 
     </span>
    </p>

    <p class='ocr_par' dir='ltr' id='par_1_33' title="bbox 1264 351 2331 651">
     <span class='ocr_line' id='line_1_103' title="bbox 1304 351 2326 422; baseline 0 -10"><span class='ocrx_word' id='word_1_865' title='bbox 1304 382 1393 413; x_wconf 91' lang='lat' dir='ltr'>Nous</span> <span class='ocrx_word' id='word_1_866' title='bbox 1407 393 1507 415; x_wconf 91' lang='lat' dir='ltr'>avoms</span> <span class='ocrx_word' id='word_1_867' title='bbox 1521 383 1697 422; x_wconf 86' lang='lat' dir='ltr'>Promys,&amp;</span> <span class='ocrx_word' id='word_1_868' title='bbox 1714 381 1928 418; x_wconf 84' lang='lat' dir='ltr'>Promettotns‚</span> <span class='ocrx_word' id='word_1_869' title='bbox 1946 390 1980 418; x_wconf 89' lang='lat' dir='ltr'>a,</span> <span class='ocrx_word' id='word_1_870' title='bbox 1997 380 2094 410; x_wconf 89' lang='lat' dir='ltr'>nostre</span> <span class='ocrx_word' id='word_1_871' title='bbox 2109 351 2151 411; x_wconf 46' lang='lat' dir='ltr'>dyit</span> <span class='ocrx_word' id='word_1_872' title='bbox 2165 380 2326 420; x_wconf 81' lang='lat' dir='ltr'>Seignur&amp;</span> 
     </span>
     <span class='ocr_line' id='line_1_104' title="bbox 1266 419 2327 460; baseline 0.001 -10"><span class='ocrx_word' id='word_1_873' title='bbox 1266 419 1383 460; x_wconf 88' lang='lat' dir='ltr'>Cosyn,</span> <span class='ocrx_word' id='word_1_874' title='bbox 1399 422 1426 452; x_wconf 89' lang='lat' dir='ltr'>le</span> <span class='ocrx_word' id='word_1_875' title='bbox 1447 421 1508 452; x_wconf 91' lang='lat' dir='ltr'>Roi</span> <span class='ocrx_word' id='word_1_876' title='bbox 1528 421 1565 451; x_wconf 92' lang='lat' dir='ltr'>de</span> <span class='ocrx_word' id='word_1_877' title='bbox 1587 421 1711 459; x_wconf 83' lang='lat' dir='ltr'>France,</span> <span class='ocrx_word' id='word_1_878' title='bbox 1730 430 1785 458; x_wconf 87' lang='lat' dir='ltr'>que</span> <span class='ocrx_word' id='word_1_879' title='bbox 1806 429 1877 449; x_wconf 92' lang='lat' dir='ltr'>nous</span> <span class='ocrx_word' id='word_1_880' title='bbox 1898 421 2080 449; x_wconf 90' lang='lat' dir='ltr'>envoieroms</span> <span class='ocrx_word' id='word_1_881' title='bbox 2094 428 2144 457; x_wconf 88' lang='lat' dir='ltr'>par</span> <span class='ocrx_word' id='word_1_882' title='bbox 2157 419 2256 450; x_wconf 89' lang='lat' dir='ltr'>devers</span> <span class='ocrx_word' id='word_1_883' title='bbox 2270 420 2327 459; x_wconf 80' lang='lat' dir='ltr'>lui,</span> 
     </span>
     <span class='ocr_line' id='line_1_105' title="bbox 1265 457 2328 497; baseline 0.001 -9"><span class='ocrx_word' id='word_1_884' title='bbox 1265 459 1386 489; x_wconf 90' lang='lat' dir='ltr'>dedeinz</span> <span class='ocrx_word' id='word_1_885' title='bbox 1405 461 1431 490; x_wconf 89' lang='lat' dir='ltr'>la</span> <span class='ocrx_word' id='word_1_886' title='bbox 1453 459 1518 490; x_wconf 84' lang='lat' dir='ltr'>Fest</span> <span class='ocrx_word' id='word_1_887' title='bbox 1535 459 1571 490; x_wconf 92' lang='lat' dir='ltr'>de</span> <span class='ocrx_word' id='word_1_888' title='bbox 1594 459 1677 495; x_wconf 84' lang='lat' dir='ltr'>NQel</span> <span class='ocrx_word' id='word_1_889' title='bbox 1691 484 1700 497; x_wconf 85' lang='grc'><strong>,</strong></span> <span class='ocrx_word' id='word_1_890' title='bbox 1719 458 1960 489; x_wconf 88' lang='lat' dir='ltr'>Procheinement</span> <span class='ocrx_word' id='word_1_891' title='bbox 1982 466 2086 488; x_wconf 83' lang='lat' dir='ltr'>venant</span> <span class='ocrx_word' id='word_1_892' title='bbox 2098 480 2108 496; x_wconf 92' lang='lat'>,</span> <span class='ocrx_word' id='word_1_893' title='bbox 2131 467 2184 494; x_wconf 86' lang='lat' dir='ltr'>pur</span> <span class='ocrx_word' id='word_1_894' title='bbox 2206 457 2273 488; x_wconf 85' lang='lat' dir='ltr'>faire</span> <span class='ocrx_word' id='word_1_895' title='bbox 2293 460 2328 490; x_wconf 84' lang='lat'>&amp;</span> 
     </span>
     <span class='ocr_line' id='line_1_106' title="bbox 1266 495 2326 536; baseline 0 -8"><span class='ocrx_word' id='word_1_896' title='bbox 1266 499 1405 535; x_wconf 89' lang='lat' dir='ltr'>acomplir</span> <span class='ocrx_word' id='word_1_897' title='bbox 1417 497 1648 536; x_wconf 57' lang='lat' dir='ltr'>effeetuelment,</span> <span class='ocrx_word' id='word_1_898' title='bbox 1665 498 1702 528; x_wconf 92' lang='lat' dir='ltr'>de</span> <span class='ocrx_word' id='word_1_899' title='bbox 1716 507 1764 535; x_wconf 85' lang='lat' dir='ltr'>par</span> <span class='ocrx_word' id='word_1_900' title='bbox 1779 506 1866 534; x_wconf 72' lang='lat' dir='ltr'>nous,</span> <span class='ocrx_word' id='word_1_901' title='bbox 1883 495 1928 526; x_wconf 88' lang='lat' dir='ltr'>sur</span> <span class='ocrx_word' id='word_1_902' title='bbox 1941 495 2001 526; x_wconf 89' lang='lat' dir='ltr'>cest</span> <span class='ocrx_word' id='word_1_903' title='bbox 2016 496 2190 534; x_wconf 83' lang='lat' dir='ltr'>Article,tot</span> <span class='ocrx_word' id='word_1_904' title='bbox 2205 506 2262 527; x_wconf 89' lang='lat' dir='ltr'>ceo</span> <span class='ocrx_word' id='word_1_905' title='bbox 2269 507 2326 536; x_wconf 88' lang='lat' dir='ltr'>que</span> 
     </span>
     <span class='ocr_line' id='line_1_107' title="bbox 1266 534 2330 573; baseline 0 -7"><span class='ocrx_word' id='word_1_906' title='bbox 1266 546 1337 566; x_wconf 89' lang='lat' dir='ltr'>nous</span> <span class='ocrx_word' id='word_1_907' title='bbox 1351 536 1442 567; x_wconf 89' lang='lat' dir='ltr'>sumes</span> <span class='ocrx_word' id='word_1_908' title='bbox 1454 539 1488 567; x_wconf 85' lang='lat'>&amp;</span> <span class='ocrx_word' id='word_1_909' title='bbox 1502 537 1620 567; x_wconf 89' lang='lat' dir='ltr'>serroms</span> <span class='ocrx_word' id='word_1_910' title='bbox 1635 545 1723 568; x_wconf 88' lang='lat' dir='ltr'>tenuz</span> <span class='ocrx_word' id='word_1_911' title='bbox 1738 546 1754 566; x_wconf 90' lang='lat' dir='ltr'>a</span> <span class='ocrx_word' id='word_1_912' title='bbox 1767 535 1894 573; x_wconf 86' lang='lat' dir='ltr'>faire,&amp;</span> <span class='ocrx_word' id='word_1_913' title='bbox 1910 535 2067 573; x_wconf 84' lang='lat' dir='ltr'>acomplir,</span> <span class='ocrx_word' id='word_1_914' title='bbox 2084 535 2182 565; x_wconf 88' lang='lat' dir='ltr'>solone</span> <span class='ocrx_word' id='word_1_915' title='bbox 2190 534 2217 565; x_wconf 89' lang='lat' dir='ltr'>la</span> <span class='ocrx_word' id='word_1_916' title='bbox 2224 543 2330 566; x_wconf 82' lang='lat' dir='ltr'>tenour</span> 
     </span>
     <span class='ocr_line' id='line_1_108' title="bbox 1265 573 2331 614; baseline 0.001 -10"><span class='ocrx_word' id='word_1_917' title='bbox 1265 574 1313 605; x_wconf 90' lang='lat' dir='ltr'>des</span> <span class='ocrx_word' id='word_1_918' title='bbox 1326 574 1384 605; x_wconf 87' lang='lat' dir='ltr'>dite</span> <span class='ocrx_word' id='word_1_919' title='bbox 1399 575 1534 614; x_wconf 84' lang='lat' dir='ltr'>Acordz,</span> <span class='ocrx_word' id='word_1_920' title='bbox 1551 576 1618 606; x_wconf 86' lang='lat' dir='ltr'>faitz</span> <span class='ocrx_word' id='word_1_921' title='bbox 1631 576 1675 606; x_wconf 87' lang='lat' dir='ltr'>sur</span> <span class='ocrx_word' id='word_1_922' title='bbox 1689 585 1758 613; x_wconf 88' lang='lat' dir='ltr'>ceo,</span> <span class='ocrx_word' id='word_1_923' title='bbox 1777 575 1811 605; x_wconf 89' lang='lat'>&amp;</span> <span class='ocrx_word' id='word_1_924' title='bbox 1827 583 1862 604; x_wconf 89' lang='lat' dir='ltr'>en</span> <span class='ocrx_word' id='word_1_925' title='bbox 1876 573 1974 611; x_wconf 81' lang='lat' dir='ltr'>point,</span> <span class='ocrx_word' id='word_1_926' title='bbox 1992 573 2026 603; x_wconf 92' lang='lat'>&amp;</span> <span class='ocrx_word' id='word_1_927' title='bbox 2039 583 2076 604; x_wconf 91' lang='lat' dir='ltr'>en</span> <span class='ocrx_word' id='word_1_928' title='bbox 2090 573 2195 612; x_wconf 87' lang='lat' dir='ltr'>l&#39;estat,</span> <span class='ocrx_word' id='word_1_929' title='bbox 2212 583 2250 604; x_wconf 89' lang='lat' dir='ltr'>en</span> <span class='ocrx_word' id='word_1_930' title='bbox 2262 574 2331 612; x_wconf 80' lang='lat' dir='ltr'>quel·</span> 
     </span>
     <span class='ocr_line' id='line_1_109' title="bbox 1264 613 1601 651; baseline 0.003 -9"><span class='ocrx_word' id='word_1_931' title='bbox 1264 613 1289 643; x_wconf 84' lang='lat' dir='ltr'>la</span> <span class='ocrx_word' id='word_1_932' title='bbox 1305 613 1388 644; x_wconf 90' lang='lat' dir='ltr'>chose</span> <span class='ocrx_word' id='word_1_933' title='bbox 1401 614 1441 644; x_wconf 92' lang='lat' dir='ltr'>est</span> <span class='ocrx_word' id='word_1_934' title='bbox 1456 625 1471 644; x_wconf 86' lang='lat' dir='ltr'>a</span> <span class='ocrx_word' id='word_1_935' title='bbox 1486 614 1601 651; x_wconf 85' lang='lat' dir='ltr'>present.</span> 
     </span>
    </p>

    <p class='ocr_par' dir='ltr' id='par_1_34' title="bbox 1264 649 2328 722">
     <span class='ocr_line' id='line_1_110' title="bbox 1301 649 2328 691; baseline 0 -9"><span class='ocrx_word' id='word_1_936' title='bbox 1301 651 1347 682; x_wconf 88' lang='lat' dir='ltr'>En</span> <span class='ocrx_word' id='word_1_937' title='bbox 1369 651 1599 691; x_wconf 86' lang='lat' dir='ltr'>Tesmoignance</span> <span class='ocrx_word' id='word_1_938' title='bbox 1620 651 1656 683; x_wconf 91' lang='lat' dir='ltr'>de</span> <span class='ocrx_word' id='word_1_939' title='bbox 1677 651 1760 691; x_wconf 88' lang='lat' dir='ltr'>quele</span> <span class='ocrx_word' id='word_1_940' title='bbox 1780 649 1866 682; x_wconf 88' lang='lat' dir='ltr'>chose</span> <span class='ocrx_word' id='word_1_941' title='bbox 1888 660 1962 680; x_wconf 89' lang='lat' dir='ltr'>nous</span> <span class='ocrx_word' id='word_1_942' title='bbox 1979 659 2079 683; x_wconf 87' lang='lat' dir='ltr'>avoms</span> <span class='ocrx_word' id='word_1_943' title='bbox 2097 650 2226 682; x_wconf 82' lang='lat' dir='ltr'>faitfaire</span> <span class='ocrx_word' id='word_1_944' title='bbox 2239 649 2328 689; x_wconf 73' lang='lat' dir='ltr'>cessies</span> 
     </span>
     <span class='ocr_line' id='line_1_111' title="bbox 1264 690 1603 722; baseline 0 -2"><span class='ocrx_word' id='word_1_945' title='bbox 1264 699 1322 721; x_wconf 92' lang='lat' dir='ltr'>noz</span> <span class='ocrx_word' id='word_1_946' title='bbox 1338 690 1448 722; x_wconf 72' lang='lat' dir='ltr'>Lettres</span> <span class='ocrx_word' id='word_1_947' title='bbox 1464 690 1603 721; x_wconf 73' lang='lat' dir='ltr'>Parentes.</span> 
     </span>
    </p>
   </div>
   <div class='ocr_carea' id='block_1_23' title="bbox 1303 765 2337 807">
    <p class='ocr_par' dir='ltr' id='par_1_35' title="bbox 1303 765 2337 807">
     <span class='ocr_line' id='line_1_112' title="bbox 1303 765 2337 807; baseline 0.001 -11"><span class='ocrx_word' id='word_1_948' title='bbox 1303 765 1386 796; x_wconf 91' lang='lat' dir='ltr'>Don.</span> <span class='ocrx_word' id='word_1_949' title='bbox 1399 766 1481 796; x_wconf 86' lang='lat' dir='ltr'>south</span> <span class='ocrx_word' id='word_1_950' title='bbox 1497 765 1594 797; x_wconf 89' lang='lat' dir='ltr'>nostre</span> <span class='ocrx_word' id='word_1_951' title='bbox 1608 765 1703 797; x_wconf 88' lang='lat' dir='ltr'>Grant</span> <span class='ocrx_word' id='word_1_952' title='bbox 1717 766 1778 797; x_wconf 87' lang='lat' dir='ltr'>Seal</span> <span class='ocrx_word' id='word_1_953' title='bbox 1792 777 1808 797; x_wconf 90' lang='lat' dir='ltr'>a</span> <span class='ocrx_word' id='word_1_954' title='bbox 1820 766 1975 807; x_wconf 86' lang='lat' dir='ltr'>Haveryng</span> <span class='ocrx_word' id='word_1_955' title='bbox 1987 773 2043 796; x_wconf 89' lang='lat' dir='ltr'>atte</span> <span class='ocrx_word' id='word_1_956' title='bbox 2056 765 2167 804; x_wconf 89' lang='lat' dir='ltr'>Boure,</span> <span class='ocrx_word' id='word_1_957' title='bbox 2184 765 2211 797; x_wconf 87' lang='lat' dir='ltr'>le</span> <span class='ocrx_word' id='word_1_958' title='bbox 2231 766 2337 798; x_wconf 49' lang='lat' dir='ltr'>vintisae</span> 
     </span>
    </p>
   </div>
   <div class='ocr_carea' id='block_1_24' title="bbox 1267 804 2007 846">
    <p class='ocr_par' dir='ltr' id='par_1_36' title="bbox 1267 804 2007 846">
     <span class='ocr_line' id='line_1_113' title="bbox 1267 804 2007 846; baseline -0.001 -11"><span class='ocrx_word' id='word_1_959' title='bbox 1267 814 1315 835; x_wconf 89' lang='lat' dir='ltr'>me</span> <span class='ocrx_word' id='word_1_960' title='bbox 1322 806 1388 843; x_wconf 87' lang='lat' dir='ltr'>jour</span> <span class='ocrx_word' id='word_1_961' title='bbox 1401 804 1438 835; x_wconf 91' lang='lat' dir='ltr'>de</span> <span class='ocrx_word' id='word_1_962' title='bbox 1450 804 1522 844; x_wconf 86' lang='lat' dir='ltr'>May</span> <span class='ocrx_word' id='word_1_963' title='bbox 1531 827 1541 843; x_wconf 89' lang='lat'>,</span> <span class='ocrx_word' id='word_1_964' title='bbox 1559 804 1626 835; x_wconf 89' lang='lat' dir='ltr'>l’An</span> <span class='ocrx_word' id='word_1_965' title='bbox 1640 805 1676 835; x_wconf 89' lang='lat' dir='ltr'>de</span> <span class='ocrx_word' id='word_1_966' title='bbox 1689 805 1787 836; x_wconf 87' lang='lat' dir='ltr'>nostre</span> <span class='ocrx_word' id='word_1_967' title='bbox 1800 805 1905 846; x_wconf 84' lang='lat' dir='ltr'>Regne</span> <span class='ocrx_word' id='word_1_968' title='bbox 1918 807 2007 844; x_wconf 82' lang='lat' dir='ltr'>quint.</span> 
     </span>
    </p>
   </div>
   <div class='ocr_carea' id='block_1_25' title="bbox 1309 926 2282 978">
    <p class='ocr_par' dir='ltr' id='par_1_37' title="bbox 1309 926 2282 978">
     <span class='ocr_line' id='line_1_114' title="bbox 1309 926 2282 978; baseline 0.001 -17"><span class='ocrx_word' id='word_1_969' title='bbox 1309 927 1368 961; x_wconf 87' lang='lat' dir='ltr'>Ad</span> <span class='ocrx_word' id='word_1_970' title='bbox 1380 931 1489 975; x_wconf 82' lang='lat' dir='ltr'>Regem</span> <span class='ocrx_word' id='word_1_971' title='bbox 1505 926 1628 971; x_wconf 79' lang='lat' dir='ltr'>Castellae</span> <span class='ocrx_word' id='word_1_972' title='bbox 1636 929 1729 976; x_wconf 77' lang='lat' dir='ltr'>fhper</span> <span class='ocrx_word' id='word_1_973' title='bbox 1742 931 1979 962; x_wconf 82' lang='lat' dir='ltr'>Examinatione</span> <span class='ocrx_word' id='word_1_974' title='bbox 1995 927 2112 962; x_wconf 63' lang='lat' dir='ltr'>Thema</span> <span class='ocrx_word' id='word_1_975' title='bbox 2131 930 2282 978; x_wconf 80' lang='lat' dir='ltr'>Gournay.</span> 
     </span>
    </p>
   </div>
   <div class='ocr_carea' id='block_1_26' title="bbox 1405 1012 2326 1098">
    <p class='ocr_par' dir='ltr' id='par_1_38' title="bbox 1405 1012 2326 1098">
     <span class='ocr_line' id='line_1_115' title="bbox 1405 1012 2326 1098; baseline 0.002 -16"><span class='ocrx_word' id='word_1_976' title='bbox 1405 1053 1497 1092; x_wconf 77' lang='lat' dir='ltr'>gionis</span> <span class='ocrx_word' id='word_1_977' title='bbox 1511 1076 1521 1090; x_wconf 87' lang='lat'><strong>‚</strong></span> <span class='ocrx_word' id='word_1_978' title='bbox 1539 1052 1648 1083; x_wconf 82' lang='lat' dir='ltr'>Tolleti</span> <span class='ocrx_word' id='word_1_979' title='bbox 1663 1075 1674 1091; x_wconf 87' lang='lat'>‚</span> <span class='ocrx_word' id='word_1_980' title='bbox 1692 1052 1832 1090; x_wconf 77' lang='lat' dir='ltr'>Galiciae,</span> <span class='ocrx_word' id='word_1_981' title='bbox 1850 1051 1973 1089; x_wconf 82' lang='lat' dir='ltr'>Sibillae,</span> <span class='ocrx_word' id='word_1_982' title='bbox 1991 1052 2052 1083; x_wconf 80' lang='lat' dir='ltr'>Cor</span> <span class='ocrx_word' id='word_1_983' title='bbox 2073 1012 2326 1098; x_wconf 48' lang='lat' dir='ltr'>ubqgg&#39;ffiffregz,</span> 
     </span>
    </p>
   </div>
   <div class='ocr_carea' id='block_1_27' title="bbox 1267 1012 2038 1082">
    <p class='ocr_par' dir='ltr' id='par_1_39' title="bbox 1267 1012 2038 1082">
     <span class='ocr_line' id='line_1_116' title="bbox 1267 1012 2038 1082; baseline 0 -38"><span class='ocrx_word' id='word_1_984' title='bbox 1267 1012 1481 1082; x_wconf 53' lang='lat' dir='ltr'>MAfiriifico</span> <span class='ocrx_word' id='word_1_985' title='bbox 1501 1012 1644 1053; x_wconf 87' lang='lat' dir='ltr'>Principi,</span> <span class='ocrx_word' id='word_1_986' title='bbox 1661 1012 1796 1045; x_wconf 88' lang='lat' dir='ltr'>Domino</span> <span class='ocrx_word' id='word_1_987' title='bbox 1815 1012 1937 1045; x_wconf 88' lang='lat' dir='ltr'>Alfonso</span> <span class='ocrx_word' id='word_1_988' title='bbox 1951 1037 1962 1052; x_wconf 87' lang='lat'>,</span> <span class='ocrx_word' id='word_1_989' title='bbox 1978 1013 2038 1045; x_wconf 88' lang='lat' dir='ltr'>Dei</span> 
     </span>
    </p>
   </div>
   <div class='ocr_carea' id='block_1_28' title="bbox 2344 1019 2476 1052">
    <p class='ocr_par' dir='ltr' id='par_1_40' title="bbox 2344 1019 2476 1052">
     <span class='ocr_line' id='line_1_117' title="bbox 2344 1019 2476 1052; baseline 0.008 -1"><span class='ocrx_word' id='word_1_990' title='bbox 2344 1019 2420 1051; x_wconf 87' lang='lat' dir='ltr'>Ann.</span> <span class='ocrx_word' id='word_1_991' title='bbox 2433 1020 2476 1052; x_wconf 91' lang='lat' dir='ltr'>D.</span> 
     </span>
    </p>
   </div>
   <div class='ocr_carea' id='block_1_29' title="bbox 2371 1068 2458 1100">
    <p class='ocr_par' dir='ltr' id='par_1_41' title="bbox 2371 1068 2458 1100">
     <span class='ocr_line' id='line_1_118' title="bbox 2371 1068 2458 1100; baseline 0.011 -11"><span class='ocrx_word' id='word_1_992' title='bbox 2371 1068 2458 1100; x_wconf 85' lang='lat'>1331.</span> 
     </span>
    </p>
   </div>
   <div class='ocr_carea' id='block_1_30' title="bbox 1265 1089 2443 1174">
    <p class='ocr_par' dir='ltr' id='par_1_42' title="bbox 1265 1089 2443 1174">
     <span class='ocr_line' id='line_1_119' title="bbox 1267 1089 2443 1136; baseline 0.007 -17"><span class='ocrx_word' id='word_1_993' title='bbox 1267 1089 1434 1135; x_wconf 81' lang='lat' dir='ltr'>Gehennae,</span> <span class='ocrx_word' id='word_1_994' title='bbox 1453 1100 1536 1129; x_wconf 89' lang='lat' dir='ltr'>atque</span> <span class='ocrx_word' id='word_1_995' title='bbox 1548 1090 1750 1136; x_wconf 69' lang='lat' dir='ltr'>Algarbiae,ac</span> <span class='ocrx_word' id='word_1_996' title='bbox 1764 1090 1930 1121; x_wconf 82' lang='lat' dir='ltr'>Comitath</span> <span class='ocrx_word' id='word_1_997' title='bbox 1944 1090 2067 1122; x_wconf 87' lang='lat' dir='ltr'>Molinae</span> <span class='ocrx_word' id='word_1_998' title='bbox 2082 1090 2325 1131; x_wconf 85' lang='lat' dir='ltr'>Domino,C0n-</span> <span class='ocrx_word' id='word_1_999' title='bbox 2341 1102 2393 1127; x_wconf 87' lang='lat' dir='ltr'>An.</span> <span class='ocrx_word' id='word_1_1000' title='bbox 2413 1109 2443 1136; x_wconf 83' lang='lat'>5.</span> 
     </span>
     <span class='ocr_line' id='line_1_120' title="bbox 1265 1128 2417 1174; baseline 0.006 -15"><span class='ocrx_word' id='word_1_1001' title='bbox 1265 1129 1417 1161; x_wconf 68' lang='lat' dir='ltr'>sanvumeo</span> <span class='ocrx_word' id='word_1_1002' title='bbox 1432 1130 1482 1160; x_wconf 92' lang='lat' dir='ltr'>suo</span> <span class='ocrx_word' id='word_1_1003' title='bbox 1499 1129 1658 1167; x_wconf 79' lang='lat' dir='ltr'>canffimo‚</span> <span class='ocrx_word' id='word_1_1004' title='bbox 1676 1128 1849 1168; x_wconf 86' lang='lat' dir='ltr'>Edwardus,</span> <span class='ocrx_word' id='word_1_1005' title='bbox 1864 1130 1925 1161; x_wconf 89' lang='lat' dir='ltr'>&amp;c.</span> <span class='ocrx_word' id='word_1_1006' title='bbox 1944 1128 2123 1167; x_wconf 55' lang='lat' dir='ltr'>Salutem&amp;</span> <span class='ocrx_word' id='word_1_1007' title='bbox 2135 1130 2169 1162; x_wconf 90' lang='lat' dir='ltr'>ad</span> <span class='ocrx_word' id='word_1_1008' title='bbox 2186 1140 2254 1163; x_wconf 88' lang='lat' dir='ltr'>vota</span> <span class='ocrx_word' id='word_1_1009' title='bbox 2262 1131 2325 1162; x_wconf 82' lang='lat' dir='ltr'>suc·</span> <span class='ocrx_word' id='word_1_1010' title='bbox 2343 1142 2372 1165; x_wconf 74' lang='grc' dir='ltr'>Ε.</span> <span class='ocrx_word' id='word_1_1011' title='bbox 2392 1147 2417 1174; x_wconf 86' lang='lat'>3.</span> 
     </span>
    </p>
   </div>
   <div class='ocr_carea' id='block_1_31' title="bbox 1266 1153 1692 1206">
    <p class='ocr_par' dir='ltr' id='par_1_43' title="bbox 1266 1153 1692 1206">
     <span class='ocr_line' id='line_1_121' title="bbox 1266 1153 1692 1206; baseline 0 -8"><span class='ocrx_word' id='word_1_1012' title='bbox 1266 1153 1356 1198; x_wconf 48' lang='lat' dir='ltr'>cessus</span> <span class='ocrx_word' id='word_1_1013' title='bbox 1369 1167 1514 1206; x_wconf 88' lang='lat' dir='ltr'>prosperos</span> <span class='ocrx_word' id='word_1_1014' title='bbox 1529 1169 1562 1200; x_wconf 90' lang='lat'>&amp;</span> <span class='ocrx_word' id='word_1_1015' title='bbox 1574 1168 1692 1199; x_wconf 81' lang='lat' dir='ltr'>foeljces.</span> 
     </span>
    </p>
   </div>
   <div class='ocr_carea' id='block_1_32' title="bbox 2341 1176 2477 1213">
    <p class='ocr_par' dir='ltr' id='par_1_44' title="bbox 2341 1176 2477 1213">
     <span class='ocr_line' id='line_1_122' title="bbox 2341 1176 2477 1213; baseline 0 -9"><span class='ocrx_word' id='word_1_1016' title='bbox 2341 1176 2429 1213; x_wconf 85' lang='lat' dir='ltr'>Claus.</span> <span class='ocrx_word' id='word_1_1017' title='bbox 2447 1184 2477 1211; x_wconf 86' lang='lat'>5.</span> 
     </span>
    </p>
   </div>
   <div class='ocr_carea' id='block_1_33' title="bbox 1303 1204 2479 1251">
    <p class='ocr_par' dir='ltr' id='par_1_45' title="bbox 1303 1204 2479 1251">
     <span class='ocr_line' id='line_1_123' title="bbox 1303 1204 2479 1251; baseline 0.004 -14"><span class='ocrx_word' id='word_1_1018' title='bbox 1303 1205 1384 1237; x_wconf 81' lang='lat' dir='ltr'>Cum</span> <span class='ocrx_word' id='word_1_1019' title='bbox 1404 1217 1511 1245; x_wconf 76' lang='lat' dir='ltr'>nuper,</span> <span class='ocrx_word' id='word_1_1020' title='bbox 1529 1216 1563 1237; x_wconf 83' lang='lat' dir='ltr'>ex</span> <span class='ocrx_word' id='word_1_1021' title='bbox 1585 1206 1778 1245; x_wconf 87' lang='lat' dir='ltr'>quorumdam</span> <span class='ocrx_word' id='word_1_1022' title='bbox 1797 1204 1926 1237; x_wconf 86' lang='lat' dir='ltr'>fidelium</span> <span class='ocrx_word' id='word_1_1023' title='bbox 1945 1205 2111 1238; x_wconf 88' lang='lat' dir='ltr'>nostrorum</span> <span class='ocrx_word' id='word_1_1024' title='bbox 2121 1206 2265 1246; x_wconf 81' lang='lat' dir='ltr'>relatibus,</span> <span class='ocrx_word' id='word_1_1025' title='bbox 2281 1210 2326 1239; x_wconf 90' lang='lat' dir='ltr'>in-</span> <span class='ocrx_word' id='word_1_1026' title='bbox 2342 1218 2369 1242; x_wconf 84' lang='grc' dir='ltr'>Ε.</span> <span class='ocrx_word' id='word_1_1027' title='bbox 2384 1224 2396 1251; x_wconf 87' lang='lat'>3</span> <span class='ocrx_word' id='word_1_1028' title='bbox 2417 1220 2442 1250; x_wconf 82' lang='lat' dir='ltr'>p.</span> <span class='ocrx_word' id='word_1_1029' title='bbox 2453 1222 2479 1242; x_wconf 91' lang='grc'>1.</span> 
     </span>
    </p>
   </div>
   <div class='ocr_carea' id='block_1_34' title="bbox 1264 1244 2340 2327">
    <p class='ocr_par' dir='ltr' id='par_1_46' title="bbox 1265 1244 1992 1283">
     <span class='ocr_line' id='line_1_124' title="bbox 1265 1244 1992 1283; baseline 0.001 -9"><span class='ocrx_word' id='word_1_1030' title='bbox 1265 1245 1421 1282; x_wconf 85' lang='lat' dir='ltr'>telligentes</span> <span class='ocrx_word' id='word_1_1031' title='bbox 1436 1245 1517 1283; x_wconf 81' lang='lat' dir='ltr'>quod</span> <span class='ocrx_word' id='word_1_1032' title='bbox 1532 1245 1665 1276; x_wconf 88' lang='lat' dir='ltr'>Thomas</span> <span class='ocrx_word' id='word_1_1033' title='bbox 1679 1245 1716 1276; x_wconf 91' lang='lat' dir='ltr'>de</span> <span class='ocrx_word' id='word_1_1034' title='bbox 1730 1244 1853 1276; x_wconf 90' lang='lat' dir='ltr'>Gourne</span> <span class='ocrx_word' id='word_1_1035' title='bbox 1886 1244 1992 1283; x_wconf 86' lang='lat' dir='ltr'>Miles,</span> 
     </span>
    </p>

    <p class='ocr_par' dir='ltr' id='par_1_47' title="bbox 1264 1283 2329 1438">
     <span class='ocr_line' id='line_1_125' title="bbox 1304 1283 2325 1323; baseline 0.004 -10"><span class='ocrx_word' id='word_1_1036' title='bbox 1304 1283 1353 1314; x_wconf 90' lang='lat' dir='ltr'>De</span> <span class='ocrx_word' id='word_1_1037' title='bbox 1367 1283 1513 1315; x_wconf 88' lang='lat' dir='ltr'>Seditione</span> <span class='ocrx_word' id='word_1_1038' title='bbox 1526 1292 1626 1316; x_wconf 90' lang='lat' dir='ltr'>contra</span> <span class='ocrx_word' id='word_1_1039' title='bbox 1638 1284 1804 1323; x_wconf 81' lang='lat' dir='ltr'>personam,</span> <span class='ocrx_word' id='word_1_1040' title='bbox 1822 1294 1840 1315; x_wconf 92' lang='lat' dir='ltr'>c</span> <span class='ocrx_word' id='word_1_1041' title='bbox 1867 1284 1939 1314; x_wconf 85' lang='lat' dir='ltr'>ebris</span> <span class='ocrx_word' id='word_1_1042' title='bbox 1960 1284 2127 1322; x_wconf 87' lang='lat' dir='ltr'>memoriae,</span> <span class='ocrx_word' id='word_1_1043' title='bbox 2143 1283 2269 1316; x_wconf 89' lang='lat' dir='ltr'>Domini</span> <span class='ocrx_word' id='word_1_1044' title='bbox 2288 1285 2325 1317; x_wconf 87' lang='lat' dir='ltr'>E.</span> 
     </span>
     <span class='ocr_line' id='line_1_126' title="bbox 1266 1321 2325 1363; baseline 0.004 -11"><span class='ocrx_word' id='word_1_1045' title='bbox 1266 1331 1357 1360; x_wconf 89' lang='lat' dir='ltr'>nuper</span> <span class='ocrx_word' id='word_1_1046' title='bbox 1369 1322 1458 1362; x_wconf 85' lang='lat' dir='ltr'>Regis</span> <span class='ocrx_word' id='word_1_1047' title='bbox 1474 1323 1587 1363; x_wconf 84' lang='lat' dir='ltr'>Angliae</span> <span class='ocrx_word' id='word_1_1048' title='bbox 1601 1322 1690 1354; x_wconf 89' lang='lat' dir='ltr'>Patris</span> <span class='ocrx_word' id='word_1_1049' title='bbox 1703 1322 1810 1362; x_wconf 84' lang='lat' dir='ltr'>nostri,</span> <span class='ocrx_word' id='word_1_1050' title='bbox 1828 1323 1862 1353; x_wconf 92' lang='lat'>&amp;</span> <span class='ocrx_word' id='word_1_1051' title='bbox 1878 1321 2098 1361; x_wconf 89' lang='lat' dir='ltr'>Conspiratione</span> <span class='ocrx_word' id='word_1_1052' title='bbox 2110 1323 2140 1352; x_wconf 91' lang='lat' dir='ltr'>in</span> <span class='ocrx_word' id='word_1_1053' title='bbox 2155 1332 2249 1355; x_wconf 86' lang='lat' dir='ltr'>morte</span> <span class='ocrx_word' id='word_1_1054' title='bbox 2256 1325 2325 1356; x_wconf 89' lang='lat' dir='ltr'>e&#39;us—</span> 
     </span>
     <span class='ocr_line' id='line_1_127' title="bbox 1264 1334 2329 1400; baseline 0.002 -9"><span class='ocrx_word' id='word_1_1055' title='bbox 1264 1360 1333 1391; x_wconf 89' lang='lat' dir='ltr'>dem</span> <span class='ocrx_word' id='word_1_1056' title='bbox 1351 1361 1527 1400; x_wconf 73' lang='lat' dir='ltr'>diffamatus,</span> <span class='ocrx_word' id='word_1_1057' title='bbox 1553 1362 1586 1392; x_wconf 92' lang='lat'>&amp;</span> <span class='ocrx_word' id='word_1_1058' title='bbox 1601 1371 1636 1392; x_wconf 88' lang='lat' dir='ltr'>eo</span> <span class='ocrx_word' id='word_1_1059' title='bbox 1659 1369 1794 1399; x_wconf 83' lang='lat' dir='ltr'>praetextu</span> <span class='ocrx_word' id='word_1_1060' title='bbox 1811 1360 1958 1400; x_wconf 86' lang='lat' dir='ltr'>Judicium</span> <span class='ocrx_word' id='word_1_1061' title='bbox 1980 1361 2089 1400; x_wconf 84' lang='lat' dir='ltr'>fugiens</span> <span class='ocrx_word' id='word_1_1062' title='bbox 2108 1362 2142 1393; x_wconf 89' lang='lat'>&amp;</span> <span class='ocrx_word' id='word_1_1063' title='bbox 2156 1334 2329 1394; x_wconf 59' lang='lat' dir='ltr'>clandeiiine</span> 
     </span>
     <span class='ocr_line' id='line_1_128' title="bbox 1267 1399 1676 1438; baseline 0.002 -9"><span class='ocrx_word' id='word_1_1064' title='bbox 1267 1400 1360 1430; x_wconf 81' lang='lat' dir='ltr'>exiens</span> <span class='ocrx_word' id='word_1_1065' title='bbox 1374 1399 1514 1437; x_wconf 90' lang='lat' dir='ltr'>Regnum</span> <span class='ocrx_word' id='word_1_1066' title='bbox 1530 1399 1676 1438; x_wconf 79' lang='lat' dir='ltr'>nostrum,</span> 
     </span>
    </p>

    <p class='ocr_par' dir='ltr' id='par_1_48' title="bbox 1265 1437 2338 1748">
     <span class='ocr_line' id='line_1_129' title="bbox 1304 1437 2330 1478; baseline 0.002 -9"><span class='ocrx_word' id='word_1_1067' title='bbox 1304 1438 1390 1476; x_wconf 89' lang='lat' dir='ltr'>Apud</span> <span class='ocrx_word' id='word_1_1068' title='bbox 1412 1438 1568 1469; x_wconf 85' lang='lat' dir='ltr'>Civitatem</span> <span class='ocrx_word' id='word_1_1069' title='bbox 1589 1438 1625 1469; x_wconf 91' lang='lat' dir='ltr'>de</span> <span class='ocrx_word' id='word_1_1070' title='bbox 1646 1437 1758 1478; x_wconf 88' lang='lat' dir='ltr'>Burgh,</span> <span class='ocrx_word' id='word_1_1071' title='bbox 1776 1437 1848 1469; x_wconf 88' lang='lat' dir='ltr'>infra</span> <span class='ocrx_word' id='word_1_1072' title='bbox 1869 1437 2046 1469; x_wconf 90' lang='lat' dir='ltr'>Dominium</span> <span class='ocrx_word' id='word_1_1073' title='bbox 2067 1437 2213 1476; x_wconf 79' lang='lat' dir='ltr'>vestrum,</span> <span class='ocrx_word' id='word_1_1074' title='bbox 2230 1439 2330 1471; x_wconf 78' lang='lat' dir='ltr'>aresta-</span> 
     </span>
     <span class='ocr_line' id='line_1_130' title="bbox 1266 1476 2329 1516; baseline 0.002 -9"><span class='ocrx_word' id='word_1_1075' title='bbox 1266 1484 1326 1515; x_wconf 87' lang='lat' dir='ltr'>tus,</span> <span class='ocrx_word' id='word_1_1076' title='bbox 1343 1478 1377 1509; x_wconf 89' lang='lat'>&amp;</span> <span class='ocrx_word' id='word_1_1077' title='bbox 1392 1477 1533 1508; x_wconf 83' lang='lat' dir='ltr'>Carcerali</span> <span class='ocrx_word' id='word_1_1078' title='bbox 1547 1476 1712 1515; x_wconf 83' lang='lat' dir='ltr'>Custodiae,</span> <span class='ocrx_word' id='word_1_1079' title='bbox 1730 1477 1767 1507; x_wconf 91' lang='lat' dir='ltr'>de</span> <span class='ocrx_word' id='word_1_1080' title='bbox 1781 1476 1915 1507; x_wconf 87' lang='lat' dir='ltr'>mandato</span> <span class='ocrx_word' id='word_1_1081' title='bbox 1936 1476 2049 1516; x_wconf 89' lang='lat' dir='ltr'>vestro,</span> <span class='ocrx_word' id='word_1_1082' title='bbox 2065 1477 2155 1508; x_wconf 78' lang='lat' dir='ltr'>eirtitit</span> <span class='ocrx_word' id='word_1_1083' title='bbox 2178 1477 2329 1516; x_wconf 79' lang='lat' dir='ltr'>Mancipa-</span> 
     </span>
     <span class='ocr_line' id='line_1_131' title="bbox 1265 1515 2331 1555; baseline 0.004 -10"><span class='ocrx_word' id='word_1_1084' title='bbox 1265 1523 1307 1545; x_wconf 91' lang='lat' dir='ltr'>tus</span> <span class='ocrx_word' id='word_1_1085' title='bbox 1322 1515 1369 1553; x_wconf 92' lang='lat' dir='ltr'>(de</span> <span class='ocrx_word' id='word_1_1086' title='bbox 1384 1526 1444 1554; x_wconf 89' lang='lat' dir='ltr'>quo</span> <span class='ocrx_word' id='word_1_1087' title='bbox 1459 1516 1689 1553; x_wconf 74' lang='lat' dir='ltr'>Magnificenriae</span> <span class='ocrx_word' id='word_1_1088' title='bbox 1703 1515 1804 1547; x_wconf 80' lang='lat' dir='ltr'>vestrae</span> <span class='ocrx_word' id='word_1_1089' title='bbox 1817 1515 1919 1546; x_wconf 84' lang='lat' dir='ltr'>Grates</span> <span class='ocrx_word' id='word_1_1090' title='bbox 1931 1516 1966 1546; x_wconf 87' lang='lat'>&amp;</span> <span class='ocrx_word' id='word_1_1091' title='bbox 1980 1515 2091 1546; x_wconf 86' lang='lat' dir='ltr'>Gratias</span> <span class='ocrx_word' id='word_1_1092' title='bbox 2111 1516 2258 1547; x_wconf 85' lang='lat' dir='ltr'>referimus</span> <span class='ocrx_word' id='word_1_1093' title='bbox 2270 1518 2331 1555; x_wconf 77' lang='lat' dir='ltr'>{pe-</span> 
     </span>
     <span class='ocr_line' id='line_1_132' title="bbox 1266 1553 2333 1594; baseline 0.004 -11"><span class='ocrx_word' id='word_1_1094' title='bbox 1266 1554 1359 1592; x_wconf 85' lang='lat' dir='ltr'>ciales)</span> <span class='ocrx_word' id='word_1_1095' title='bbox 1382 1554 1568 1586; x_wconf 86' lang='lat' dir='ltr'>Serenitatem</span> <span class='ocrx_word' id='word_1_1096' title='bbox 1585 1554 1707 1585; x_wconf 86' lang='lat' dir='ltr'>vestram</span> <span class='ocrx_word' id='word_1_1097' title='bbox 1730 1555 1923 1591; x_wconf 85' lang='lat' dir='ltr'>rogaverimus</span> <span class='ocrx_word' id='word_1_1098' title='bbox 1941 1564 2010 1584; x_wconf 90' lang='lat' dir='ltr'>cum</span> <span class='ocrx_word' id='word_1_1099' title='bbox 2033 1553 2141 1585; x_wconf 64' lang='lat' dir='ltr'>effeou</span> <span class='ocrx_word' id='word_1_1100' title='bbox 2154 1578 2164 1594; x_wconf 91' lang='lat'>,</span> <span class='ocrx_word' id='word_1_1101' title='bbox 2195 1563 2333 1593; x_wconf 64' lang='lat' dir='ltr'>quatenus</span> 
     </span>
     <span class='ocr_line' id='line_1_133' title="bbox 1267 1593 2327 1633; baseline 0.003 -11"><span class='ocrx_word' id='word_1_1102' title='bbox 1267 1593 1390 1624; x_wconf 87' lang='lat' dir='ltr'>eundern</span> <span class='ocrx_word' id='word_1_1103' title='bbox 1404 1593 1572 1631; x_wconf 86' lang='lat' dir='ltr'>Thomam,</span> <span class='ocrx_word' id='word_1_1104' title='bbox 1589 1593 1697 1624; x_wconf 70' lang='lat' dir='ltr'>dile-‚ero</span> <span class='ocrx_word' id='word_1_1105' title='bbox 1713 1594 1746 1624; x_wconf 89' lang='lat'>&amp;</span> <span class='ocrx_word' id='word_1_1106' title='bbox 1760 1593 1834 1623; x_wconf 90' lang='lat' dir='ltr'>fideli</span> <span class='ocrx_word' id='word_1_1107' title='bbox 1850 1593 1966 1631; x_wconf 88' lang='lat' dir='ltr'>nostro,</span> <span class='ocrx_word' id='word_1_1108' title='bbox 1981 1593 2102 1632; x_wconf 87' lang='lat' dir='ltr'>Johanni</span> <span class='ocrx_word' id='word_1_1109' title='bbox 2118 1593 2155 1624; x_wconf 90' lang='lat' dir='ltr'>de</span> <span class='ocrx_word' id='word_1_1110' title='bbox 2163 1593 2327 1633; x_wconf 85' lang='lat' dir='ltr'>Haustede,</span> 
     </span>
     <span class='ocr_line' id='line_1_134' title="bbox 1267 1631 2328 1671; baseline 0.002 -9"><span class='ocrx_word' id='word_1_1111' title='bbox 1267 1631 1425 1662; x_wconf 83' lang='lat' dir='ltr'>senescallo</span> <span class='ocrx_word' id='word_1_1112' title='bbox 1440 1632 1537 1662; x_wconf 90' lang='lat' dir='ltr'>nostro</span> <span class='ocrx_word' id='word_1_1113' title='bbox 1552 1631 1718 1669; x_wconf 83' lang='lat' dir='ltr'>Vasconiae,</span> <span class='ocrx_word' id='word_1_1114' title='bbox 1738 1632 1784 1662; x_wconf 90' lang='lat' dir='ltr'>vel</span> <span class='ocrx_word' id='word_1_1115' title='bbox 1799 1632 1866 1670; x_wconf 75' lang='lat' dir='ltr'>illis,</span> <span class='ocrx_word' id='word_1_1116' title='bbox 1885 1642 1957 1669; x_wconf 87' lang='lat' dir='ltr'>quos</span> <span class='ocrx_word' id='word_1_1117' title='bbox 1972 1631 2007 1662; x_wconf 84' lang='lat' dir='ltr'>ad</span> <span class='ocrx_word' id='word_1_1118' title='bbox 2028 1632 2086 1662; x_wconf 89' lang='lat' dir='ltr'>hoc</span> <span class='ocrx_word' id='word_1_1119' title='bbox 2108 1631 2252 1671; x_wconf 86' lang='lat' dir='ltr'>deputaret</span> <span class='ocrx_word' id='word_1_1120' title='bbox 2282 1634 2328 1671; x_wconf 87' lang='lat' dir='ltr'>ju·-</span> 
     </span>
     <span class='ocr_line' id='line_1_135' title="bbox 1267 1669 2338 1708; baseline 0.002 -8"><span class='ocrx_word' id='word_1_1121' title='bbox 1267 1670 1335 1700; x_wconf 86' lang='lat' dir='ltr'>bere</span> <span class='ocrx_word' id='word_1_1122' title='bbox 1349 1670 1455 1701; x_wconf 85' lang='lat' dir='ltr'>velletis</span> <span class='ocrx_word' id='word_1_1123' title='bbox 1466 1671 1590 1708; x_wconf 85' lang='lat' dir='ltr'>liberari,</span> <span class='ocrx_word' id='word_1_1124' title='bbox 1608 1670 1774 1701; x_wconf 87' lang='lat' dir='ltr'>ducendum</span> <span class='ocrx_word' id='word_1_1125' title='bbox 1787 1670 1821 1700; x_wconf 89' lang='lat' dir='ltr'>ad</span> <span class='ocrx_word' id='word_1_1126' title='bbox 1847 1669 1931 1708; x_wconf 84' lang='lat' dir='ltr'>Nos,</span> <span class='ocrx_word' id='word_1_1127' title='bbox 1950 1678 2036 1708; x_wconf 86' lang='lat' dir='ltr'>prout</span> <span class='ocrx_word' id='word_1_1128' title='bbox 2055 1670 2151 1702; x_wconf 88' lang='lat' dir='ltr'>eidem</span> <span class='ocrx_word' id='word_1_1129' title='bbox 2171 1670 2245 1702; x_wconf 86' lang='lat' dir='ltr'>Sene</span> <span class='ocrx_word' id='word_1_1130' title='bbox 2256 1671 2338 1703; x_wconf 84' lang='lat' dir='ltr'>callo-</span> 
     </span>
     <span class='ocr_line' id='line_1_136' title="bbox 1266 1708 1635 1748; baseline 0.003 -10"><span class='ocrx_word' id='word_1_1131' title='bbox 1266 1708 1398 1740; x_wconf 79' lang='lat' dir='ltr'>duximus</span> <span class='ocrx_word' id='word_1_1132' title='bbox 1411 1710 1635 1748; x_wconf 73' lang='lat' dir='ltr'>injungendum:</span> 
     </span>
    </p>

    <p class='ocr_par' dir='ltr' id='par_1_49' title="bbox 1268 1746 2340 2327">
     <span class='ocr_line' id='line_1_137' title="bbox 1306 1746 2331 1788; baseline 0.002 -11"><span class='ocrx_word' id='word_1_1133' title='bbox 1306 1746 1344 1779; x_wconf 90' lang='lat' dir='ltr'>Et</span> <span class='ocrx_word' id='word_1_1134' title='bbox 1357 1748 1438 1786; x_wconf 86' lang='lat' dir='ltr'>quia,</span> <span class='ocrx_word' id='word_1_1135' title='bbox 1457 1748 1537 1786; x_wconf 85' lang='lat' dir='ltr'>super</span> <span class='ocrx_word' id='word_1_1136' title='bbox 1549 1748 1686 1786; x_wconf 84' lang='lat' dir='ltr'>aliquibus</span> <span class='ocrx_word' id='word_1_1137' title='bbox 1722 1747 1831 1778; x_wconf 62' lang='lat' dir='ltr'>dietum</span> <span class='ocrx_word' id='word_1_1138' title='bbox 1848 1747 2013 1788; x_wconf 80' lang='lat' dir='ltr'>Negotium</span> <span class='ocrx_word' id='word_1_1139' title='bbox 2035 1749 2234 1788; x_wconf 81' lang='lat' dir='ltr'>tangentibus,</span> <span class='ocrx_word' id='word_1_1140' title='bbox 2251 1749 2331 1787; x_wconf 86' lang='lat' dir='ltr'>cupi-</span> 
     </span>
     <span class='ocr_line' id='line_1_138' title="bbox 1268 1770 2332 1827; baseline 0.002 -11"><span class='ocrx_word' id='word_1_1141' title='bbox 1268 1795 1332 1816; x_wconf 88' lang='lat' dir='ltr'>mus</span> <span class='ocrx_word' id='word_1_1142' title='bbox 1349 1787 1457 1824; x_wconf 77' lang='lat' dir='ltr'>plenius</span> <span class='ocrx_word' id='word_1_1143' title='bbox 1470 1787 1632 1825; x_wconf 82' lang='lat' dir='ltr'>informari,</span> <span class='ocrx_word' id='word_1_1144' title='bbox 1648 1770 1769 1817; x_wconf 55' lang='lat' dir='ltr'>veliram</span> <span class='ocrx_word' id='word_1_1145' title='bbox 1784 1786 1905 1826; x_wconf 82' lang='lat' dir='ltr'>Regiam</span> <span class='ocrx_word' id='word_1_1146' title='bbox 1921 1785 2142 1825; x_wconf 81' lang='lat' dir='ltr'>Excellentiarn,</span> <span class='ocrx_word' id='word_1_1147' title='bbox 2158 1788 2260 1819; x_wconf 87' lang='lat' dir='ltr'>iteratis</span> <span class='ocrx_word' id='word_1_1148' title='bbox 2267 1798 2332 1827; x_wconf 85' lang='lat' dir='ltr'>pre-</span> 
     </span>
     <span class='ocr_line' id='line_1_139' title="bbox 1269 1824 2334 1866; baseline 0.003 -12"><span class='ocrx_word' id='word_1_1149' title='bbox 1269 1825 1349 1854; x_wconf 89' lang='lat' dir='ltr'>cibus</span> <span class='ocrx_word' id='word_1_1150' title='bbox 1369 1825 1501 1855; x_wconf 83' lang='lat' dir='ltr'>duximus</span> <span class='ocrx_word' id='word_1_1151' title='bbox 1519 1824 1723 1863; x_wconf 85' lang='lat' dir='ltr'>requirendum</span> <span class='ocrx_word' id='word_1_1152' title='bbox 1738 1849 1747 1863; x_wconf 86' lang='lat'>‚</span> <span class='ocrx_word' id='word_1_1153' title='bbox 1766 1825 1901 1863; x_wconf 82' lang='lat' dir='ltr'>quatenus</span> <span class='ocrx_word' id='word_1_1154' title='bbox 1921 1825 2069 1862; x_wconf 76' lang='lat' dir='ltr'>praefatum</span> <span class='ocrx_word' id='word_1_1155' title='bbox 2089 1826 2240 1857; x_wconf 89' lang='lat' dir='ltr'>Thomam</span> <span class='ocrx_word' id='word_1_1156' title='bbox 2255 1849 2266 1866; x_wconf 91' lang='lat'>,</span> <span class='ocrx_word' id='word_1_1157' title='bbox 2283 1834 2334 1865; x_wconf 83' lang='lat' dir='ltr'>per</span> 
     </span>
     <span class='ocr_line' id='line_1_140' title="bbox 1271 1862 2334 1902; baseline 0.003 -10"><span class='ocrx_word' id='word_1_1158' title='bbox 1271 1862 1444 1902; x_wconf 77' lang='lat' dir='ltr'>Magistros,</span> <span class='ocrx_word' id='word_1_1159' title='bbox 1462 1864 1614 1902; x_wconf 80' lang='lat' dir='ltr'>Scabinos,</span> <span class='ocrx_word' id='word_1_1160' title='bbox 1633 1864 1666 1894; x_wconf 71' lang='grc' dir='ltr'>δε</span> <span class='ocrx_word' id='word_1_1161' title='bbox 1689 1862 1828 1894; x_wconf 85' lang='lat' dir='ltr'>Consules</span> <span class='ocrx_word' id='word_1_1162' title='bbox 1846 1862 1974 1893; x_wconf 90' lang='lat' dir='ltr'>Civitatis</span> <span class='ocrx_word' id='word_1_1163' title='bbox 1994 1863 2139 1901; x_wconf 65' lang='lat' dir='ltr'>praediehe</span> <span class='ocrx_word' id='word_1_1164' title='bbox 2154 1889 2163 1902; x_wconf 91' lang='lat'>,</span> <span class='ocrx_word' id='word_1_1165' title='bbox 2180 1864 2227 1895; x_wconf 91' lang='lat' dir='ltr'>seu</span> <span class='ocrx_word' id='word_1_1166' title='bbox 2247 1866 2334 1902; x_wconf 79' lang='lat' dir='ltr'>allos,</span> 
     </span>
     <span class='ocr_line' id='line_1_141' title="bbox 1270 1901 2332 1941; baseline 0.003 -10"><span class='ocrx_word' id='word_1_1167' title='bbox 1270 1911 1343 1940; x_wconf 90' lang='lat' dir='ltr'>quos</span> <span class='ocrx_word' id='word_1_1168' title='bbox 1365 1902 1398 1932; x_wconf 88' lang='lat' dir='ltr'>ad</span> <span class='ocrx_word' id='word_1_1169' title='bbox 1418 1903 1477 1933; x_wconf 86' lang='lat' dir='ltr'>hoc</span> <span class='ocrx_word' id='word_1_1170' title='bbox 1500 1901 1645 1933; x_wconf 84' lang='lat' dir='ltr'>volueritis</span> <span class='ocrx_word' id='word_1_1171' title='bbox 1665 1901 1789 1940; x_wconf 84' lang='lat' dir='ltr'>deputari</span> <span class='ocrx_word' id='word_1_1172' title='bbox 1805 1926 1815 1940; x_wconf 81' lang='grc'><strong>,</strong></span> <span class='ocrx_word' id='word_1_1173' title='bbox 1833 1902 1862 1932; x_wconf 86' lang='lat' dir='ltr'>in</span> <span class='ocrx_word' id='word_1_1174' title='bbox 1881 1902 2044 1941; x_wconf 67' lang='lat' dir='ltr'>praesentia,</span> <span class='ocrx_word' id='word_1_1175' title='bbox 2061 1901 2157 1933; x_wconf 70' lang='lat' dir='ltr'>dilec‘ti</span> <span class='ocrx_word' id='word_1_1176' title='bbox 2179 1903 2332 1935; x_wconf 78' lang='lat' dir='ltr'>Servientis</span> 
     </span>
     <span class='ocr_line' id='line_1_142' title="bbox 1271 1939 2332 1980; baseline 0.003 -10"><span class='ocrx_word' id='word_1_1177' title='bbox 1271 1939 1361 1971; x_wconf 88' lang='lat' dir='ltr'>nostri</span> <span class='ocrx_word' id='word_1_1178' title='bbox 1384 1940 1418 1971; x_wconf 89' lang='lat' dir='ltr'>ad</span> <span class='ocrx_word' id='word_1_1179' title='bbox 1441 1940 1548 1979; x_wconf 89' lang='lat' dir='ltr'>Arma,</span> <span class='ocrx_word' id='word_1_1180' title='bbox 1566 1940 1699 1971; x_wconf 89' lang='lat' dir='ltr'>Bernardi</span> <span class='ocrx_word' id='word_1_1181' title='bbox 1720 1940 1873 1980; x_wconf 88' lang='lat' dir='ltr'>Pelegrym</span> <span class='ocrx_word' id='word_1_1182' title='bbox 1895 1942 1995 1978; x_wconf 88' lang='lat' dir='ltr'>(quem</span> <span class='ocrx_word' id='word_1_1183' title='bbox 2015 1941 2049 1971; x_wconf 88' lang='lat' dir='ltr'>ad</span> <span class='ocrx_word' id='word_1_1184' title='bbox 2062 1951 2115 1971; x_wconf 91' lang='lat' dir='ltr'>vos</span> <span class='ocrx_word' id='word_1_1185' title='bbox 2128 1950 2163 1972; x_wconf 77' lang='lat' dir='ltr'>ex</span> <span class='ocrx_word' id='word_1_1186' title='bbox 2174 1942 2228 1972; x_wconf 89' lang='lat' dir='ltr'>hac</span> <span class='ocrx_word' id='word_1_1187' title='bbox 2248 1941 2332 1973; x_wconf 56' lang='lat' dir='ltr'>causa</span> 
     </span>
     <span class='ocr_line' id='line_1_143' title="bbox 1271 1978 2334 2018; baseline 0.002 -9"><span class='ocrx_word' id='word_1_1188' title='bbox 1271 1979 1494 2017; x_wconf 85' lang='lat' dir='ltr'>transmittimus)</span> <span class='ocrx_word' id='word_1_1189' title='bbox 1509 1981 1609 2018; x_wconf 87' lang='lat' dir='ltr'>jubere</span> <span class='ocrx_word' id='word_1_1190' title='bbox 1625 1979 1713 2009; x_wconf 88' lang='lat' dir='ltr'>velitis</span> <span class='ocrx_word' id='word_1_1191' title='bbox 1728 1980 1894 2016; x_wconf 81' lang='lat' dir='ltr'>examinari,</span> <span class='ocrx_word' id='word_1_1192' title='bbox 1912 1980 1946 2009; x_wconf 73' lang='grc' dir='ltr'>ὃς</span> <span class='ocrx_word' id='word_1_1193' title='bbox 1970 1978 2190 2010; x_wconf 84' lang='lat' dir='ltr'>Confeffionem</span> <span class='ocrx_word' id='word_1_1194' title='bbox 2209 1980 2334 2018; x_wconf 85' lang='lat' dir='ltr'>ejusdem</span> 
     </span>
     <span class='ocr_line' id='line_1_144' title="bbox 1271 2017 2335 2056; baseline 0.001 -8"><span class='ocrx_word' id='word_1_1195' title='bbox 1271 2017 1401 2048; x_wconf 81' lang='lat' dir='ltr'>Thomae</span> <span class='ocrx_word' id='word_1_1196' title='bbox 1417 2017 1454 2048; x_wconf 92' lang='lat' dir='ltr'>de</span> <span class='ocrx_word' id='word_1_1197' title='bbox 1465 2018 1535 2056; x_wconf 87' lang='lat' dir='ltr'>hiis,</span> <span class='ocrx_word' id='word_1_1198' title='bbox 1555 2028 1618 2056; x_wconf 83' lang='lat' dir='ltr'>quae</span> <span class='ocrx_word' id='word_1_1199' title='bbox 1631 2027 1731 2048; x_wconf 85' lang='lat' dir='ltr'>coram</span> <span class='ocrx_word' id='word_1_1200' title='bbox 1746 2019 1785 2048; x_wconf 82' lang='lat' dir='ltr'>eis</span> <span class='ocrx_word' id='word_1_1201' title='bbox 1796 2017 1927 2056; x_wconf 83' lang='lat' dir='ltr'>detegere</span> <span class='ocrx_word' id='word_1_1202' title='bbox 1947 2017 2068 2047; x_wconf 87' lang='lat' dir='ltr'>voluerit</span> <span class='ocrx_word' id='word_1_1203' title='bbox 2088 2017 2168 2055; x_wconf 88' lang='lat' dir='ltr'>super</span> <span class='ocrx_word' id='word_1_1204' title='bbox 2189 2018 2335 2049; x_wconf 78' lang='lat' dir='ltr'>Seditione</span> 
     </span>
     <span class='ocr_line' id='line_1_145' title="bbox 1271 2054 2338 2096; baseline 0.001 -9"><span class='ocrx_word' id='word_1_1205' title='bbox 1271 2056 1305 2087; x_wconf 93' lang='lat'>&amp;</span> <span class='ocrx_word' id='word_1_1206' title='bbox 1320 2055 1537 2094; x_wconf 83' lang='lat' dir='ltr'>Conspiratione</span> <span class='ocrx_word' id='word_1_1207' title='bbox 1552 2057 1729 2094; x_wconf 81' lang='lat' dir='ltr'>memoratis,</span> <span class='ocrx_word' id='word_1_1208' title='bbox 1748 2066 1864 2087; x_wconf 86' lang='lat' dir='ltr'>necnon</span> <span class='ocrx_word' id='word_1_1209' title='bbox 1877 2056 1913 2086; x_wconf 87' lang='lat' dir='ltr'>de</span> <span class='ocrx_word' id='word_1_1210' title='bbox 1926 2055 2061 2094; x_wconf 82' lang='lat' dir='ltr'>Assensu,</span> <span class='ocrx_word' id='word_1_1211' title='bbox 2080 2054 2277 2096; x_wconf 66' lang='lat' dir='ltr'>mitigatione,</span> <span class='ocrx_word' id='word_1_1212' title='bbox 2289 2058 2338 2089; x_wconf 83' lang='lat' dir='ltr'>seu</span> 
     </span>
     <span class='ocr_line' id='line_1_146' title="bbox 1272 2094 2337 2134; baseline 0.001 -9"><span class='ocrx_word' id='word_1_1213' title='bbox 1272 2094 1494 2134; x_wconf 77' lang='lat' dir='ltr'>procuratione,</span> <span class='ocrx_word' id='word_1_1214' title='bbox 1509 2095 1536 2126; x_wconf 90' lang='lat' dir='ltr'>su</span> <span class='ocrx_word' id='word_1_1215' title='bbox 1559 2105 1587 2125; x_wconf 91' lang='lat' dir='ltr'>er</span> <span class='ocrx_word' id='word_1_1216' title='bbox 1600 2096 1658 2125; x_wconf 88' lang='lat' dir='ltr'>hoc</span> <span class='ocrx_word' id='word_1_1217' title='bbox 1674 2095 1768 2134; x_wconf 68' lang='lat' dir='ltr'>fietis,</span> <span class='ocrx_word' id='word_1_1218' title='bbox 1789 2096 1823 2126; x_wconf 88' lang='lat'>&amp;</span> <span class='ocrx_word' id='word_1_1219' title='bbox 1837 2104 1887 2132; x_wconf 87' lang='lat' dir='ltr'>per</span> <span class='ocrx_word' id='word_1_1220' title='bbox 1909 2104 1996 2133; x_wconf 88' lang='lat' dir='ltr'>quos,</span> <span class='ocrx_word' id='word_1_1221' title='bbox 2014 2095 2047 2125; x_wconf 90' lang='lat'>&amp;</span> <span class='ocrx_word' id='word_1_1222' title='bbox 2071 2095 2204 2133; x_wconf 83' lang='lat' dir='ltr'>qualiter,</span> <span class='ocrx_word' id='word_1_1223' title='bbox 2221 2095 2261 2132; x_wconf 24' lang='lat'>&amp;⁸</span> <span class='ocrx_word' id='word_1_1224' title='bbox 2278 2105 2337 2134; x_wconf 86' lang='lat' dir='ltr'>quo</span> 
     </span>
     <span class='ocr_line' id='line_1_147' title="bbox 1272 2132 2338 2172; baseline 0.001 -8"><span class='ocrx_word' id='word_1_1225' title='bbox 1272 2133 1380 2172; x_wconf 79' lang='lat' dir='ltr'>modo,</span> <span class='ocrx_word' id='word_1_1226' title='bbox 1395 2133 1507 2172; x_wconf 84' lang='lat' dir='ltr'>audiri,</span> <span class='ocrx_word' id='word_1_1227' title='bbox 1555 2133 1802 2172; x_wconf 80' lang='lat' dir='ltr'>onfeffionemqu&#39;e</span> <span class='ocrx_word' id='word_1_1228' title='bbox 1821 2132 1979 2172; x_wconf 86' lang='lat' dir='ltr'>hujusmodi</span> <span class='ocrx_word' id='word_1_1229' title='bbox 2002 2133 2030 2162; x_wconf 91' lang='lat' dir='ltr'>in</span> <span class='ocrx_word' id='word_1_1230' title='bbox 2053 2132 2160 2171; x_wconf 86' lang='lat' dir='ltr'>scriptis</span> <span class='ocrx_word' id='word_1_1231' title='bbox 2180 2133 2231 2164; x_wconf 89' lang='lat' dir='ltr'>sub</span> <span class='ocrx_word' id='word_1_1232' title='bbox 2250 2139 2338 2165; x_wconf 88' lang='lat' dir='ltr'>manu</span> 
     </span>
     <span class='ocr_line' id='line_1_148' title="bbox 1273 2169 2338 2211; baseline 0 -8"><span class='ocrx_word' id='word_1_1233' title='bbox 1273 2173 1388 2211; x_wconf 64' lang='lat' dir='ltr'>publica</span> <span class='ocrx_word' id='word_1_1234' title='bbox 1408 2172 1520 2211; x_wconf 83' lang='lat' dir='ltr'>redigi,</span> <span class='ocrx_word' id='word_1_1235' title='bbox 1539 2173 1572 2204; x_wconf 67' lang='grc' dir='ltr'>ὃς</span> <span class='ocrx_word' id='word_1_1236' title='bbox 1594 2182 1657 2203; x_wconf 83' lang='lat' dir='ltr'>eam</span> <span class='ocrx_word' id='word_1_1237' title='bbox 1677 2172 1728 2202; x_wconf 89' lang='lat' dir='ltr'>sub</span> <span class='ocrx_word' id='word_1_1238' title='bbox 1749 2171 1850 2210; x_wconf 84' lang='lat' dir='ltr'>Sigillo</span> <span class='ocrx_word' id='word_1_1239' title='bbox 1870 2173 2022 2202; x_wconf 89' lang='lat' dir='ltr'>communi</span> <span class='ocrx_word' id='word_1_1240' title='bbox 2040 2169 2171 2202; x_wconf 86' lang='lat' dir='ltr'>Civitatis</span> <span class='ocrx_word' id='word_1_1241' title='bbox 2193 2172 2338 2210; x_wconf 62' lang='lat' dir='ltr'>praedidbae</span> 
     </span>
     <span class='ocr_line' id='line_1_149' title="bbox 1274 2209 2339 2250; baseline 0 -8"><span class='ocrx_word' id='word_1_1242' title='bbox 1274 2212 1391 2250; x_wconf 77' lang='lat' dir='ltr'>praefato</span> <span class='ocrx_word' id='word_1_1243' title='bbox 1406 2211 1547 2242; x_wconf 86' lang='lat' dir='ltr'>Servienti</span> <span class='ocrx_word' id='word_1_1244' title='bbox 1560 2211 1660 2242; x_wconf 89' lang='lat' dir='ltr'>nostro</span> <span class='ocrx_word' id='word_1_1245' title='bbox 1673 2211 1800 2249; x_wconf 87' lang='lat' dir='ltr'>liberari,</span> <span class='ocrx_word' id='word_1_1246' title='bbox 1818 2210 1852 2241; x_wconf 91' lang='lat' dir='ltr'>ad</span> <span class='ocrx_word' id='word_1_1247' title='bbox 1868 2220 1921 2240; x_wconf 90' lang='lat' dir='ltr'>nos</span> <span class='ocrx_word' id='word_1_1248' title='bbox 1936 2220 2006 2241; x_wconf 91' lang='lat' dir='ltr'>curn</span> <span class='ocrx_word' id='word_1_1249' title='bbox 2019 2209 2160 2242; x_wconf 85' lang='lat' dir='ltr'>celeritate</span> <span class='ocrx_word' id='word_1_1250' title='bbox 2179 2209 2237 2248; x_wconf 61' lang='lat' dir='ltr'>qu&amp;⁴</span> <span class='ocrx_word' id='word_1_1251' title='bbox 2256 2220 2339 2249; x_wconf 84' lang='lat' dir='ltr'>pote-</span> 
     </span>
     <span class='ocr_line' id='line_1_150' title="bbox 1275 2248 2340 2289; baseline 0.001 -9"><span class='ocrx_word' id='word_1_1252' title='bbox 1275 2251 1311 2280; x_wconf 91' lang='lat' dir='ltr'>rit</span> <span class='ocrx_word' id='word_1_1253' title='bbox 1331 2249 1512 2281; x_wconf 85' lang='lat' dir='ltr'>deferendam</span> <span class='ocrx_word' id='word_1_1254' title='bbox 1528 2262 1537 2289; x_wconf 78' lang='lat'>3</span> <span class='ocrx_word' id='word_1_1255' title='bbox 1555 2251 1640 2288; x_wconf 84' lang='lat' dir='ltr'>parati</span> <span class='ocrx_word' id='word_1_1256' title='bbox 1661 2251 1739 2280; x_wconf 88' lang='lat' dir='ltr'>enirn</span> <span class='ocrx_word' id='word_1_1257' title='bbox 1762 2250 1856 2280; x_wconf 88' lang='lat' dir='ltr'>sumus</span> <span class='ocrx_word' id='word_1_1258' title='bbox 1879 2250 1913 2280; x_wconf 89' lang='lat'>&amp;</span> <span class='ocrx_word' id='word_1_1259' title='bbox 1936 2250 2039 2279; x_wconf 89' lang='lat' dir='ltr'>erimus</span> <span class='ocrx_word' id='word_1_1260' title='bbox 2058 2248 2156 2281; x_wconf 85' lang='lat' dir='ltr'>vestris</span> <span class='ocrx_word' id='word_1_1261' title='bbox 2175 2259 2263 2288; x_wconf 67' lang='lat' dir='ltr'>penes</span> <span class='ocrx_word' id='word_1_1262' title='bbox 2284 2259 2340 2284; x_wconf 83' lang='lat' dir='ltr'>nos</span> 
     </span>
     <span class='ocr_line' id='line_1_151' title="bbox 1275 2287 2058 2327; baseline -0.001 -8"><span class='ocrx_word' id='word_1_1263' title='bbox 1275 2288 1428 2320; x_wconf 85' lang='lat' dir='ltr'>Desideriis</span> <span class='ocrx_word' id='word_1_1264' title='bbox 1442 2291 1471 2320; x_wconf 91' lang='lat' dir='ltr'>in</span> <span class='ocrx_word' id='word_1_1265' title='bbox 1482 2289 1593 2320; x_wconf 70' lang='lat' dir='ltr'>cunc‘tis</span> <span class='ocrx_word' id='word_1_1266' title='bbox 1608 2288 1856 2327; x_wconf 88' lang='lat' dir='ltr'>Oportunitatibus</span> <span class='ocrx_word' id='word_1_1267' title='bbox 1869 2287 2058 2326; x_wconf 88' lang='lat' dir='ltr'>complacere.</span> 
     </span>
    </p>
   </div>
   <div class='ocr_carea' id='block_1_35' title="bbox 1274 2363 2340 2434">
    <p class='ocr_par' dir='ltr' id='par_1_50' title="bbox 1274 2363 2340 2434">
     <span class='ocr_line' id='line_1_152' title="bbox 1274 2363 2340 2434; baseline 0.001 -39"><span class='ocrx_word' id='word_1_1268' title='bbox 1274 2364 1386 2434; x_wconf 44' lang='lat' dir='ltr'>Mffata</span> <span class='ocrx_word' id='word_1_1269' title='bbox 1406 2365 1480 2404; x_wconf 81' lang='lat' dir='ltr'>apud</span> <span class='ocrx_word' id='word_1_1270' title='bbox 1501 2365 1606 2397; x_wconf 89' lang='lat' dir='ltr'>Villam</span> <span class='ocrx_word' id='word_1_1271' title='bbox 1627 2365 1664 2396; x_wconf 89' lang='lat' dir='ltr'>de</span> <span class='ocrx_word' id='word_1_1272' title='bbox 1686 2364 1792 2396; x_wconf 62' lang='lat' dir='ltr'>Sancto</span> <span class='ocrx_word' id='word_1_1273' title='bbox 1812 2363 1968 2396; x_wconf 89' lang='lat' dir='ltr'>Edmundo</span> <span class='ocrx_word' id='word_1_1274' title='bbox 1981 2387 1992 2403; x_wconf 89' lang='lat'>‚</span> <span class='ocrx_word' id='word_1_1275' title='bbox 2009 2363 2147 2397; x_wconf 81' lang='lat' dir='ltr'>vicesimo</span> <span class='ocrx_word' id='word_1_1276' title='bbox 2166 2364 2274 2397; x_wconf 64' lang='grc' dir='ltr'>οῶινο</span> <span class='ocrx_word' id='word_1_1277' title='bbox 2292 2363 2340 2396; x_wconf 75' lang='lat' dir='ltr'>die</span> 
     </span>
     <span class='ocr_line' id='line_1_153' title="bbox 1330 2414 1356 2434; baseline 0.038 -1"><span class='ocrx_word' id='word_1_1278' title='bbox 1330 2414 1356 2434; x_wconf 90' lang='lat' dir='ltr'>u.</span> 
     </span>
    </p>
   </div>
   <div class='ocr_carea' id='block_1_36' title="bbox 1351 2522 2259 2574">
    <p class='ocr_par' dir='ltr' id='par_1_51' title="bbox 1351 2522 2259 2574">
     <span class='ocr_line' id='line_1_154' title="bbox 1351 2522 2259 2574; baseline -0.003 -13"><span class='ocrx_word' id='word_1_1279' title='bbox 1351 2526 1411 2561; x_wconf 82' lang='lat' dir='ltr'>Ad</span> <span class='ocrx_word' id='word_1_1280' title='bbox 1427 2526 1568 2562; x_wconf 83' lang='lat' dir='ltr'>Scabinos</span> <span class='ocrx_word' id='word_1_1281' title='bbox 1587 2527 1624 2561; x_wconf 79' lang='lat' dir='ltr'>dc</span> <span class='ocrx_word' id='word_1_1282' title='bbox 1642 2529 1741 2574; x_wconf 79' lang='lat' dir='ltr'>Burgo</span> <span class='ocrx_word' id='word_1_1283' title='bbox 1753 2527 1846 2573; x_wconf 83' lang='lat' dir='ltr'>fhper</span> <span class='ocrx_word' id='word_1_1284' title='bbox 1853 2524 1994 2572; x_wconf 62' lang='lat' dir='ltr'>praetafba</span> <span class='ocrx_word' id='word_1_1285' title='bbox 2012 2522 2259 2559; x_wconf 69' lang='lat' dir='ltr'>Examinatfone.</span> 
     </span>
    </p>
   </div>
   <div class='ocr_carea' id='block_1_37' title="bbox 1273 2606 2342 3081">
    <p class='ocr_par' dir='ltr' id='par_1_52' title="bbox 1278 2606 2342 2680">
     <span class='ocr_line' id='line_1_155' title="bbox 1278 2606 2342 2680; baseline -0.003 -36"><span class='ocrx_word' id='word_1_1286' title='bbox 1278 2611 1399 2680; x_wconf 48' lang='lat' dir='ltr'>REI}</span> <span class='ocrx_word' id='word_1_1287' title='bbox 1418 2612 1544 2652; x_wconf 89' lang='lat' dir='ltr'>Majori,</span> <span class='ocrx_word' id='word_1_1288' title='bbox 1561 2612 1706 2649; x_wconf 61' lang='lat' dir='ltr'>Sabinis,</span> <span class='ocrx_word' id='word_1_1289' title='bbox 1724 2608 1913 2647; x_wconf 85' lang='lat' dir='ltr'>Consulibus,</span> <span class='ocrx_word' id='word_1_1290' title='bbox 1929 2618 1963 2639; x_wconf 87' lang='lat' dir='ltr'>ac</span> <span class='ocrx_word' id='word_1_1291' title='bbox 1977 2606 2190 2639; x_wconf 85' lang='lat' dir='ltr'>Communitati</span> <span class='ocrx_word' id='word_1_1292' title='bbox 2209 2606 2342 2641; x_wconf 79' lang='lat' dir='ltr'>Civitatis</span> 
     </span>
    </p>

    <p class='ocr_par' dir='ltr' id='par_1_53' title="bbox 1273 2651 2342 3081">
     <span class='ocr_line' id='line_1_156' title="bbox 1312 2651 2340 2755; baseline -0.003 -36"><span class='ocrx_word' id='word_1_1293' title='bbox 1312 2651 1795 2727; x_wconf 38' lang='lat' dir='ltr'>Cuntilrffipeffihgnquorumdam</span> <span class='ocrx_word' id='word_1_1294' title='bbox 1814 2684 1971 2729; x_wconf 81' lang='lat' dir='ltr'>Fidelium,</span> <span class='ocrx_word' id='word_1_1295' title='bbox 1987 2683 2047 2729; x_wconf 64' lang='lat' dir='ltr'>&amp;a</span> <span class='ocrx_word' id='word_1_1296' title='bbox 2070 2692 2100 2715; x_wconf 84' lang='lat' dir='ltr'>ut</span> <span class='ocrx_word' id='word_1_1297' title='bbox 2107 2683 2194 2755; x_wconf 49' lang='lat' dir='ltr'>stega</span> <span class='ocrx_word' id='word_1_1298' title='bbox 2209 2685 2289 2727; x_wconf 61' lang='lat' dir='ltr'>usque</span> <span class='ocrx_word' id='word_1_1299' title='bbox 2301 2686 2340 2729; x_wconf 64' lang='lat' dir='ltr'>ibi</span> 
     </span>
     <span class='ocr_line' id='line_1_157' title="bbox 1274 2722 2342 2768; baseline 0 -12"><span class='ocrx_word' id='word_1_1300' title='bbox 1274 2727 1370 2758; x_wconf 84' lang='lat' dir='ltr'>exiens</span> <span class='ocrx_word' id='word_1_1301' title='bbox 1384 2726 1524 2764; x_wconf 89' lang='lat' dir='ltr'>Regnum</span> <span class='ocrx_word' id='word_1_1302' title='bbox 1538 2726 1685 2764; x_wconf 88' lang='lat' dir='ltr'>nostrum,</span> <span class='ocrx_word' id='word_1_1303' title='bbox 1701 2731 1765 2755; x_wconf 84' lang='lat' dir='ltr'>tunc</span> <span class='ocrx_word' id='word_1_1304' title='bbox 1772 2724 1812 2764; x_wconf 82' lang='lat' dir='ltr'>fic</span> <span class='ocrx_word' id='word_1_1305' title='bbox 1821 2747 1831 2762; x_wconf 91' lang='lat'>,</span> <span class='ocrx_word' id='word_1_1306' title='bbox 1843 2723 1917 2768; x_wconf 84' lang='lat' dir='ltr'>apud</span> <span class='ocrx_word' id='word_1_1307' title='bbox 1930 2722 2086 2768; x_wconf 76' lang='lat' dir='ltr'>Civitatem</span> <span class='ocrx_word' id='word_1_1308' title='bbox 2101 2734 2138 2755; x_wconf 93' lang='lat' dir='ltr'>ve</span> <span class='ocrx_word' id='word_1_1309' title='bbox 2177 2733 2225 2754; x_wconf 90' lang='lat' dir='ltr'>am</span> <span class='ocrx_word' id='word_1_1310' title='bbox 2238 2724 2342 2763; x_wconf 83' lang='lat' dir='ltr'>praedi-</span> 
     </span>
     <span class='ocr_line' id='line_1_158' title="bbox 1275 2761 2342 2810; baseline -0.002 -14"><span class='ocrx_word' id='word_1_1311' title='bbox 1275 2765 1352 2796; x_wconf 68' lang='lat' dir='ltr'>c‘tam</span> <span class='ocrx_word' id='word_1_1312' title='bbox 1375 2765 1517 2810; x_wconf 77' lang='lat' dir='ltr'>Arestarus</span> <span class='ocrx_word' id='word_1_1313' title='bbox 1532 2790 1542 2804; x_wconf 91' lang='lat'>‚</span> <span class='ocrx_word' id='word_1_1314' title='bbox 1565 2766 1599 2797; x_wconf 90' lang='lat'>&amp;</span> <span class='ocrx_word' id='word_1_1315' title='bbox 1617 2764 1762 2810; x_wconf 82' lang='lat' dir='ltr'>Carcerali</span> <span class='ocrx_word' id='word_1_1316' title='bbox 1783 2762 1932 2809; x_wconf 68' lang='lat' dir='ltr'>Custodife</span> <span class='ocrx_word' id='word_1_1317' title='bbox 1955 2769 2044 2793; x_wconf 84' lang='lat' dir='ltr'>extitit</span> <span class='ocrx_word' id='word_1_1318' title='bbox 2067 2761 2250 2801; x_wconf 82' lang='lat' dir='ltr'>Mancipatus</span> <span class='ocrx_word' id='word_1_1319' title='bbox 2261 2786 2272 2802; x_wconf 90' lang='lat'>‚</span> <span class='ocrx_word' id='word_1_1320' title='bbox 2289 2774 2342 2809; x_wconf 78' lang='lat' dir='ltr'>vos</span> 
     </span>
     <span class='ocr_line' id='line_1_159' title="bbox 1275 2799 2341 2880; baseline 0 -7"><span class='ocrx_word' id='word_1_1321' title='bbox 1275 2803 1928 2880; x_wconf 50' lang='grc' dir='ltr'>ἷοέἷνθὲὲωὲἒειῗζηῗῑὲἓῗνῖἓιᾞὲἷέἓῗῗιῗ</span> <span class='ocrx_word' id='word_1_1322' title='bbox 1961 2799 2341 2873; x_wconf 43' lang='grc' dir='ltr'>ἔῇῶωὲἓηῖςὲἓιῖἓᾚαῗᾶ</span> 
     </span>
     <span class='ocr_line' id='line_1_160' title="bbox 1275 2853 2339 2924; baseline -0.002 -12"><span class='ocrx_word' id='word_1_1323' title='bbox 1275 2853 1440 2920; x_wconf 56' lang='grc' dir='ltr'>δειῖεοηίατ,</span> <span class='ocrx_word' id='word_1_1324' title='bbox 1458 2881 1504 2912; x_wconf 90' lang='lat' dir='ltr'>vel</span> <span class='ocrx_word' id='word_1_1325' title='bbox 1524 2881 1543 2901; x_wconf 44' lang='grc' dir='ltr'>*Ε</span> <span class='ocrx_word' id='word_1_1326' title='bbox 1562 2880 1615 2911; x_wconf 88' lang='lat' dir='ltr'>illis</span> <span class='ocrx_word' id='word_1_1327' title='bbox 1631 2865 1711 2919; x_wconf 66' lang='lat' dir='ltr'>quod</span> <span class='ocrx_word' id='word_1_1328' title='bbox 1727 2879 1761 2910; x_wconf 92' lang='lat' dir='ltr'>ad</span> <span class='ocrx_word' id='word_1_1329' title='bbox 1776 2879 1834 2909; x_wconf 90' lang='lat' dir='ltr'>hoc</span> <span class='ocrx_word' id='word_1_1330' title='bbox 1849 2877 2012 2924; x_wconf 74' lang='lat' dir='ltr'>deputaret,</span> <span class='ocrx_word' id='word_1_1331' title='bbox 2029 2863 2136 2924; x_wconf 52' lang='lat' dir='ltr'>velletis</span> <span class='ocrx_word' id='word_1_1332' title='bbox 2146 2878 2339 2917; x_wconf 89' lang='lat' dir='ltr'>liberare,du-</span> 
     </span>
     <span class='ocr_line' id='line_1_161' title="bbox 1274 2916 2339 2987; baseline -0.005 -36"><span class='ocrx_word' id='word_1_1333' title='bbox 1274 2920 1400 2965; x_wconf 82' lang='lat' dir='ltr'>cendum</span> <span class='ocrx_word' id='word_1_1334' title='bbox 1413 2921 1447 2951; x_wconf 89' lang='lat' dir='ltr'>ad</span> <span class='ocrx_word' id='word_1_1335' title='bbox 1463 2920 1533 2951; x_wconf 90' lang='lat' dir='ltr'>Nos</span> <span class='ocrx_word' id='word_1_1336' title='bbox 1547 2927 1632 2958; x_wconf 91' lang='lat' dir='ltr'>prout</span> <span class='ocrx_word' id='word_1_1337' title='bbox 1647 2918 1742 2950; x_wconf 87' lang='lat' dir='ltr'>eidem</span> <span class='ocrx_word' id='word_1_1338' title='bbox 1758 2917 1916 2962; x_wconf 76' lang='lat' dir='ltr'>Senescallo</span> <span class='ocrx_word' id='word_1_1339' title='bbox 1930 2916 2063 2964; x_wconf 75' lang='lat' dir='ltr'>duximus</span> <span class='ocrx_word' id='word_1_1340' title='bbox 2075 2916 2284 2986; x_wconf 56' lang='grc' dir='ltr'><strong>111111οί5ῗὲιὲοῬ</strong></span> <span class='ocrx_word' id='word_1_1341' title='bbox 2304 2966 2339 2987; x_wconf 57' lang='lat' dir='ltr'>o-</span> 
     </span>
     <span class='ocr_line' id='line_1_162' title="bbox 1274 2958 2337 3038; baseline -0.003 -10"><span class='ocrx_word' id='word_1_1342' title='bbox 1274 2958 1360 3028; x_wconf 63' lang='lat' dir='ltr'>mJ&#39;n?</span> <span class='ocrx_word' id='word_1_1343' title='bbox 1361 2970 1372 3036; x_wconf 71' lang='grc' dir='ltr'>ξ</span> <span class='ocrx_word' id='word_1_1344' title='bbox 1385 2968 1422 3028; x_wconf 64' lang='grc' dir='ltr'>ἒῑῗ</span> <span class='ocrx_word' id='word_1_1345' title='bbox 1424 2959 1711 3036; x_wconf 52' lang='grc' dir='ltr'>ΥὲἱέὲῗιὲἒέῗἛᾱεὲῑ</span> <span class='ocrx_word' id='word_1_1346' title='bbox 1721 2965 1890 3026; x_wconf 47' lang='grc' dir='ltr'>ῑὲἓᾶῗὲῒὲξ</span> <span class='ocrx_word' id='word_1_1347' title='bbox 1897 2964 2057 3038; x_wconf 52' lang='grc' dir='ltr'><strong>’1111ῗῖ113</strong></span> <span class='ocrx_word' id='word_1_1348' title='bbox 2064 2964 2182 3031; x_wconf 52' lang='grc' dir='ltr'><strong>11Ρὲ12,Ξῖ</strong></span> <span class='ocrx_word' id='word_1_1349' title='bbox 2201 2992 2337 3038; x_wconf 64' lang='lat' dir='ltr'>Bernardi</span> 
     </span>
     <span class='ocr_line' id='line_1_163' title="bbox 1273 3031 2339 3081; baseline -0.004 -14"><span class='ocrx_word' id='word_1_1350' title='bbox 1273 3035 1423 3081; x_wconf 82' lang='lat' dir='ltr'>Pelegrym</span> <span class='ocrx_word' id='word_1_1351' title='bbox 1441 3038 1539 3075; x_wconf 84' lang='lat' dir='ltr'>(quern</span> <span class='ocrx_word' id='word_1_1352' title='bbox 1553 3035 1588 3066; x_wconf 91' lang='lat' dir='ltr'>ad</span> <span class='ocrx_word' id='word_1_1353' title='bbox 1602 3046 1656 3066; x_wconf 88' lang='lat' dir='ltr'>vos</span> <span class='ocrx_word' id='word_1_1354' title='bbox 1670 3044 1704 3065; x_wconf 88' lang='lat' dir='ltr'>ex</span> <span class='ocrx_word' id='word_1_1355' title='bbox 1719 3035 1771 3065; x_wconf 86' lang='lat' dir='ltr'>hac</span> <span class='ocrx_word' id='word_1_1356' title='bbox 1785 3033 1869 3065; x_wconf 70' lang='lat' dir='ltr'>causi‘i</span> <span class='ocrx_word' id='word_1_1357' title='bbox 1882 3031 2101 3068; x_wconf 76' lang='lat' dir='ltr'>transmittimus)</span> <span class='ocrx_word' id='word_1_1358' title='bbox 2116 3040 2275 3063; x_wconf 86' lang='lat' dir='ltr'>examinare</span> <span class='ocrx_word' id='word_1_1359' title='bbox 2286 3043 2339 3064; x_wconf 90' lang='lat' dir='ltr'>cu-</span> 
     </span>
    </p>
   </div>
   <div class='ocr_carea' id='block_1_38' title="bbox 1271 3069 2338 3144">
    <p class='ocr_par' dir='ltr' id='par_1_54' title="bbox 1271 3069 2338 3144">
     <span class='ocr_line' id='line_1_164' title="bbox 1271 3069 2338 3144; baseline -0.004 -38"><span class='ocrx_word' id='word_1_1360' title='bbox 1271 3084 1351 3144; x_wconf 52' lang='lat' dir='ltr'>ricus,</span> <span class='ocrx_word' id='word_1_1361' title='bbox 1370 3076 1404 3106; x_wconf 71' lang='grc' dir='ltr'>ὃς</span> <span class='ocrx_word' id='word_1_1362' title='bbox 1426 3074 1664 3113; x_wconf 83' lang='lat' dir='ltr'>Confeffionem,</span> <span class='ocrx_word' id='word_1_1363' title='bbox 1682 3071 1743 3109; x_wconf 41' lang='lat' dir='ltr'>&amp;a</span> <span class='ocrx_word' id='word_1_1364' title='bbox 1766 3080 1797 3103; x_wconf 87' lang='lat' dir='ltr'>ut</span> <span class='ocrx_word' id='word_1_1365' title='bbox 1813 3071 1899 3112; x_wconf 70' lang='lat' dir='ltr'>stapra</span> <span class='ocrx_word' id='word_1_1366' title='bbox 1921 3069 2001 3110; x_wconf 85' lang='lat' dir='ltr'>usque</span> <span class='ocrx_word' id='word_1_1367' title='bbox 2020 3069 2059 3099; x_wconf 83' lang='lat' dir='ltr'>ibi</span> <span class='ocrx_word' id='word_1_1368' title='bbox 2079 3071 2184 3108; x_wconf 87' lang='lat' dir='ltr'>poterit</span> <span class='ocrx_word' id='word_1_1369' title='bbox 2205 3070 2338 3116; x_wconf 81' lang='lat' dir='ltr'>deferen-</span> 
     </span>
     <span class='ocr_line' id='line_1_165' title="bbox 1291 3124 1348 3144; baseline 0 0"><span class='ocrx_word' id='word_1_1370' title='bbox 1291 3124 1348 3144; x_wconf 81' lang='lat' dir='ltr'>am.</span> 
     </span>
    </p>
   </div>
   <div class='ocr_carea' id='block_1_39' title="bbox 1307 3190 1549 3230">
    <p class='ocr_par' dir='ltr' id='par_1_55' title="bbox 1307 3190 1549 3230">
     <span class='ocr_line' id='line_1_166' title="bbox 1307 3190 1549 3230; baseline -0.004 -8"><span class='ocrx_word' id='word_1_1371' title='bbox 1307 3190 1400 3222; x_wconf 87' lang='lat' dir='ltr'>Teste</span> <span class='ocrx_word' id='word_1_1372' title='bbox 1414 3199 1446 3223; x_wconf 93' lang='lat' dir='ltr'>ut</span> <span class='ocrx_word' id='word_1_1373' title='bbox 1460 3191 1549 3230; x_wconf 80' lang='lat' dir='ltr'>supra.‘</span> 
     </span>
    </p>
   </div>
   <div class='ocr_carea' id='block_1_40' title="bbox 1421 3317 2192 3367">
    <p class='ocr_par' dir='ltr' id='par_1_56' title="bbox 1421 3317 2192 3367">
     <span class='ocr_line' id='line_1_167' title="bbox 1421 3317 2192 3367; baseline -0.004 -12"><span class='ocrx_word' id='word_1_1374' title='bbox 1421 3324 1470 3355; x_wconf 88' lang='lat' dir='ltr'>De</span> <span class='ocrx_word' id='word_1_1375' title='bbox 1482 3321 1606 3367; x_wconf 83' lang='lat' dir='ltr'>praefato</span> <span class='ocrx_word' id='word_1_1376' title='bbox 1621 3318 1740 3353; x_wconf 86' lang='lat' dir='ltr'>Thoma</span> <span class='ocrx_word' id='word_1_1377' title='bbox 1757 3322 1883 3366; x_wconf 81' lang='lat' dir='ltr'>Majori</span> <span class='ocrx_word' id='word_1_1378' title='bbox 1899 3322 2012 3352; x_wconf 81' lang='lat' dir='ltr'>Baionae</span> <span class='ocrx_word' id='word_1_1379' title='bbox 2028 3317 2192 3353; x_wconf 79' lang='lat' dir='ltr'>liberando.</span> 
     </span>
    </p>
   </div>
   <div class='ocr_carea' id='block_1_41' title="bbox 2338 1261 2437 1290">
    <p class='ocr_par' dir='ltr' id='par_1_57' title="bbox 2338 1261 2437 1290">
     <span class='ocr_line' id='line_1_168' title="bbox 2338 1261 2437 1290; baseline -0.02 -9"><span class='ocrx_word' id='word_1_1380' title='bbox 2338 1262 2374 1282; x_wconf 86' lang='lat' dir='ltr'>m.</span> <span class='ocrx_word' id='word_1_1381' title='bbox 2393 1261 2437 1290; x_wconf 78' lang='lat'>¹3·</span> 
     </span>
    </p>
   </div>
   <div class='ocr_carea' id='block_1_42' title="bbox 2357 2616 2484 2801">
    <p class='ocr_par' dir='ltr' id='par_1_58' title="bbox 2357 2616 2484 2801">
     <span class='ocr_line' id='line_1_169' title="bbox 2361 2616 2484 2648; baseline 0.008 -1"><span class='ocrx_word' id='word_1_1382' title='bbox 2361 2616 2484 2648; x_wconf 83' lang='lat' dir='ltr'>AnnD.</span> 
     </span>
     <span class='ocr_line' id='line_1_170' title="bbox 2390 2664 2477 2697; baseline 0.011 -12"><span class='ocrx_word' id='word_1_1383' title='bbox 2390 2664 2477 2697; x_wconf 81' lang='lat'>1331.</span> 
     </span>
     <span class='ocr_line' id='line_1_171' title="bbox 2358 2698 2459 2730; baseline 0.02 -8"><span class='ocrx_word' id='word_1_1384' title='bbox 2358 2698 2410 2723; x_wconf 85' lang='lat' dir='ltr'>An.</span> <span class='ocrx_word' id='word_1_1385' title='bbox 2430 2704 2459 2730; x_wconf 84' lang='lat'>5.</span> 
     </span>
     <span class='ocr_line' id='line_1_172' title="bbox 2359 2737 2438 2770; baseline 0.013 -10"><span class='ocrx_word' id='word_1_1386' title='bbox 2359 2737 2390 2761; x_wconf 85' lang='lat' dir='ltr'>E.</span> <span class='ocrx_word' id='word_1_1387' title='bbox 2411 2743 2424 2770; x_wconf 86' lang='lat'><em>3</em></span> <span class='ocrx_word' id='word_1_1388' title='bbox 2431 2755 2438 2761; x_wconf 88' lang='lat'><em>.</em></span> 
     </span>
     <span class='ocr_line' id='line_1_173' title="bbox 2357 2771 2424 2801; baseline 0.015 -1"><span class='ocrx_word' id='word_1_1389' title='bbox 2357 2771 2424 2801; x_wconf 74' lang='lat' dir='ltr'>ibid.</span> 
     </span>
    </p>
   </div>
   <div class='ocr_carea' id='block_1_43' title="bbox 2355 2887 2446 2963">
    <p class='ocr_par' dir='ltr' id='par_1_59' title="bbox 2355 2887 2446 2963">
     <span class='ocr_line' id='line_1_174' title="bbox 2358 2887 2446 2916; baseline 0 0"><span class='ocrx_word' id='word_1_1390' title='bbox 2358 2887 2374 2904; x_wconf 63' lang='lat'>⁸⁸</span> <span class='ocrx_word' id='word_1_1391' title='bbox 2391 2889 2446 2916; x_wconf 83' lang='lat' dir='ltr'>lv.</span> 
     </span>
     <span class='ocr_line' id='line_1_175' title="bbox 2355 2935 2422 2963; baseline -0.015 0"><span class='ocrx_word' id='word_1_1392' title='bbox 2355 2935 2422 2963; x_wconf 83' lang='lat'><strong>49¹·</strong></span> 
     </span>
    </p>
   </div>
   <div class='ocr_carea' id='block_1_44' title="bbox 1275 3401 2482 3463">
    <p class='ocr_par' dir='ltr' id='par_1_60' title="bbox 1275 3401 2482 3463">
     <span class='ocr_line' id='line_1_176' title="bbox 1275 3401 2482 3463; baseline -0.002 -25"><span class='ocrx_word' id='word_1_1393' title='bbox 1275 3407 1408 3463; x_wconf 78' lang='lat' dir='ltr'>REX,</span> <span class='ocrx_word' id='word_1_1394' title='bbox 1427 3405 1533 3437; x_wconf 91' lang='lat' dir='ltr'>Nobili</span> <span class='ocrx_word' id='word_1_1395' title='bbox 1548 3405 1638 3446; x_wconf 86' lang='lat' dir='ltr'>Viro,</span> <span class='ocrx_word' id='word_1_1396' title='bbox 1656 3405 1793 3437; x_wconf 90' lang='lat' dir='ltr'>Domino</span> <span class='ocrx_word' id='word_1_1397' title='bbox 1803 3405 1928 3450; x_wconf 84' lang='lat' dir='ltr'>Johanni</span> <span class='ocrx_word' id='word_1_1398' title='bbox 1941 3405 1978 3437; x_wconf 88' lang='lat' dir='ltr'>de</span> <span class='ocrx_word' id='word_1_1399' title='bbox 1991 3404 2141 3445; x_wconf 83' lang='lat' dir='ltr'>Leynham</span> <span class='ocrx_word' id='word_1_1400' title='bbox 2155 3401 2336 3440; x_wconf 85' lang='lat' dir='ltr'>Militi,Do-</span> <span class='ocrx_word' id='word_1_1401' title='bbox 2352 3402 2430 3436; x_wconf 92' lang='lat' dir='ltr'>Ann.</span> <span class='ocrx_word' id='word_1_1402' title='bbox 2440 3403 2482 3436; x_wconf 89' lang='lat' dir='ltr'>D.</span> 
     </span>
    </p>
   </div>
   <div class='ocr_carea' id='block_1_45' title="bbox 1275 3439 2334 3522">
    <p class='ocr_par' dir='ltr' id='par_1_61' title="bbox 1275 3439 2334 3522">
     <span class='ocr_line' id='line_1_177' title="bbox 1352 3439 2334 3484; baseline -0.005 -8"><span class='ocrx_word' id='word_1_1403' title='bbox 1352 3447 1424 3476; x_wconf 89' lang='lat' dir='ltr'>mini</span> <span class='ocrx_word' id='word_1_1404' title='bbox 1437 3444 1525 3484; x_wconf 84' lang='lat' dir='ltr'>Regis</span> <span class='ocrx_word' id='word_1_1405' title='bbox 1540 3443 1676 3483; x_wconf 86' lang='lat' dir='ltr'>Ispanniae</span> <span class='ocrx_word' id='word_1_1406' title='bbox 1689 3444 1873 3484; x_wconf 88' lang='lat' dir='ltr'>Camerario,</span> <span class='ocrx_word' id='word_1_1407' title='bbox 1889 3444 1998 3477; x_wconf 90' lang='lat' dir='ltr'>Amico</span> <span class='ocrx_word' id='word_1_1408' title='bbox 2012 3445 2063 3476; x_wconf 87' lang='lat' dir='ltr'>suo</span> <span class='ocrx_word' id='word_1_1409' title='bbox 2082 3442 2239 3478; x_wconf 80' lang='lat' dir='ltr'>cariffimo,</span> <span class='ocrx_word' id='word_1_1410' title='bbox 2254 3439 2334 3472; x_wconf 87' lang='lat' dir='ltr'>Salu-</span> 
     </span>
     <span class='ocr_line' id='line_1_178' title="bbox 1275 3483 1863 3522; baseline -0.003 -7"><span class='ocrx_word' id='word_1_1411' title='bbox 1275 3492 1334 3515; x_wconf 86' lang='lat' dir='ltr'>tem</span> <span class='ocrx_word' id='word_1_1412' title='bbox 1344 3509 1353 3522; x_wconf 79' lang='grc'><strong>,</strong></span> <span class='ocrx_word' id='word_1_1413' title='bbox 1372 3486 1405 3515; x_wconf 86' lang='lat'>&amp;</span> <span class='ocrx_word' id='word_1_1414' title='bbox 1418 3484 1532 3514; x_wconf 72' lang='lat' dir='ltr'>sincerae</span> <span class='ocrx_word' id='word_1_1415' title='bbox 1543 3483 1703 3514; x_wconf 71' lang='lat' dir='ltr'>dileetionis</span> <span class='ocrx_word' id='word_1_1416' title='bbox 1715 3483 1863 3514; x_wconf 63' lang='lat' dir='ltr'>affed‘mm.</span> 
     </span>
    </p>
   </div>
   <div class='ocr_carea' id='block_1_46' title="bbox 2374 3452 2460 3484">
    <p class='ocr_par' dir='ltr' id='par_1_62' title="bbox 2374 3452 2460 3484">
     <span class='ocr_line' id='line_1_179' title="bbox 2374 3452 2460 3484; baseline 0.023 -12"><span class='ocrx_word' id='word_1_1417' title='bbox 2374 3452 2460 3484; x_wconf 82' lang='lat'>1331.</span> 
     </span>
    </p>
   </div>
   <div class='ocr_carea' id='block_1_47' title="bbox 2349 3485 2447 3519">
    <p class='ocr_par' dir='ltr' id='par_1_63' title="bbox 2349 3485 2447 3519">
     <span class='ocr_line' id='line_1_180' title="bbox 2349 3485 2447 3519; baseline 0.031 -10"><span class='ocrx_word' id='word_1_1418' title='bbox 2349 3485 2402 3511; x_wconf 76' lang='lat' dir='ltr'>An.</span> <span class='ocrx_word' id='word_1_1419' title='bbox 2416 3493 2447 3519; x_wconf 90' lang='lat'>5.</span> 
     </span>
    </p>
   </div>
   <div class='ocr_carea' id='block_1_48' title="bbox 1314 3518 2475 3562">
    <p class='ocr_par' dir='ltr' id='par_1_64' title="bbox 1314 3518 2475 3562">
     <span class='ocr_line' id='line_1_181' title="bbox 1314 3518 2475 3562; baseline -0.002 -10"><span class='ocrx_word' id='word_1_1420' title='bbox 1314 3522 1369 3552; x_wconf 86' lang='lat' dir='ltr'>Per</span> <span class='ocrx_word' id='word_1_1421' title='bbox 1384 3523 1490 3553; x_wconf 88' lang='lat' dir='ltr'>Literas</span> <span class='ocrx_word' id='word_1_1422' title='bbox 1504 3522 1649 3553; x_wconf 86' lang='lat' dir='ltr'>Amicitiae</span> <span class='ocrx_word' id='word_1_1423' title='bbox 1663 3522 1764 3554; x_wconf 66' lang='lat' dir='ltr'>vestrae</span> <span class='ocrx_word' id='word_1_1424' title='bbox 1777 3523 1923 3562; x_wconf 85' lang='lat' dir='ltr'>gratuitas,</span> <span class='ocrx_word' id='word_1_1425' title='bbox 1941 3522 2024 3553; x_wconf 86' lang='lat' dir='ltr'>nobis</span> <span class='ocrx_word' id='word_1_1426' title='bbox 2045 3519 2178 3556; x_wconf 67' lang='lat' dir='ltr'>direestas,</span> <span class='ocrx_word' id='word_1_1427' title='bbox 2196 3518 2333 3557; x_wconf 85' lang='lat' dir='ltr'>concepi·</span> <span class='ocrx_word' id='word_1_1428' title='bbox 2352 3524 2427 3560; x_wconf 48' lang='lat'>3⁹3-</span> <span class='ocrx_word' id='word_1_1429' title='bbox 2472 3538 2475 3543; x_wconf 89' lang='lat'><em>·</em></span> 
     </span>
    </p>
   </div>
   <div class='ocr_carea' id='block_1_49' title="bbox 1276 3560 2056 3601">
    <p class='ocr_par' dir='ltr' id='par_1_65' title="bbox 1276 3560 2056 3601">
     <span class='ocr_line' id='line_1_182' title="bbox 1276 3560 2056 3601; baseline -0.003 -9"><span class='ocrx_word' id='word_1_1430' title='bbox 1276 3571 1338 3592; x_wconf 87' lang='lat' dir='ltr'>mus</span> <span class='ocrx_word' id='word_1_1431' title='bbox 1350 3562 1493 3592; x_wconf 87' lang='lat' dir='ltr'>evidenter</span> <span class='ocrx_word' id='word_1_1432' title='bbox 1508 3560 1586 3599; x_wconf 90' lang='lat' dir='ltr'>quod</span> <span class='ocrx_word' id='word_1_1433' title='bbox 1599 3561 1731 3592; x_wconf 82' lang='lat' dir='ltr'>Thomas</span> <span class='ocrx_word' id='word_1_1434' title='bbox 1744 3560 1780 3592; x_wconf 90' lang='lat' dir='ltr'>de</span> <span class='ocrx_word' id='word_1_1435' title='bbox 1795 3560 1936 3601; x_wconf 87' lang='lat' dir='ltr'>Gournay</span> <span class='ocrx_word' id='word_1_1436' title='bbox 1951 3560 2056 3597; x_wconf 83' lang='lat' dir='ltr'>Miles,</span> 
     </span>
    </p>
   </div>
   <div class='ocr_carea' id='block_1_50' title="bbox 2350 3558 2486 3597">
    <p class='ocr_par' dir='ltr' id='par_1_66' title="bbox 2350 3558 2486 3597">
     <span class='ocr_line' id='line_1_183' title="bbox 2350 3558 2486 3597; baseline 0 -11"><span class='ocrx_word' id='word_1_1437' title='bbox 2350 3558 2436 3597; x_wconf 84' lang='lat' dir='ltr'>Claus.</span> <span class='ocrx_word' id='word_1_1438' title='bbox 2454 3561 2486 3594; x_wconf 69' lang='lat'>5:</span> 
     </span>
    </p>
   </div>
   <div class='ocr_carea' id='block_1_51' title="bbox 1276 3594 2484 3678">
    <p class='ocr_par' dir='ltr' id='par_1_67' title="bbox 1276 3594 2484 3678">
     <span class='ocr_line' id='line_1_184' title="bbox 1314 3594 2484 3640; baseline -0.004 -10"><span class='ocrx_word' id='word_1_1439' title='bbox 1314 3599 1377 3638; x_wconf 88' lang='lat' dir='ltr'>Qii</span> <span class='ocrx_word' id='word_1_1440' title='bbox 1395 3601 1432 3630; x_wconf 85' lang='lat' dir='ltr'>de</span> <span class='ocrx_word' id='word_1_1441' title='bbox 1450 3599 1595 3630; x_wconf 89' lang='lat' dir='ltr'>Seditione</span> <span class='ocrx_word' id='word_1_1442' title='bbox 1614 3607 1713 3630; x_wconf 87' lang='lat' dir='ltr'>contra</span> <span class='ocrx_word' id='word_1_1443' title='bbox 1731 3599 1896 3637; x_wconf 83' lang='lat' dir='ltr'>personam,</span> <span class='ocrx_word' id='word_1_1444' title='bbox 1913 3598 2032 3632; x_wconf 84' lang='lat' dir='ltr'>celebris</span> <span class='ocrx_word' id='word_1_1445' title='bbox 2048 3595 2198 3640; x_wconf 78' lang='lat' dir='ltr'>memoriae</span> <span class='ocrx_word' id='word_1_1446' title='bbox 2209 3594 2334 3639; x_wconf 77' lang='lat' dir='ltr'>Domini</span> <span class='ocrx_word' id='word_1_1447' title='bbox 2352 3600 2449 3634; x_wconf 79' lang='lat' dir='ltr'>E.3.p.</span> <span class='ocrx_word' id='word_1_1448' title='bbox 2461 3605 2484 3625; x_wconf 87' lang='grc' dir='ltr'>ι,</span> 
     </span>
     <span class='ocr_line' id='line_1_185' title="bbox 1276 3632 2454 3678; baseline -0.004 -9"><span class='ocrx_word' id='word_1_1449' title='bbox 1276 3637 1311 3669; x_wconf 89' lang='grc' dir='ltr'>Ε.</span> <span class='ocrx_word' id='word_1_1450' title='bbox 1327 3649 1416 3676; x_wconf 91' lang='lat' dir='ltr'>nuper</span> <span class='ocrx_word' id='word_1_1451' title='bbox 1430 3638 1519 3677; x_wconf 86' lang='lat' dir='ltr'>Regis</span> <span class='ocrx_word' id='word_1_1452' title='bbox 1531 3637 1662 3676; x_wconf 83' lang='lat' dir='ltr'>Angliae,</span> <span class='ocrx_word' id='word_1_1453' title='bbox 1680 3637 1768 3669; x_wconf 89' lang='lat' dir='ltr'>Patris</span> <span class='ocrx_word' id='word_1_1454' title='bbox 1779 3637 1887 3677; x_wconf 89' lang='lat' dir='ltr'>nostri,</span> <span class='ocrx_word' id='word_1_1455' title='bbox 1900 3638 1934 3669; x_wconf 90' lang='lat'>&amp;</span> <span class='ocrx_word' id='word_1_1456' title='bbox 1949 3638 1980 3667; x_wconf 90' lang='lat' dir='ltr'>in</span> <span class='ocrx_word' id='word_1_1457' title='bbox 1990 3633 2077 3665; x_wconf 88' lang='lat' dir='ltr'>Cons</span> <span class='ocrx_word' id='word_1_1458' title='bbox 2078 3673 2083 3678; x_wconf 26' lang='grc' dir='ltr'>ι</span> <span class='ocrx_word' id='word_1_1459' title='bbox 2089 3641 2242 3664; x_wconf 86' lang='lat' dir='ltr'>irationem</span> <span class='ocrx_word' id='word_1_1460' title='bbox 2249 3632 2336 3665; x_wconf 93' lang='lat' dir='ltr'>Mor-</span> <span class='ocrx_word' id='word_1_1461' title='bbox 2355 3646 2391 3663; x_wconf 84' lang='lat' dir='ltr'>m.</span> <span class='ocrx_word' id='word_1_1462' title='bbox 2411 3645 2420 3663; x_wconf 89' lang='lat' dir='ltr'>i</span> <span class='ocrx_word' id='word_1_1463' title='bbox 2430 3645 2454 3664; x_wconf 83' lang='grc' dir='ltr'>ι.</span> 
     </span>
    </p>
   </div>
   <div class='ocr_carea' id='block_1_52' title="bbox 1278 3673 2345 4087">
    <p class='ocr_par' dir='ltr' id='par_1_68' title="bbox 1278 3673 2345 4087">
     <span class='ocr_line' id='line_1_186' title="bbox 1278 3673 2039 3745; baseline -0.003 -39"><span class='ocrx_word' id='word_1_1464' title='bbox 1278 3686 1339 3745; x_wconf 52' lang='lat'>{1⁶¹3</span> <span class='ocrx_word' id='word_1_1465' title='bbox 1342 3677 1474 3745; x_wconf 41' lang='lat' dir='ltr'>‘ejtussem</span> <span class='ocrx_word' id='word_1_1466' title='bbox 1485 3673 1663 3744; x_wconf 46' lang='grc' dir='ltr'>ἀίὧωῇωξ,</span> <span class='ocrx_word' id='word_1_1467' title='bbox 1681 3676 1714 3706; x_wconf 70' lang='lat' dir='ltr'>ea</span> <span class='ocrx_word' id='word_1_1468' title='bbox 1727 3677 1878 3721; x_wconf 73' lang='lat' dir='ltr'>occasione</span> <span class='ocrx_word' id='word_1_1469' title='bbox 1892 3674 2039 3714; x_wconf 73' lang='lat' dir='ltr'>‚Iudicium</span> 
     </span>
     <span class='ocr_line' id='line_1_187' title="bbox 1298 3724 1758 3746; baseline 0.002 -2"><span class='ocrx_word' id='word_1_1470' title='bbox 1298 3725 1313 3744; x_wconf 90' lang='lat' dir='ltr'>e</span> <span class='ocrx_word' id='word_1_1471' title='bbox 1341 3725 1387 3746; x_wconf 85' lang='lat' dir='ltr'>ine</span> <span class='ocrx_word' id='word_1_1472' title='bbox 1433 3726 1449 3746; x_wconf 88' lang='lat' dir='ltr'>e</span> <span class='ocrx_word' id='word_1_1473' title='bbox 1488 3725 1538 3745; x_wconf 91' lang='lat' dir='ltr'>um</span> <span class='ocrx_word' id='word_1_1474' title='bbox 1550 3724 1590 3745; x_wconf 92' lang='lat' dir='ltr'>rio</span> <span class='ocrx_word' id='word_1_1475' title='bbox 1616 3725 1679 3745; x_wconf 88' lang='lat' dir='ltr'>rum</span> <span class='ocrx_word' id='word_1_1476' title='bbox 1695 3724 1758 3746; x_wconf 81' lang='lat' dir='ltr'>exiit</span> 
     </span>
     <span class='ocr_line' id='line_1_188' title="bbox 1316 3724 2264 3794; baseline -0.002 -11"><span class='ocrx_word' id='word_1_1477' title='bbox 1316 3753 1372 3783; x_wconf 90' lang='lat' dir='ltr'>Per</span> <span class='ocrx_word' id='word_1_1478' title='bbox 1387 3764 1442 3785; x_wconf 88' lang='lat' dir='ltr'>vos</span> <span class='ocrx_word' id='word_1_1479' title='bbox 1449 3724 1524 3784; x_wconf 53' lang='lat' dir='ltr'>iggfta</span> <span class='ocrx_word' id='word_1_1480' title='bbox 1538 3752 1570 3783; x_wconf 93' lang='lat' dir='ltr'>R</span> <span class='ocrx_word' id='word_1_1481' title='bbox 1764 3739 1774 3754; x_wconf 69' lang='lat'>³</span> <span class='ocrx_word' id='word_1_1482' title='bbox 2108 3786 2114 3792; x_wconf 46' lang='grc'><strong>,</strong></span> <span class='ocrx_word' id='word_1_1483' title='bbox 2258 3788 2264 3794; x_wconf 75' lang='lat'><em>.</em></span> 
     </span>
     <span class='ocr_line' id='line_1_189' title="bbox 1282 3786 2342 3837; baseline -0.004 -15"><span class='ocrx_word' id='word_1_1484' title='bbox 1282 3789 1372 3822; x_wconf 72' lang='lat' dir='ltr'>stodici</span> <span class='ocrx_word' id='word_1_1485' title='bbox 1393 3791 1521 3823; x_wconf 88' lang='lat' dir='ltr'>detentus</span> <span class='ocrx_word' id='word_1_1486' title='bbox 1540 3793 1584 3823; x_wconf 86' lang='lat' dir='ltr'>exi</span> <span class='ocrx_word' id='word_1_1487' title='bbox 1613 3793 1652 3830; x_wconf 88' lang='lat' dir='ltr'>&#39;t,</span> <span class='ocrx_word' id='word_1_1488' title='bbox 1668 3791 1705 3823; x_wconf 94' lang='lat' dir='ltr'>de</span> <span class='ocrx_word' id='word_1_1489' title='bbox 1727 3803 1787 3829; x_wconf 90' lang='lat' dir='ltr'>quo</span> <span class='ocrx_word' id='word_1_1490' title='bbox 1808 3791 1890 3822; x_wconf 87' lang='lat' dir='ltr'>vobis</span> <span class='ocrx_word' id='word_1_1491' title='bbox 1911 3787 2015 3818; x_wconf 89' lang='lat' dir='ltr'>Grates</span> <span class='ocrx_word' id='word_1_1492' title='bbox 2033 3786 2182 3833; x_wconf 64' lang='lat' dir='ltr'>referimus</span> <span class='ocrx_word' id='word_1_1493' title='bbox 2192 3787 2342 3837; x_wconf 46' lang='lat' dir='ltr'>speciales,</span> 
     </span>
     <span class='ocr_line' id='line_1_190' title="bbox 1282 3823 2340 3871; baseline -0.003 -12"><span class='ocrx_word' id='word_1_1494' title='bbox 1282 3838 1412 3866; x_wconf 86' lang='lat' dir='ltr'>rogantes</span> <span class='ocrx_word' id='word_1_1495' title='bbox 1433 3830 1563 3868; x_wconf 79' lang='lat' dir='ltr'>quatinus</span> <span class='ocrx_word' id='word_1_1496' title='bbox 1585 3829 1695 3861; x_wconf 59' lang='lat' dir='ltr'>didium</span> <span class='ocrx_word' id='word_1_1497' title='bbox 1717 3830 1865 3861; x_wconf 88' lang='lat' dir='ltr'>Thomam</span> <span class='ocrx_word' id='word_1_1498' title='bbox 1886 3826 1936 3871; x_wconf 79' lang='lat' dir='ltr'>sub</span> <span class='ocrx_word' id='word_1_1499' title='bbox 1957 3823 2029 3869; x_wconf 62' lang='lat' dir='ltr'>salvii</span> <span class='ocrx_word' id='word_1_1500' title='bbox 2042 3825 2076 3855; x_wconf 92' lang='lat'>&amp;</span> <span class='ocrx_word' id='word_1_1501' title='bbox 2088 3824 2185 3869; x_wconf 77' lang='lat' dir='ltr'>secura</span> <span class='ocrx_word' id='word_1_1502' title='bbox 2198 3825 2340 3871; x_wconf 76' lang='lat' dir='ltr'>Custodia</span> 
     </span>
     <span class='ocr_line' id='line_1_191' title="bbox 1283 3862 2341 3910; baseline -0.002 -13"><span class='ocrx_word' id='word_1_1503' title='bbox 1283 3868 1368 3906; x_wconf 86' lang='lat' dir='ltr'>usque</span> <span class='ocrx_word' id='word_1_1504' title='bbox 1381 3867 1536 3899; x_wconf 88' lang='lat' dir='ltr'>Civitatem</span> <span class='ocrx_word' id='word_1_1505' title='bbox 1549 3868 1676 3899; x_wconf 88' lang='lat' dir='ltr'>nostram</span> <span class='ocrx_word' id='word_1_1506' title='bbox 1691 3866 1900 3910; x_wconf 26' lang='lat' dir='ltr'>Baioni&#39;aeuduci</span> <span class='ocrx_word' id='word_1_1507' title='bbox 1916 3872 2070 3906; x_wconf 85' lang='lat' dir='ltr'>praecipere</span> <span class='ocrx_word' id='word_1_1508' title='bbox 2092 3862 2197 3907; x_wconf 77' lang='lat' dir='ltr'>¹velitis,</span> <span class='ocrx_word' id='word_1_1509' title='bbox 2216 3863 2341 3909; x_wconf 74' lang='lat' dir='ltr'>Majori,</span> 
     </span>
     <span class='ocr_line' id='line_1_192' title="bbox 1279 3900 2342 3944; baseline -0.001 -9"><span class='ocrx_word' id='word_1_1510' title='bbox 1279 3904 1394 3944; x_wconf 77' lang='lat' dir='ltr'>Juratis,</span> <span class='ocrx_word' id='word_1_1511' title='bbox 1412 3908 1445 3938; x_wconf 69' lang='grc' dir='ltr'>δε</span> <span class='ocrx_word' id='word_1_1512' title='bbox 1460 3907 1560 3937; x_wconf 88' lang='lat' dir='ltr'>Probis</span> <span class='ocrx_word' id='word_1_1513' title='bbox 1574 3907 1769 3944; x_wconf 86' lang='lat' dir='ltr'>Hominibus,</span> <span class='ocrx_word' id='word_1_1514' title='bbox 1786 3903 1915 3935; x_wconf 83' lang='lat' dir='ltr'>Civitatis</span> <span class='ocrx_word' id='word_1_1515' title='bbox 1925 3900 2070 3939; x_wconf 69' lang='lat' dir='ltr'>praedidae</span> <span class='ocrx_word' id='word_1_1516' title='bbox 2089 3900 2197 3932; x_wconf 82' lang='lat' dir='ltr'>ibidem</span> <span class='ocrx_word' id='word_1_1517' title='bbox 2220 3902 2342 3934; x_wconf 88' lang='lat' dir='ltr'>liberan-</span> 
     </span>
     <span class='ocr_line' id='line_1_193' title="bbox 1282 3938 2341 3985; baseline -0.001 -12"><span class='ocrx_word' id='word_1_1518' title='bbox 1282 3943 1372 3983; x_wconf 87' lang='lat' dir='ltr'>dum,</span> <span class='ocrx_word' id='word_1_1519' title='bbox 1390 3946 1491 3982; x_wconf 88' lang='lat' dir='ltr'>quibus</span> <span class='ocrx_word' id='word_1_1520' title='bbox 1510 3945 1739 3975; x_wconf 82' lang='lat' dir='ltr'>mandaverimus</span> <span class='ocrx_word' id='word_1_1521' title='bbox 1779 3942 1840 3972; x_wconf 77' lang='lat' dir='ltr'>uod</span> <span class='ocrx_word' id='word_1_1522' title='bbox 1859 3941 1948 3979; x_wconf 86' lang='lat' dir='ltr'>ipsum</span> <span class='ocrx_word' id='word_1_1523' title='bbox 1968 3938 2118 3968; x_wconf 88' lang='lat' dir='ltr'>Thomam</span> <span class='ocrx_word' id='word_1_1524' title='bbox 2140 3950 2156 3970; x_wconf 87' lang='lat' dir='ltr'>a</span> <span class='ocrx_word' id='word_1_1525' title='bbox 2170 3941 2254 3985; x_wconf 72' lang='lat' dir='ltr'>vobis</span> <span class='ocrx_word' id='word_1_1526' title='bbox 2268 3942 2341 3972; x_wconf 88' lang='lat' dir='ltr'>reci-</span> 
     </span>
     <span class='ocr_line' id='line_1_194' title="bbox 1304 3953 2343 4024; baseline -0.002 -12"><span class='ocrx_word' id='word_1_1527' title='bbox 1304 3983 1374 4020; x_wconf 88' lang='lat' dir='ltr'>iant,</span> <span class='ocrx_word' id='word_1_1528' title='bbox 1392 3983 1505 4014; x_wconf 89' lang='lat' dir='ltr'>ulterius</span> <span class='ocrx_word' id='word_1_1529' title='bbox 1518 3983 1552 4013; x_wconf 92' lang='lat' dir='ltr'>ad</span> <span class='ocrx_word' id='word_1_1530' title='bbox 1566 3993 1635 4020; x_wconf 88' lang='lat' dir='ltr'>nos,</span> <span class='ocrx_word' id='word_1_1531' title='bbox 1653 3990 1738 4019; x_wconf 90' lang='lat' dir='ltr'>prout</span> <span class='ocrx_word' id='word_1_1532' title='bbox 1753 3953 1870 4010; x_wconf 50' lang='lat' dir='ltr'>dlilecZims</span> <span class='ocrx_word' id='word_1_1533' title='bbox 1885 3976 2030 4024; x_wconf 61' lang='lat' dir='ltr'>Vadlettus</span> <span class='ocrx_word' id='word_1_1534' title='bbox 2051 3976 2146 4008; x_wconf 89' lang='lat' dir='ltr'>noster</span> <span class='ocrx_word' id='word_1_1535' title='bbox 2165 3977 2285 4017; x_wconf 87' lang='lat' dir='ltr'>Egidius</span> <span class='ocrx_word' id='word_1_1536' title='bbox 2304 3979 2343 4011; x_wconf 85' lang='lat' dir='ltr'>de</span> 
     </span>
     <span class='ocr_line' id='line_1_195' title="bbox 1308 4014 2345 4087; baseline -0.006 -35"><span class='ocrx_word' id='word_1_1537' title='bbox 1308 4021 1429 4060; x_wconf 68' lang='lat' dir='ltr'>pannis,</span> <span class='ocrx_word' id='word_1_1538' title='bbox 1444 4022 1482 4052; x_wconf 84' lang='lat' dir='ltr'>eis</span> <span class='ocrx_word' id='word_1_1539' title='bbox 1495 4021 1604 4058; x_wconf 78' lang='lat' dir='ltr'>plenius</span> <span class='ocrx_word' id='word_1_1540' title='bbox 1616 4027 1755 4058; x_wconf 81' lang='lat' dir='ltr'>exponet,</span> <span class='ocrx_word' id='word_1_1541' title='bbox 1769 4024 1804 4048; x_wconf 82' lang='lat' dir='ltr'>ex</span> <span class='ocrx_word' id='word_1_1542' title='bbox 1815 4024 1892 4055; x_wconf 80' lang='lat' dir='ltr'>parte</span> <span class='ocrx_word' id='word_1_1543' title='bbox 1905 4014 2001 4047; x_wconf 85' lang='lat' dir='ltr'>nostra</span> <span class='ocrx_word' id='word_1_1544' title='bbox 2013 4014 2222 4049; x_wconf 82' lang='lat' dir='ltr'>deducendum.</span> <span class='ocrx_word' id='word_1_1545' title='bbox 2269 4052 2345 4087; x_wconf 63' lang='lat' dir='ltr'>Dm</span> 
     </span>
    </p>
   </div>
   <div class='ocr_carea' id='block_1_53' title="bbox 2153 3672 2406 3711">
    <p class='ocr_par' dir='ltr' id='par_1_69' title="bbox 2153 3672 2406 3711">
     <span class='ocr_line' id='line_1_196' title="bbox 2153 3672 2406 3711; baseline 0 -9"><span class='ocrx_word' id='word_1_1546' title='bbox 2153 3672 2210 3702; x_wconf 83' lang='lat' dir='ltr'>&#39;ens</span> <span class='ocrx_word' id='word_1_1547' title='bbox 2223 3694 2234 3711; x_wconf 90' lang='lat'>‚</span> <span class='ocrx_word' id='word_1_1548' title='bbox 2259 3672 2336 3704; x_wconf 85' lang='lat' dir='ltr'>clati·</span> <span class='ocrx_word' id='word_1_1549' title='bbox 2353 3674 2406 3703; x_wconf 81' lang='lat' dir='ltr'>dor.</span> 
     </span>
    </p>
   </div>
   <div class='ocr_carea' id='block_1_54' title="bbox 1626 3739 2377 3792">
    <p class='ocr_par' dir='ltr' id='par_1_70' title="bbox 1626 3739 2377 3792">
     <span class='ocr_line' id='line_1_197' title="bbox 1626 3739 2377 3792; baseline -0.007 -8"><span class='ocrx_word' id='word_1_1550' title='bbox 1626 3763 1677 3784; x_wconf 91' lang='lat' dir='ltr'>um</span> <span class='ocrx_word' id='word_1_1551' title='bbox 1693 3753 1832 3792; x_wconf 82' lang='lat' dir='ltr'>Ispanniae</span> <span class='ocrx_word' id='word_1_1552' title='bbox 1845 3749 2004 3788; x_wconf 87' lang='lat' dir='ltr'>Arestatus,</span> <span class='ocrx_word' id='word_1_1553' title='bbox 2017 3749 2052 3781; x_wconf 82' lang='lat'>&amp;</span> <span class='ocrx_word' id='word_1_1554' title='bbox 2063 3748 2114 3781; x_wconf 86' lang='lat' dir='ltr'>sub</span> <span class='ocrx_word' id='word_1_1555' title='bbox 2127 3746 2270 3779; x_wconf 83' lang='lat' dir='ltr'>Carcerali</span> <span class='ocrx_word' id='word_1_1556' title='bbox 2275 3748 2338 3781; x_wconf 85' lang='lat' dir='ltr'>Cu·</span> <span class='ocrx_word' id='word_1_1557' title='bbox 2373 3739 2377 3742; x_wconf 37' lang='lat'><strong>⁴</strong></span> 
     </span>
    </p>
   </div>
  </div>
 </body>
</html>
