<?xml version="1.0" encoding="UTF-8"?>
<!DOCTYPE html PUBLIC "-//W3C//DTD XHTML 1.0 Transitional//EN"
    "http://www.w3.org/TR/xhtml1/DTD/xhtml1-transitional.dtd">
<html xmlns="http://www.w3.org/1999/xhtml" xml:lang="en" lang="en">
 <head>
  <title>
</title>
<meta http-equiv="Content-Type" content="text/html;charset=utf-8" />
  <meta name='ocr-system' content='tesseract 3.04.00' />
  <meta name='ocr-capabilities' content='ocr_page ocr_carea ocr_par ocr_line ocrx_word'/>
</head>
<body>
  <div class='ocr_page' id='page_1' title='image "./fderaconventione02ryme/fderaconventione02ryme_0833.png"; bbox 0 0 2562 4279; ppageno 0'>
   <div class='ocr_carea' id='block_1_1' title="bbox 91 273 225 309">
    <p class='ocr_par' dir='ltr' id='par_1_1' title="bbox 91 273 225 309">
     <span class='ocr_line' id='line_1_1' title="bbox 91 273 225 309; baseline -0.022 0"><span class='ocrx_word' id='word_1_1' title='bbox 91 277 170 309; x_wconf 75' lang='lat' dir='ltr'>Ann.</span> <span class='ocrx_word' id='word_1_2' title='bbox 183 273 225 306; x_wconf 84' lang='lat' dir='ltr'>D.</span> 
     </span>
    </p>
   </div>
   <div class='ocr_carea' id='block_1_2' title="bbox 90 322 207 392">
    <p class='ocr_par' dir='ltr' id='par_1_2' title="bbox 90 322 207 392">
     <span class='ocr_line' id='line_1_2' title="bbox 90 322 207 392; baseline -0.017 -8"><span class='ocrx_word' id='word_1_3' title='bbox 90 322 207 392; x_wconf 49' lang='lat'>2253:</span> 
     </span>
    </p>
   </div>
   <div class='ocr_carea' id='block_1_3' title="bbox 97 1197 225 1235">
    <p class='ocr_par' dir='ltr' id='par_1_3' title="bbox 97 1197 225 1235">
     <span class='ocr_line' id='line_1_3' title="bbox 97 1197 225 1235; baseline -0.023 -7"><span class='ocrx_word' id='word_1_4' title='bbox 97 1201 113 1217; x_wconf 70' lang='lat'>&#39;⁸</span> <span class='ocrx_word' id='word_1_5' title='bbox 123 1197 225 1235; x_wconf 82' lang='lat' dir='ltr'>v.468.</span> 
     </span>
    </p>
   </div>
   <div class='ocr_carea' id='block_1_4' title="bbox 828 189 1273 234">
    <p class='ocr_par' dir='ltr' id='par_1_4' title="bbox 828 189 1273 234">
     <span class='ocr_line' id='line_1_4' title="bbox 828 189 1273 234; baseline 0.009 -4"><span class='ocrx_word' id='word_1_6' title='bbox 828 189 939 231; x_wconf 93' lang='lat' dir='ltr'>ET</span> <span class='ocrx_word' id='word_1_7' title='bbox 1019 192 1273 234; x_wconf 89' lang='lat' dir='ltr'><strong>ACTA</strong></span> 
     </span>
    </p>
   </div>
   <div class='ocr_carea' id='block_1_5' title="bbox 243 273 1322 4080">
    <p class='ocr_par' dir='ltr' id='par_1_5' title="bbox 244 273 1294 320">
     <span class='ocr_line' id='line_1_5' title="bbox 244 273 1294 320; baseline 0.005 -13"><span class='ocrx_word' id='word_1_8' title='bbox 244 276 341 310; x_wconf 84' lang='lat' dir='ltr'>buerat</span> <span class='ocrx_word' id='word_1_9' title='bbox 353 274 549 320; x_wconf 71' lang='lat' dir='ltr'>autJuvamen</span> <span class='ocrx_word' id='word_1_10' title='bbox 582 276 617 309; x_wconf 91' lang='lat'>&amp;</span> <span class='ocrx_word' id='word_1_11' title='bbox 630 274 689 308; x_wconf 89' lang='lat' dir='ltr'>hoc</span> <span class='ocrx_word' id='word_1_12' title='bbox 704 274 802 316; x_wconf 83' lang='lat' dir='ltr'>idem,</span> <span class='ocrx_word' id='word_1_13' title='bbox 817 274 948 315; x_wconf 67' lang='lat' dir='ltr'>Dileetus</span> <span class='ocrx_word' id='word_1_14' title='bbox 969 273 1070 317; x_wconf 78' lang='lat' dir='ltr'>Filius,</span> <span class='ocrx_word' id='word_1_15' title='bbox 1086 277 1204 310; x_wconf 87' lang='lat' dir='ltr'>Nobilis</span> <span class='ocrx_word' id='word_1_16' title='bbox 1224 279 1294 317; x_wconf 85' lang='lat' dir='ltr'>Vir,</span> 
     </span>
    </p>

    <p class='ocr_par' dir='ltr' id='par_1_6' title="bbox 247 310 1295 356">
     <span class='ocr_line' id='line_1_6' title="bbox 247 310 1295 356; baseline 0.004 -13"><span class='ocrx_word' id='word_1_17' title='bbox 247 310 384 351; x_wconf 69' lang='lat' dir='ltr'>Iohannes</span> <span class='ocrx_word' id='word_1_18' title='bbox 403 314 524 353; x_wconf 76' lang='lat' dir='ltr'>ejusdem</span> <span class='ocrx_word' id='word_1_19' title='bbox 577 316 637 354; x_wconf 87' lang='lat' dir='ltr'>egis</span> <span class='ocrx_word' id='word_1_20' title='bbox 656 313 868 354; x_wconf 87' lang='lat' dir='ltr'>Primogenitus</span> <span class='ocrx_word' id='word_1_21' title='bbox 882 340 892 356; x_wconf 92' lang='lat'>,</span> <span class='ocrx_word' id='word_1_22' title='bbox 909 316 979 347; x_wconf 86' lang='lat' dir='ltr'>Dux</span> <span class='ocrx_word' id='word_1_23' title='bbox 998 316 1191 347; x_wconf 84' lang='lat' dir='ltr'>Normanniae</span> <span class='ocrx_word' id='word_1_24' title='bbox 1204 341 1213 354; x_wconf 86' lang='lat'><strong>‚</strong></span> <span class='ocrx_word' id='word_1_25' title='bbox 1231 327 1295 348; x_wconf 83' lang='lat' dir='ltr'>ver-</span> 
     </span>
    </p>

    <p class='ocr_par' dir='ltr' id='par_1_7' title="bbox 243 353 1295 423">
     <span class='ocr_line' id='line_1_7' title="bbox 243 353 1295 423; baseline 0.004 -40"><span class='ocrx_word' id='word_1_26' title='bbox 243 354 364 423; x_wconf 52' lang='grc' dir='ltr'>Ξφῑεηυε</span> <span class='ocrx_word' id='word_1_27' title='bbox 383 353 542 391; x_wconf 80' lang='lat' dir='ltr'>constanter</span> <span class='ocrx_word' id='word_1_28' title='bbox 561 355 596 387; x_wconf 89' lang='lat'>&amp;</span> <span class='ocrx_word' id='word_1_29' title='bbox 611 356 770 394; x_wconf 84' lang='lat' dir='ltr'>frequenter</span> <span class='ocrx_word' id='word_1_30' title='bbox 783 355 895 388; x_wconf 83' lang='lat' dir='ltr'>afferuit</span> <span class='ocrx_word' id='word_1_31' title='bbox 915 356 944 386; x_wconf 85' lang='lat' dir='ltr'>in</span> <span class='ocrx_word' id='word_1_32' title='bbox 957 355 1053 386; x_wconf 67' lang='lat' dir='ltr'>nostra</span> <span class='ocrx_word' id='word_1_33' title='bbox 1065 355 1209 394; x_wconf 70' lang='lat' dir='ltr'>praesentia</span> <span class='ocrx_word' id='word_1_34' title='bbox 1223 366 1295 387; x_wconf 92' lang='lat' dir='ltr'>con-</span> 
     </span>
     <span class='ocr_line' id='line_1_8' title="bbox 270 400 361 423; baseline 0 0"><span class='ocrx_word' id='word_1_35' title='bbox 270 400 361 423; x_wconf 91' lang='lat' dir='ltr'>itutus.</span> 
     </span>
    </p>

    <p class='ocr_par' dir='ltr' id='par_1_8' title="bbox 245 430 1297 778">
     <span class='ocr_line' id='line_1_9' title="bbox 284 430 1296 472; baseline 0.001 -10"><span class='ocrx_word' id='word_1_36' title='bbox 284 430 367 463; x_wconf 81' lang='lat' dir='ltr'>Ci&#39;im</span> <span class='ocrx_word' id='word_1_37' title='bbox 388 441 423 462; x_wconf 83' lang='lat' dir='ltr'>ue</span> <span class='ocrx_word' id='word_1_38' title='bbox 438 431 507 462; x_wconf 87' lang='lat' dir='ltr'>Nos</span> <span class='ocrx_word' id='word_1_39' title='bbox 520 432 604 464; x_wconf 82' lang='lat' dir='ltr'>etiam</span> <span class='ocrx_word' id='word_1_40' title='bbox 618 431 710 464; x_wconf 86' lang='lat' dir='ltr'>eidem</span> <span class='ocrx_word' id='word_1_41' title='bbox 731 431 855 470; x_wconf 81' lang='lat' dir='ltr'>Carolo,</span> <span class='ocrx_word' id='word_1_42' title='bbox 867 432 947 470; x_wconf 84' lang='lat' dir='ltr'>super</span> <span class='ocrx_word' id='word_1_43' title='bbox 959 433 1154 463; x_wconf 88' lang='lat' dir='ltr'>observatione</span> <span class='ocrx_word' id='word_1_44' title='bbox 1167 433 1296 472; x_wconf 85' lang='lat' dir='ltr'>Treuga—</span> 
     </span>
     <span class='ocr_line' id='line_1_10' title="bbox 246 470 1296 509; baseline 0.001 -9"><span class='ocrx_word' id='word_1_45' title='bbox 246 479 310 500; x_wconf 89' lang='lat' dir='ltr'>rum</span> <span class='ocrx_word' id='word_1_46' title='bbox 319 494 328 508; x_wconf 84' lang='lat'>,</span> <span class='ocrx_word' id='word_1_47' title='bbox 347 480 362 500; x_wconf 91' lang='lat' dir='ltr'>e</span> <span class='ocrx_word' id='word_1_48' title='bbox 395 471 500 501; x_wconf 86' lang='lat' dir='ltr'>caciter</span> <span class='ocrx_word' id='word_1_49' title='bbox 513 471 724 509; x_wconf 76' lang='lat' dir='ltr'>scripsissemus,</span> <span class='ocrx_word' id='word_1_50' title='bbox 741 471 796 509; x_wconf 88' lang='lat' dir='ltr'>ipse</span> <span class='ocrx_word' id='word_1_51' title='bbox 810 470 844 500; x_wconf 88' lang='lat' dir='ltr'>ad</span> <span class='ocrx_word' id='word_1_52' title='bbox 858 470 983 500; x_wconf 87' lang='lat' dir='ltr'>nostram</span> <span class='ocrx_word' id='word_1_53' title='bbox 997 471 1170 508; x_wconf 82' lang='lat' dir='ltr'>praesentiam</span> <span class='ocrx_word' id='word_1_54' title='bbox 1183 471 1210 502; x_wconf 87' lang='lat' dir='ltr'>se</span> <span class='ocrx_word' id='word_1_55' title='bbox 1223 481 1296 501; x_wconf 90' lang='lat' dir='ltr'>con-</span> 
     </span>
     <span class='ocr_line' id='line_1_11' title="bbox 245 508 1296 548; baseline 0 -9"><span class='ocrx_word' id='word_1_56' title='bbox 245 508 336 539; x_wconf 77' lang='lat' dir='ltr'>ferens</span> <span class='ocrx_word' id='word_1_57' title='bbox 350 509 545 548; x_wconf 80' lang='lat' dir='ltr'>subsequenter</span> <span class='ocrx_word' id='word_1_58' title='bbox 562 510 753 548; x_wconf 84' lang='lat' dir='ltr'>(praesentibus</span> <span class='ocrx_word' id='word_1_59' title='bbox 767 509 886 547; x_wconf 80' lang='lat' dir='ltr'>praefatis</span> <span class='ocrx_word' id='word_1_60' title='bbox 905 508 1106 540; x_wconf 78' lang='lat' dir='ltr'>Penestn&#39;nenfi</span> <span class='ocrx_word' id='word_1_61' title='bbox 1127 511 1160 541; x_wconf 68' lang='grc' dir='ltr'>ὅ(</span> <span class='ocrx_word' id='word_1_62' title='bbox 1184 510 1296 540; x_wconf 92' lang='lat' dir='ltr'>Tuscu-</span> 
     </span>
     <span class='ocr_line' id='line_1_12' title="bbox 245 545 1296 586; baseline 0.002 -10"><span class='ocrx_word' id='word_1_63' title='bbox 245 545 351 577; x_wconf 85' lang='lat' dir='ltr'>lanensi</span> <span class='ocrx_word' id='word_1_64' title='bbox 362 546 519 585; x_wconf 80' lang='lat' dir='ltr'>Episcopis)</span> <span class='ocrx_word' id='word_1_65' title='bbox 531 548 641 578; x_wconf 80' lang='lat' dir='ltr'>ass&#39;eruit</span> <span class='ocrx_word' id='word_1_66' title='bbox 655 548 682 578; x_wconf 91' lang='lat' dir='ltr'>se</span> <span class='ocrx_word' id='word_1_67' title='bbox 694 557 838 585; x_wconf 87' lang='lat' dir='ltr'>nunquam</span> <span class='ocrx_word' id='word_1_68' title='bbox 859 546 989 584; x_wconf 89' lang='lat' dir='ltr'>Treugas</span> <span class='ocrx_word' id='word_1_69' title='bbox 1009 548 1156 585; x_wconf 62' lang='lat' dir='ltr'>praedicitas</span> <span class='ocrx_word' id='word_1_70' title='bbox 1175 548 1296 586; x_wconf 89' lang='lat' dir='ltr'>aliquali-</span> 
     </span>
     <span class='ocr_line' id='line_1_13' title="bbox 245 585 1296 624; baseline 0.002 -10"><span class='ocrx_word' id='word_1_71' title='bbox 245 592 289 615; x_wconf 87' lang='lat' dir='ltr'>ter</span> <span class='ocrx_word' id='word_1_72' title='bbox 300 585 427 624; x_wconf 75' lang='lat' dir='ltr'>iniviss&#39;e,</span> <span class='ocrx_word' id='word_1_73' title='bbox 443 596 497 616; x_wconf 86' lang='lat' dir='ltr'>nec</span> <span class='ocrx_word' id='word_1_74' title='bbox 512 587 601 617; x_wconf 88' lang='lat' dir='ltr'>fuerat</span> <span class='ocrx_word' id='word_1_75' title='bbox 614 587 642 616; x_wconf 90' lang='lat' dir='ltr'>su</span> <span class='ocrx_word' id='word_1_76' title='bbox 680 596 694 616; x_wconf 91' lang='lat' dir='ltr'>i·</span> <span class='ocrx_word' id='word_1_77' title='bbox 707 586 764 615; x_wconf 78' lang='lat' dir='ltr'>hoc</span> <span class='ocrx_word' id='word_1_78' title='bbox 779 585 940 622; x_wconf 72' lang='lat' dir='ltr'>requifitus3</span> <span class='ocrx_word' id='word_1_79' title='bbox 956 585 1073 616; x_wconf 84' lang='lat' dir='ltr'>afferens</span> <span class='ocrx_word' id='word_1_80' title='bbox 1090 585 1187 624; x_wconf 76' lang='lat' dir='ltr'>quod,</span> <span class='ocrx_word' id='word_1_81' title='bbox 1198 586 1296 616; x_wconf 85' lang='lat' dir='ltr'>secun-</span> 
     </span>
     <span class='ocr_line' id='line_1_14' title="bbox 245 622 1296 663; baseline 0.001 -10"><span class='ocrx_word' id='word_1_82' title='bbox 245 622 318 653; x_wconf 88' lang='lat' dir='ltr'>dum</span> <span class='ocrx_word' id='word_1_83' title='bbox 336 625 438 663; x_wconf 88' lang='lat' dir='ltr'>verba,</span> <span class='ocrx_word' id='word_1_84' title='bbox 454 625 484 654; x_wconf 87' lang='lat' dir='ltr'>in</span> <span class='ocrx_word' id='word_1_85' title='bbox 504 625 629 662; x_wconf 79' lang='lat' dir='ltr'>accipien</span> <span class='ocrx_word' id='word_1_86' title='bbox 650 626 671 656; x_wconf 89' lang='lat' dir='ltr'>is</span> <span class='ocrx_word' id='word_1_87' title='bbox 688 624 814 660; x_wconf 86' lang='lat' dir='ltr'>Treugis</span> <span class='ocrx_word' id='word_1_88' title='bbox 833 624 956 660; x_wconf 84' lang='lat' dir='ltr'>apposita</span> <span class='ocrx_word' id='word_1_89' title='bbox 969 647 978 661; x_wconf 85' lang='lat'>,</span> <span class='ocrx_word' id='word_1_90' title='bbox 997 634 1057 654; x_wconf 89' lang='lat' dir='ltr'>non</span> <span class='ocrx_word' id='word_1_91' title='bbox 1078 624 1198 655; x_wconf 85' lang='lat' dir='ltr'>debebat</span> <span class='ocrx_word' id='word_1_92' title='bbox 1212 647 1222 662; x_wconf 94' lang='lat'>,</span> <span class='ocrx_word' id='word_1_93' title='bbox 1242 634 1296 654; x_wconf 90' lang='lat' dir='ltr'>nec</span> 
     </span>
     <span class='ocr_line' id='line_1_15' title="bbox 245 660 1297 701; baseline 0 -9"><span class='ocrx_word' id='word_1_94' title='bbox 245 669 374 700; x_wconf 86' lang='lat' dir='ltr'>poterat,</span> <span class='ocrx_word' id='word_1_95' title='bbox 394 663 423 692; x_wconf 83' lang='lat' dir='ltr'>in</span> <span class='ocrx_word' id='word_1_96' title='bbox 436 663 474 693; x_wconf 92' lang='lat' dir='ltr'>eis</span> <span class='ocrx_word' id='word_1_97' title='bbox 488 663 578 693; x_wconf 87' lang='lat' dir='ltr'>modo</span> <span class='ocrx_word' id='word_1_98' title='bbox 590 663 684 701; x_wconf 88' lang='lat' dir='ltr'>aliquo</span> <span class='ocrx_word' id='word_1_99' title='bbox 699 660 922 699; x_wconf 72' lang='lat' dir='ltr'><strong>comprehendi,</strong></span> <span class='ocrx_word' id='word_1_100' title='bbox 939 671 1022 699; x_wconf 89' lang='lat' dir='ltr'>prout</span> <span class='ocrx_word' id='word_1_101' title='bbox 1036 663 1120 693; x_wconf 89' lang='lat' dir='ltr'>etiam</span> <span class='ocrx_word' id='word_1_102' title='bbox 1133 663 1186 692; x_wconf 90' lang='lat' dir='ltr'>tuis</span> <span class='ocrx_word' id='word_1_103' title='bbox 1207 662 1297 692; x_wconf 92' lang='lat' dir='ltr'>Nun-</span> 
     </span>
     <span class='ocr_line' id='line_1_16' title="bbox 246 699 1297 738; baseline 0.001 -9"><span class='ocrx_word' id='word_1_104' title='bbox 246 699 314 738; x_wconf 84' lang='lat' dir='ltr'>ciis,</span> <span class='ocrx_word' id='word_1_105' title='bbox 332 701 361 729; x_wconf 88' lang='lat' dir='ltr'>in</span> <span class='ocrx_word' id='word_1_106' title='bbox 382 699 470 731; x_wconf 88' lang='lat' dir='ltr'>Curia</span> <span class='ocrx_word' id='word_1_107' title='bbox 491 701 685 737; x_wconf 87' lang='lat' dir='ltr'>existentibus,</span> <span class='ocrx_word' id='word_1_108' title='bbox 701 708 766 729; x_wconf 91' lang='lat' dir='ltr'>ante</span> <span class='ocrx_word' id='word_1_109' title='bbox 785 700 922 730; x_wconf 84' lang='lat' dir='ltr'>receffum</span> <span class='ocrx_word' id='word_1_110' title='bbox 942 700 1065 738; x_wconf 85' lang='lat' dir='ltr'>ejusdem</span> <span class='ocrx_word' id='word_1_111' title='bbox 1085 699 1197 738; x_wconf 87' lang='lat' dir='ltr'>Caroli,</span> <span class='ocrx_word' id='word_1_112' title='bbox 1216 701 1297 731; x_wconf 86' lang='lat' dir='ltr'>duxi-</span> 
     </span>
     <span class='ocr_line' id='line_1_17' title="bbox 246 738 670 778; baseline 0.002 -11"><span class='ocrx_word' id='word_1_113' title='bbox 246 747 311 768; x_wconf 85' lang='lat' dir='ltr'>mus</span> <span class='ocrx_word' id='word_1_114' title='bbox 324 738 451 770; x_wconf 73' lang='lat' dir='ltr'>seriosius</span> <span class='ocrx_word' id='word_1_115' title='bbox 463 738 670 778; x_wconf 83' lang='lat' dir='ltr'>explicandum.</span> 
     </span>
    </p>

    <p class='ocr_par' dir='ltr' id='par_1_9' title="bbox 245 774 1299 853">
     <span class='ocr_line' id='line_1_18' title="bbox 245 774 1299 853; baseline 0 -47"><span class='ocrx_word' id='word_1_116' title='bbox 245 775 439 853; x_wconf 57' lang='lat' dir='ltr'>TDemuffi,</span> <span class='ocrx_word' id='word_1_117' title='bbox 452 778 523 808; x_wconf 85' lang='lat' dir='ltr'>cum</span> <span class='ocrx_word' id='word_1_118' title='bbox 545 777 623 815; x_wconf 89' lang='lat' dir='ltr'>super</span> <span class='ocrx_word' id='word_1_119' title='bbox 644 774 846 807; x_wconf 82' lang='lat' dir='ltr'>reformatione</span> <span class='ocrx_word' id='word_1_120' title='bbox 866 776 1105 815; x_wconf 88' lang='lat' dir='ltr'>Attemptatorum</span> <span class='ocrx_word' id='word_1_121' title='bbox 1121 784 1218 807; x_wconf 90' lang='lat' dir='ltr'>contra</span> <span class='ocrx_word' id='word_1_122' title='bbox 1232 776 1299 814; x_wconf 86' lang='lat' dir='ltr'>ipsas</span> 
     </span>
    </p>

    <p class='ocr_par' dir='ltr' id='par_1_10' title="bbox 244 825 1301 1112">
     <span class='ocr_line' id='line_1_19' title="bbox 279 825 438 845; baseline 0 0"><span class='ocrx_word' id='word_1_123' title='bbox 279 825 328 845; x_wconf 91' lang='lat' dir='ltr'>reu</span> <span class='ocrx_word' id='word_1_124' title='bbox 349 825 375 845; x_wconf 88' lang='lat' dir='ltr'>as</span> <span class='ocrx_word' id='word_1_125' title='bbox 423 825 438 845; x_wconf 90' lang='lat' dir='ltr'>e</span> 
     </span>
     <span class='ocr_line' id='line_1_20' title="bbox 245 852 438 884; baseline 0.01 -2"><span class='ocrx_word' id='word_1_126' title='bbox 245 852 312 882; x_wconf 87' lang='lat' dir='ltr'>bitis</span> <span class='ocrx_word' id='word_1_127' title='bbox 348 854 438 884; x_wconf 84' lang='lat' dir='ltr'>iverfis</span> 
     </span>
     <span class='ocr_line' id='line_1_21' title="bbox 245 889 1299 930; baseline 0.002 -10"><span class='ocrx_word' id='word_1_128' title='bbox 245 889 315 922; x_wconf 90' lang='lat' dir='ltr'>leret</span> <span class='ocrx_word' id='word_1_129' title='bbox 327 892 421 923; x_wconf 85' lang='lat' dir='ltr'>utilius</span> <span class='ocrx_word' id='word_1_130' title='bbox 434 891 493 922; x_wconf 86' lang='lat' dir='ltr'>fieri</span> <span class='ocrx_word' id='word_1_131' title='bbox 506 899 648 929; x_wconf 79' lang='lat' dir='ltr'>ageretur,</span> <span class='ocrx_word' id='word_1_132' title='bbox 667 901 839 929; x_wconf 87' lang='lat' dir='ltr'>quamquam</span> <span class='ocrx_word' id='word_1_133' title='bbox 855 891 923 922; x_wconf 92' lang='lat' dir='ltr'>Nos</span> <span class='ocrx_word' id='word_1_134' title='bbox 939 892 967 922; x_wconf 91' lang='lat' dir='ltr'>id</span> <span class='ocrx_word' id='word_1_135' title='bbox 986 892 1151 923; x_wconf 63' lang='lat' dir='ltr'>auctoritate</span> <span class='ocrx_word' id='word_1_136' title='bbox 1172 891 1299 930; x_wconf 87' lang='lat' dir='ltr'>Aposto-</span> 
     </span>
     <span class='ocr_line' id='line_1_22' title="bbox 244 927 1299 969; baseline 0.003 -11"><span class='ocrx_word' id='word_1_137' title='bbox 244 928 319 968; x_wconf 67' lang='lat' dir='ltr'>lica,</span> <span class='ocrx_word' id='word_1_138' title='bbox 335 939 369 960; x_wconf 88' lang='lat' dir='ltr'>ex</span> <span class='ocrx_word' id='word_1_139' title='bbox 390 929 480 960; x_wconf 81' lang='lat' dir='ltr'>nostri</span> <span class='ocrx_word' id='word_1_140' title='bbox 500 927 600 959; x_wconf 79' lang='lat' dir='ltr'>Officii</span> <span class='ocrx_word' id='word_1_141' title='bbox 620 929 734 967; x_wconf 87' lang='lat' dir='ltr'>debito,</span> <span class='ocrx_word' id='word_1_142' title='bbox 752 931 876 959; x_wconf 77' lang='lat' dir='ltr'>maxime</span> <span class='ocrx_word' id='word_1_143' title='bbox 898 930 968 960; x_wconf 87' lang='lat' dir='ltr'>cum</span> <span class='ocrx_word' id='word_1_144' title='bbox 992 930 1126 969; x_wconf 83' lang='lat' dir='ltr'>religione</span> <span class='ocrx_word' id='word_1_145' title='bbox 1144 930 1299 968; x_wconf 89' lang='lat' dir='ltr'>Juramenti</span> 
     </span>
     <span class='ocr_line' id='line_1_23' title="bbox 246 965 1300 1006; baseline 0.002 -9"><span class='ocrx_word' id='word_1_146' title='bbox 246 965 364 998; x_wconf 74' lang='lat' dir='ltr'>firmane</span> <span class='ocrx_word' id='word_1_147' title='bbox 387 969 458 997; x_wconf 89' lang='lat' dir='ltr'>inter</span> <span class='ocrx_word' id='word_1_148' title='bbox 478 977 579 998; x_wconf 82' lang='lat' dir='ltr'>caetera</span> <span class='ocrx_word' id='word_1_149' title='bbox 599 967 702 998; x_wconf 87' lang='lat' dir='ltr'>fuerint</span> <span class='ocrx_word' id='word_1_150' title='bbox 718 967 783 1004; x_wconf 73' lang='lat' dir='ltr'>ipfie</span> <span class='ocrx_word' id='word_1_151' title='bbox 802 968 943 1006; x_wconf 80' lang='lat' dir='ltr'>Treugae,</span> <span class='ocrx_word' id='word_1_152' title='bbox 960 968 1054 999; x_wconf 89' lang='lat' dir='ltr'>facere</span> <span class='ocrx_word' id='word_1_153' title='bbox 1072 969 1245 1006; x_wconf 73' lang='lat' dir='ltr'>valeremus,</span> <span class='ocrx_word' id='word_1_154' title='bbox 1260 977 1300 999; x_wconf 90' lang='lat' dir='ltr'>ta-</span> 
     </span>
     <span class='ocr_line' id='line_1_24' title="bbox 246 1005 1300 1045; baseline 0.002 -10"><span class='ocrx_word' id='word_1_155' title='bbox 246 1014 314 1035; x_wconf 86' lang='lat' dir='ltr'>men</span> <span class='ocrx_word' id='word_1_156' title='bbox 323 1029 333 1043; x_wconf 88' lang='lat'>,</span> <span class='ocrx_word' id='word_1_157' title='bbox 350 1013 464 1042; x_wconf 88' lang='lat' dir='ltr'>propter</span> <span class='ocrx_word' id='word_1_158' title='bbox 479 1006 565 1036; x_wconf 86' lang='lat' dir='ltr'>multa</span> <span class='ocrx_word' id='word_1_159' title='bbox 579 1005 690 1036; x_wconf 91' lang='lat' dir='ltr'>vitanda</span> <span class='ocrx_word' id='word_1_160' title='bbox 703 1005 853 1043; x_wconf 88' lang='lat' dir='ltr'>Scandala,</span> <span class='ocrx_word' id='word_1_161' title='bbox 870 1007 904 1037; x_wconf 73' lang='grc' dir='ltr'>ὅτ.</span> <span class='ocrx_word' id='word_1_162' title='bbox 918 1015 1005 1037; x_wconf 86' lang='lat' dir='ltr'>certas</span> <span class='ocrx_word' id='word_1_163' title='bbox 1020 1006 1110 1037; x_wconf 84' lang='lat' dir='ltr'>causas</span> <span class='ocrx_word' id='word_1_164' title='bbox 1123 1007 1200 1044; x_wconf 81' lang='lat' dir='ltr'>alias,</span> <span class='ocrx_word' id='word_1_165' title='bbox 1217 1016 1300 1045; x_wconf 77' lang='lat' dir='ltr'>expe-</span> 
     </span>
     <span class='ocr_line' id='line_1_25' title="bbox 246 1043 1301 1085; baseline 0.003 -13"><span class='ocrx_word' id='word_1_166' title='bbox 246 1043 365 1073; x_wconf 86' lang='lat' dir='ltr'>dientius</span> <span class='ocrx_word' id='word_1_167' title='bbox 389 1043 479 1074; x_wconf 86' lang='lat' dir='ltr'>visum</span> <span class='ocrx_word' id='word_1_168' title='bbox 500 1044 570 1082; x_wconf 88' lang='lat' dir='ltr'>fuit,</span> <span class='ocrx_word' id='word_1_169' title='bbox 590 1043 670 1083; x_wconf 81' lang='lat' dir='ltr'>quod</span> <span class='ocrx_word' id='word_1_170' title='bbox 691 1043 726 1074; x_wconf 92' lang='lat' dir='ltr'>de</span> <span class='ocrx_word' id='word_1_171' title='bbox 742 1044 886 1085; x_wconf 75' lang='lat' dir='ltr'>vpluntate</span> <span class='ocrx_word' id='word_1_172' title='bbox 901 1054 934 1075; x_wconf 91' lang='lat' dir='ltr'>ac</span> <span class='ocrx_word' id='word_1_173' title='bbox 947 1045 1081 1076; x_wconf 84' lang='lat' dir='ltr'>consensu</span> <span class='ocrx_word' id='word_1_174' title='bbox 1093 1044 1219 1075; x_wconf 88' lang='lat' dir='ltr'>Partium</span> <span class='ocrx_word' id='word_1_175' title='bbox 1234 1055 1301 1085; x_wconf 86' lang='lat' dir='ltr'>pro-</span> 
     </span>
     <span class='ocr_line' id='line_1_26' title="bbox 246 1081 512 1112; baseline 0.004 -1"><span class='ocrx_word' id='word_1_176' title='bbox 246 1081 410 1112; x_wconf 83' lang='lat' dir='ltr'>cederemus</span> <span class='ocrx_word' id='word_1_177' title='bbox 423 1082 457 1112; x_wconf 87' lang='lat' dir='ltr'>ad</span> <span class='ocrx_word' id='word_1_178' title='bbox 472 1093 512 1112; x_wconf 88' lang='lat' dir='ltr'>ea.</span> 
     </span>
    </p>

    <p class='ocr_par' dir='ltr' id='par_1_11' title="bbox 243 1118 1304 1536">
     <span class='ocr_line' id='line_1_27' title="bbox 285 1118 1301 1160; baseline 0.001 -11"><span class='ocrx_word' id='word_1_179' title='bbox 285 1118 324 1149; x_wconf 89' lang='lat' dir='ltr'>Et</span> <span class='ocrx_word' id='word_1_180' title='bbox 336 1120 399 1150; x_wconf 89' lang='lat' dir='ltr'>licet</span> <span class='ocrx_word' id='word_1_181' title='bbox 412 1131 460 1158; x_wconf 89' lang='lat' dir='ltr'>per</span> <span class='ocrx_word' id='word_1_182' title='bbox 476 1120 545 1151; x_wconf 89' lang='lat' dir='ltr'>Nos</span> <span class='ocrx_word' id='word_1_183' title='bbox 559 1119 639 1151; x_wconf 63' lang='lat' dir='ltr'>dietis</span> <span class='ocrx_word' id='word_1_184' title='bbox 653 1120 779 1152; x_wconf 90' lang='lat' dir='ltr'>Nunciis</span> <span class='ocrx_word' id='word_1_185' title='bbox 794 1121 903 1151; x_wconf 69' lang='lat' dir='ltr'>ditstum</span> <span class='ocrx_word' id='word_1_186' title='bbox 918 1120 999 1151; x_wconf 85' lang='lat' dir='ltr'>fuerit</span> <span class='ocrx_word' id='word_1_187' title='bbox 1011 1121 1107 1160; x_wconf 81' lang='lat' dir='ltr'>quod,</span> <span class='ocrx_word' id='word_1_188' title='bbox 1124 1123 1231 1152; x_wconf 84' lang='lat' dir='ltr'>attentis</span> <span class='ocrx_word' id='word_1_189' title='bbox 1246 1121 1301 1151; x_wconf 88' lang='lat' dir='ltr'>Ar-</span> 
     </span>
     <span class='ocr_line' id='line_1_28' title="bbox 247 1157 1301 1198; baseline 0.002 -10"><span class='ocrx_word' id='word_1_190' title='bbox 247 1157 400 1188; x_wconf 87' lang='lat' dir='ltr'>ticulorum</span> <span class='ocrx_word' id='word_1_191' title='bbox 414 1159 493 1196; x_wconf 89' lang='lat' dir='ltr'>super</span> <span class='ocrx_word' id='word_1_192' title='bbox 515 1159 691 1198; x_wconf 87' lang='lat' dir='ltr'>Attemptatis</span> <span class='ocrx_word' id='word_1_193' title='bbox 712 1159 814 1190; x_wconf 90' lang='lat' dir='ltr'>eisdem</span> <span class='ocrx_word' id='word_1_194' title='bbox 833 1159 1050 1197; x_wconf 82' lang='lat' dir='ltr'>diversitatibus,</span> <span class='ocrx_word' id='word_1_195' title='bbox 1068 1161 1101 1190; x_wconf 90' lang='lat'><strong>&amp;</strong></span> <span class='ocrx_word' id='word_1_196' title='bbox 1118 1161 1301 1190; x_wconf 87' lang='lat' dir='ltr'>involutioni-</span> 
     </span>
     <span class='ocr_line' id='line_1_29' title="bbox 245 1196 1301 1240; baseline 0.002 -14"><span class='ocrx_word' id='word_1_197' title='bbox 245 1196 297 1240; x_wconf 77' lang='lat' dir='ltr'>bus</span> <span class='ocrx_word' id='word_1_198' title='bbox 312 1206 345 1226; x_wconf 88' lang='lat' dir='ltr'>ex</span> <span class='ocrx_word' id='word_1_199' title='bbox 366 1197 416 1227; x_wconf 90' lang='lat' dir='ltr'>illis</span> <span class='ocrx_word' id='word_1_200' title='bbox 437 1199 672 1236; x_wconf 89' lang='lat' dir='ltr'>procedentibus,</span> <span class='ocrx_word' id='word_1_201' title='bbox 691 1198 710 1217; x_wconf 70' lang='lat'>²*</span> <span class='ocrx_word' id='word_1_202' title='bbox 730 1208 792 1236; x_wconf 80' lang='lat' dir='ltr'>quae</span> <span class='ocrx_word' id='word_1_203' title='bbox 815 1199 928 1236; x_wconf 82' lang='lat' dir='ltr'>longam</span> <span class='ocrx_word' id='word_1_204' title='bbox 948 1198 982 1229; x_wconf 73' lang='grc' dir='ltr'>δε</span> <span class='ocrx_word' id='word_1_205' title='bbox 996 1198 1123 1228; x_wconf 84' lang='lat' dir='ltr'>diffusam</span> <span class='ocrx_word' id='word_1_206' title='bbox 1138 1199 1301 1235; x_wconf 82' lang='lat' dir='ltr'>indaginem</span> 
     </span>
     <span class='ocr_line' id='line_1_30' title="bbox 245 1235 1301 1274; baseline 0.002 -10"><span class='ocrx_word' id='word_1_207' title='bbox 245 1236 411 1274; x_wconf 77' lang='lat' dir='ltr'>exigebant,</span> <span class='ocrx_word' id='word_1_208' title='bbox 429 1238 466 1267; x_wconf 80' lang='lat' dir='ltr'>iic</span> <span class='ocrx_word' id='word_1_209' title='bbox 481 1236 597 1267; x_wconf 81' lang='lat' dir='ltr'>faciliter</span> <span class='ocrx_word' id='word_1_210' title='bbox 614 1238 647 1268; x_wconf 86' lang='lat'>&amp;</span> <span class='ocrx_word' id='word_1_211' title='bbox 664 1236 766 1267; x_wconf 83' lang='lat' dir='ltr'>utiliter</span> <span class='ocrx_word' id='word_1_212' title='bbox 778 1235 812 1266; x_wconf 92' lang='lat' dir='ltr'>ad</span> <span class='ocrx_word' id='word_1_213' title='bbox 825 1235 994 1267; x_wconf 64' lang='lat' dir='ltr'>Tractatum</span> <span class='ocrx_word' id='word_1_214' title='bbox 1006 1236 1086 1266; x_wconf 87' lang='lat' dir='ltr'>Pacis</span> <span class='ocrx_word' id='word_1_215' title='bbox 1102 1238 1135 1267; x_wconf 83' lang='lat'>&amp;</span> <span class='ocrx_word' id='word_1_216' title='bbox 1150 1237 1301 1267; x_wconf 86' lang='lat' dir='ltr'>Reforma-</span> 
     </span>
     <span class='ocr_line' id='line_1_31' title="bbox 245 1274 1302 1313; baseline 0.001 -9"><span class='ocrx_word' id='word_1_217' title='bbox 245 1275 356 1304; x_wconf 89' lang='lat' dir='ltr'>tionem</span> <span class='ocrx_word' id='word_1_218' title='bbox 370 1275 611 1312; x_wconf 88' lang='lat' dir='ltr'>Attemptatorum</span> <span class='ocrx_word' id='word_1_219' title='bbox 627 1274 810 1313; x_wconf 69' lang='lat' dir='ltr'>praedistam3</span> <span class='ocrx_word' id='word_1_220' title='bbox 828 1274 911 1305; x_wconf 91' lang='lat' dir='ltr'>Nota</span> <span class='ocrx_word' id='word_1_221' title='bbox 922 1283 1014 1305; x_wconf 89' lang='lat' dir='ltr'>tamen</span> <span class='ocrx_word' id='word_1_222' title='bbox 1028 1274 1143 1306; x_wconf 58' lang='lat' dir='ltr'>Distata</span> <span class='ocrx_word' id='word_1_223' title='bbox 1155 1275 1238 1306; x_wconf 87' lang='lat' dir='ltr'>fuerit</span> <span class='ocrx_word' id='word_1_224' title='bbox 1251 1285 1302 1313; x_wconf 89' lang='lat' dir='ltr'>per</span> 
     </span>
     <span class='ocr_line' id='line_1_32' title="bbox 243 1312 1302 1353; baseline 0.001 -11"><span class='ocrx_word' id='word_1_225' title='bbox 243 1312 318 1350; x_wconf 83' lang='lat' dir='ltr'>ipsos</span> <span class='ocrx_word' id='word_1_226' title='bbox 341 1320 405 1343; x_wconf 89' lang='lat' dir='ltr'>tuos</span> <span class='ocrx_word' id='word_1_227' title='bbox 429 1312 564 1343; x_wconf 92' lang='lat' dir='ltr'>Nuncios</span> <span class='ocrx_word' id='word_1_228' title='bbox 583 1313 662 1351; x_wconf 88' lang='lat' dir='ltr'>super</span> <span class='ocrx_word' id='word_1_229' title='bbox 680 1313 792 1343; x_wconf 85' lang='lat' dir='ltr'>Litteris</span> <span class='ocrx_word' id='word_1_230' title='bbox 809 1314 955 1353; x_wconf 81' lang='lat' dir='ltr'>oportunis</span> <span class='ocrx_word' id='word_1_231' title='bbox 972 1335 982 1351; x_wconf 88' lang='lat'>,</span> <span class='ocrx_word' id='word_1_232' title='bbox 999 1322 1048 1351; x_wconf 86' lang='lat' dir='ltr'>per</span> <span class='ocrx_word' id='word_1_233' title='bbox 1066 1312 1115 1343; x_wconf 93' lang='lat' dir='ltr'>Te</span> <span class='ocrx_word' id='word_1_234' title='bbox 1136 1323 1168 1344; x_wconf 86' lang='lat' dir='ltr'>ac</span> <span class='ocrx_word' id='word_1_235' title='bbox 1188 1313 1302 1352; x_wconf 87' lang='lat' dir='ltr'>Regem</span> 
     </span>
     <span class='ocr_line' id='line_1_33' title="bbox 245 1350 1302 1390; baseline 0 -9"><span class='ocrx_word' id='word_1_236' title='bbox 245 1350 421 1390; x_wconf 69' lang='lat' dir='ltr'>praedietum</span> <span class='ocrx_word' id='word_1_237' title='bbox 433 1351 623 1382; x_wconf 81' lang='lat' dir='ltr'>concedendis</span> <span class='ocrx_word' id='word_1_238' title='bbox 632 1376 641 1390; x_wconf 93' lang='lat'>,</span> <span class='ocrx_word' id='word_1_239' title='bbox 650 1351 787 1390; x_wconf 79' lang='lat' dir='ltr'>nobisque</span> <span class='ocrx_word' id='word_1_240' title='bbox 802 1351 1045 1389; x_wconf 78' lang='lat' dir='ltr'>mittendis,super</span> <span class='ocrx_word' id='word_1_241' title='bbox 1059 1353 1240 1382; x_wconf 88' lang='lat' dir='ltr'>revocatione</span> <span class='ocrx_word' id='word_1_242' title='bbox 1248 1352 1302 1382; x_wconf 84' lang='lat' dir='ltr'>At-</span> 
     </span>
     <span class='ocr_line' id='line_1_34' title="bbox 246 1389 1302 1428; baseline 0.001 -9"><span class='ocrx_word' id='word_1_243' title='bbox 246 1397 450 1428; x_wconf 88' lang='lat' dir='ltr'>temptatorum</span> <span class='ocrx_word' id='word_1_244' title='bbox 464 1389 622 1420; x_wconf 80' lang='lat' dir='ltr'>hu&#39;usmodi</span> <span class='ocrx_word' id='word_1_245' title='bbox 636 1400 685 1428; x_wconf 89' lang='lat' dir='ltr'>per</span> <span class='ocrx_word' id='word_1_246' title='bbox 692 1389 779 1428; x_wconf 84' lang='lat' dir='ltr'>Nos,</span> <span class='ocrx_word' id='word_1_247' title='bbox 798 1399 829 1421; x_wconf 88' lang='lat' dir='ltr'>ut</span> <span class='ocrx_word' id='word_1_248' title='bbox 843 1391 1039 1428; x_wconf 82' lang='lat' dir='ltr'>praemittitur,</span> <span class='ocrx_word' id='word_1_249' title='bbox 1056 1389 1201 1428; x_wconf 64' lang='lat' dir='ltr'>faciendi,</span> <span class='ocrx_word' id='word_1_250' title='bbox 1217 1400 1302 1428; x_wconf 89' lang='lat' dir='ltr'>quam</span> 
     </span>
     <span class='ocr_line' id='line_1_35' title="bbox 247 1427 1302 1467; baseline 0 -9"><span class='ocrx_word' id='word_1_251' title='bbox 247 1427 364 1458; x_wconf 72' lang='lat' dir='ltr'>Noram</span> <span class='ocrx_word' id='word_1_252' title='bbox 380 1427 474 1458; x_wconf 89' lang='lat' dir='ltr'>eidem</span> <span class='ocrx_word' id='word_1_253' title='bbox 522 1429 566 1467; x_wconf 85' lang='lat' dir='ltr'>egi</span> <span class='ocrx_word' id='word_1_254' title='bbox 582 1428 708 1459; x_wconf 79' lang='lat' dir='ltr'>Franciae</span> <span class='ocrx_word' id='word_1_255' title='bbox 725 1428 920 1466; x_wconf 79' lang='lat' dir='ltr'>misimuS,qui</span> <span class='ocrx_word' id='word_1_256' title='bbox 936 1428 1231 1466; x_wconf 90' lang='lat' dir='ltr'>Litteras,secundum</span> <span class='ocrx_word' id='word_1_257' title='bbox 1239 1438 1302 1459; x_wconf 91' lang='lat' dir='ltr'>eam</span> 
     </span>
     <span class='ocr_line' id='line_1_36' title="bbox 248 1465 1304 1506; baseline 0.001 -10"><span class='ocrx_word' id='word_1_258' title='bbox 248 1466 410 1503; x_wconf 59' lang='lat' dir='ltr'>confectas,</span> <span class='ocrx_word' id='word_1_259' title='bbox 429 1467 462 1497; x_wconf 91' lang='lat'>&amp;</span> <span class='ocrx_word' id='word_1_260' title='bbox 476 1467 526 1497; x_wconf 91' lang='lat' dir='ltr'>suo</span> <span class='ocrx_word' id='word_1_261' title='bbox 540 1466 640 1506; x_wconf 87' lang='lat' dir='ltr'>Sigillo</span> <span class='ocrx_word' id='word_1_262' title='bbox 654 1466 792 1506; x_wconf 82' lang='lat' dir='ltr'>sigillatas,</span> <span class='ocrx_word' id='word_1_263' title='bbox 809 1468 943 1505; x_wconf 82' lang='lat' dir='ltr'>prompte</span> <span class='ocrx_word' id='word_1_264' title='bbox 956 1477 989 1497; x_wconf 90' lang='lat' dir='ltr'>ac</span> <span class='ocrx_word' id='word_1_265' title='bbox 1000 1466 1105 1506; x_wconf 82' lang='lat' dir='ltr'>libere,</span> <span class='ocrx_word' id='word_1_266' title='bbox 1122 1465 1224 1505; x_wconf 89' lang='lat' dir='ltr'>absque</span> <span class='ocrx_word' id='word_1_267' title='bbox 1230 1476 1304 1505; x_wconf 82' lang='lat' dir='ltr'>prae-</span> 
     </span>
     <span class='ocr_line' id='line_1_37' title="bbox 248 1504 719 1536; baseline 0 -1"><span class='ocrx_word' id='word_1_268' title='bbox 248 1504 378 1536; x_wconf 86' lang='lat' dir='ltr'>finitione</span> <span class='ocrx_word' id='word_1_269' title='bbox 392 1505 524 1535; x_wconf 89' lang='lat' dir='ltr'>Termini</span> <span class='ocrx_word' id='word_1_270' title='bbox 539 1506 621 1535; x_wconf 89' lang='lat' dir='ltr'>nobis</span> <span class='ocrx_word' id='word_1_271' title='bbox 637 1505 719 1536; x_wconf 75' lang='lat' dir='ltr'>milit.</span> 
     </span>
    </p>

    <p class='ocr_par' dir='ltr' id='par_1_12' title="bbox 246 1542 1304 1698">
     <span class='ocr_line' id='line_1_38' title="bbox 286 1542 1303 1582; baseline -0.002 -8"><span class='ocrx_word' id='word_1_272' title='bbox 286 1543 338 1574; x_wconf 91' lang='lat' dir='ltr'>Tu</span> <span class='ocrx_word' id='word_1_273' title='bbox 352 1545 425 1574; x_wconf 79' lang='lat' dir='ltr'>vero</span> <span class='ocrx_word' id='word_1_274' title='bbox 441 1543 506 1581; x_wconf 88' lang='lat' dir='ltr'>(Fili</span> <span class='ocrx_word' id='word_1_275' title='bbox 520 1543 726 1582; x_wconf 83' lang='lat' dir='ltr'>praecariffime)</span> <span class='ocrx_word' id='word_1_276' title='bbox 742 1551 802 1573; x_wconf 87' lang='lat' dir='ltr'>tuas</span> <span class='ocrx_word' id='word_1_277' title='bbox 821 1542 905 1573; x_wconf 87' lang='lat' dir='ltr'>nobis</span> <span class='ocrx_word' id='word_1_278' title='bbox 925 1542 1065 1574; x_wconf 87' lang='lat' dir='ltr'>destinasti</span> <span class='ocrx_word' id='word_1_279' title='bbox 1079 1542 1158 1581; x_wconf 87' lang='lat' dir='ltr'>super</span> <span class='ocrx_word' id='word_1_280' title='bbox 1169 1543 1226 1574; x_wconf 92' lang='lat' dir='ltr'>hoc</span> <span class='ocrx_word' id='word_1_281' title='bbox 1241 1543 1303 1573; x_wconf 89' lang='lat' dir='ltr'>Lit-</span> 
     </span>
     <span class='ocr_line' id='line_1_39' title="bbox 247 1581 1304 1620; baseline 0 -9"><span class='ocrx_word' id='word_1_282' title='bbox 247 1588 337 1620; x_wconf 84' lang='lat' dir='ltr'>teras,</span> <span class='ocrx_word' id='word_1_283' title='bbox 354 1581 400 1613; x_wconf 88' lang='lat' dir='ltr'>sed</span> <span class='ocrx_word' id='word_1_284' title='bbox 414 1582 487 1613; x_wconf 79' lang='lat' dir='ltr'>adeo</span> <span class='ocrx_word' id='word_1_285' title='bbox 502 1583 619 1612; x_wconf 90' lang='lat' dir='ltr'>brevem</span> <span class='ocrx_word' id='word_1_286' title='bbox 637 1582 813 1612; x_wconf 89' lang='lat' dir='ltr'>Terminum</span> <span class='ocrx_word' id='word_1_287' title='bbox 831 1582 1010 1612; x_wconf 84' lang='lat' dir='ltr'>continentes</span> <span class='ocrx_word' id='word_1_288' title='bbox 1028 1581 1125 1620; x_wconf 79' lang='lat' dir='ltr'>quod,</span> <span class='ocrx_word' id='word_1_289' title='bbox 1144 1583 1160 1612; x_wconf 76' lang='lat' dir='ltr'>a</span> <span class='ocrx_word' id='word_1_290' title='bbox 1175 1591 1304 1619; x_wconf 88' lang='lat' dir='ltr'>tempore</span> 
     </span>
     <span class='ocr_line' id='line_1_40' title="bbox 246 1619 1304 1658; baseline -0.001 -8"><span class='ocrx_word' id='word_1_291' title='bbox 246 1620 463 1658; x_wconf 80' lang='lat' dir='ltr'>praesentationis</span> <span class='ocrx_word' id='word_1_292' title='bbox 476 1630 573 1651; x_wconf 92' lang='lat' dir='ltr'>earum</span> <span class='ocrx_word' id='word_1_293' title='bbox 589 1630 657 1650; x_wconf 91' lang='lat' dir='ltr'>com</span> <span class='ocrx_word' id='word_1_294' title='bbox 678 1619 800 1658; x_wconf 86' lang='lat' dir='ltr'>utando,</span> <span class='ocrx_word' id='word_1_295' title='bbox 819 1619 889 1649; x_wconf 83' lang='lat' dir='ltr'>infra</span> <span class='ocrx_word' id='word_1_296' title='bbox 910 1619 991 1650; x_wconf 89' lang='lat' dir='ltr'>illum</span> <span class='ocrx_word' id='word_1_297' title='bbox 1013 1621 1060 1650; x_wconf 85' lang='lat' dir='ltr'>vix</span> <span class='ocrx_word' id='word_1_298' title='bbox 1080 1619 1212 1657; x_wconf 84' lang='lat' dir='ltr'>potuisset</span> <span class='ocrx_word' id='word_1_299' title='bbox 1228 1621 1304 1650; x_wconf 79' lang='lat' dir='ltr'>bene</span> 
     </span>
     <span class='ocr_line' id='line_1_41' title="bbox 246 1658 1175 1698; baseline -0.002 -9"><span class='ocrx_word' id='word_1_300' title='bbox 246 1668 280 1689; x_wconf 79' lang='lat' dir='ltr'>ac</span> <span class='ocrx_word' id='word_1_301' title='bbox 295 1658 455 1690; x_wconf 78' lang='lat' dir='ltr'>commode</span> <span class='ocrx_word' id='word_1_302' title='bbox 469 1658 628 1698; x_wconf 81' lang='lat' dir='ltr'>hujusmodi</span> <span class='ocrx_word' id='word_1_303' title='bbox 673 1658 866 1689; x_wconf 89' lang='lat' dir='ltr'>eformationis</span> <span class='ocrx_word' id='word_1_304' title='bbox 880 1658 1030 1695; x_wconf 86' lang='lat' dir='ltr'>negotium</span> <span class='ocrx_word' id='word_1_305' title='bbox 1042 1658 1175 1688; x_wconf 88' lang='lat' dir='ltr'>inchoari.</span> 
     </span>
    </p>

    <p class='ocr_par' dir='ltr' id='par_1_13' title="bbox 244 1694 1306 2043">
     <span class='ocr_line' id='line_1_42' title="bbox 285 1694 1304 1736; baseline -0.004 -7"><span class='ocrx_word' id='word_1_306' title='bbox 285 1697 436 1729; x_wconf 74' lang='lat' dir='ltr'>Caeterum</span> <span class='ocrx_word' id='word_1_307' title='bbox 452 1697 487 1728; x_wconf 91' lang='lat' dir='ltr'>ad</span> <span class='ocrx_word' id='word_1_308' title='bbox 504 1707 552 1736; x_wconf 87' lang='lat' dir='ltr'>ea,</span> <span class='ocrx_word' id='word_1_309' title='bbox 568 1707 633 1735; x_wconf 85' lang='lat' dir='ltr'>quae</span> <span class='ocrx_word' id='word_1_310' title='bbox 645 1696 682 1727; x_wconf 94' lang='lat' dir='ltr'>de</span> <span class='ocrx_word' id='word_1_311' title='bbox 810 1695 935 1726; x_wconf 90' lang='lat' dir='ltr'>Nuncio</span> <span class='ocrx_word' id='word_1_312' title='bbox 956 1695 1074 1733; x_wconf 89' lang='lat' dir='ltr'>nostro,</span> <span class='ocrx_word' id='word_1_313' title='bbox 1091 1695 1175 1726; x_wconf 84' lang='lat' dir='ltr'>miffo</span> <span class='ocrx_word' id='word_1_314' title='bbox 1195 1697 1224 1726; x_wconf 90' lang='lat' dir='ltr'>in</span> <span class='ocrx_word' id='word_1_315' title='bbox 1245 1694 1304 1725; x_wconf 85' lang='lat' dir='ltr'>Bri-</span> 
     </span>
     <span class='ocr_line' id='line_1_43' title="bbox 245 1734 1305 1777; baseline -0.001 -11"><span class='ocrx_word' id='word_1_316' title='bbox 245 1737 388 1776; x_wconf 87' lang='lat' dir='ltr'>tanniam,</span> <span class='ocrx_word' id='word_1_317' title='bbox 405 1736 550 1777; x_wconf 88' lang='lat' dir='ltr'>arguendo</span> <span class='ocrx_word' id='word_1_318' title='bbox 564 1735 638 1766; x_wconf 66' lang='lat' dir='ltr'>faeta</span> <span class='ocrx_word' id='word_1_319' title='bbox 652 1735 714 1772; x_wconf 88' lang='lat' dir='ltr'>sua,</span> <span class='ocrx_word' id='word_1_320' title='bbox 732 1734 878 1773; x_wconf 65' lang='lat' dir='ltr'>praedid&#39;tae</span> <span class='ocrx_word' id='word_1_321' title='bbox 893 1743 949 1764; x_wconf 79' lang='lat' dir='ltr'>tuae</span> <span class='ocrx_word' id='word_1_322' title='bbox 965 1734 1078 1765; x_wconf 85' lang='lat' dir='ltr'>Litterae</span> <span class='ocrx_word' id='word_1_323' title='bbox 1093 1734 1305 1773; x_wconf 81' lang='lat' dir='ltr'>subjungebant,</span> 
     </span>
     <span class='ocr_line' id='line_1_44' title="bbox 246 1772 1305 1813; baseline -0.002 -9"><span class='ocrx_word' id='word_1_324' title='bbox 246 1775 372 1806; x_wconf 86' lang='lat' dir='ltr'>breviter</span> <span class='ocrx_word' id='word_1_325' title='bbox 386 1774 601 1813; x_wconf 74' lang='lat' dir='ltr'>respondemus,</span> <span class='ocrx_word' id='word_1_326' title='bbox 610 1773 690 1813; x_wconf 83' lang='lat' dir='ltr'>quod</span> <span class='ocrx_word' id='word_1_327' title='bbox 699 1772 767 1803; x_wconf 92' lang='lat' dir='ltr'>Nos</span> <span class='ocrx_word' id='word_1_328' title='bbox 777 1772 968 1812; x_wconf 88' lang='lat' dir='ltr'>,displicenter</span> <span class='ocrx_word' id='word_1_329' title='bbox 981 1772 1076 1803; x_wconf 89' lang='lat' dir='ltr'>audito</span> <span class='ocrx_word' id='word_1_330' title='bbox 1092 1774 1226 1803; x_wconf 89' lang='lat' dir='ltr'>nonnulla</span> <span class='ocrx_word' id='word_1_331' title='bbox 1233 1782 1305 1803; x_wconf 89' lang='lat' dir='ltr'>con-</span> 
     </span>
     <span class='ocr_line' id='line_1_45' title="bbox 245 1809 1305 1852; baseline -0.003 -9"><span class='ocrx_word' id='word_1_332' title='bbox 245 1820 288 1843; x_wconf 84' lang='lat' dir='ltr'>tra</span> <span class='ocrx_word' id='word_1_333' title='bbox 302 1813 448 1851; x_wconf 66' lang='lat' dir='ltr'>praedictas</span> <span class='ocrx_word' id='word_1_334' title='bbox 462 1813 588 1852; x_wconf 88' lang='lat' dir='ltr'>Treugas</span> <span class='ocrx_word' id='word_1_335' title='bbox 600 1814 628 1842; x_wconf 92' lang='lat' dir='ltr'>in</span> <span class='ocrx_word' id='word_1_336' title='bbox 642 1812 723 1842; x_wconf 64' lang='lat' dir='ltr'>dietis</span> <span class='ocrx_word' id='word_1_337' title='bbox 738 1811 860 1848; x_wconf 88' lang='lat' dir='ltr'>partibus</span> <span class='ocrx_word' id='word_1_338' title='bbox 873 1809 1022 1841; x_wconf 79' lang='lat' dir='ltr'>Britanniae</span> <span class='ocrx_word' id='word_1_339' title='bbox 1044 1812 1215 1849; x_wconf 79' lang='lat' dir='ltr'>attemptari,</span> <span class='ocrx_word' id='word_1_340' title='bbox 1234 1821 1305 1848; x_wconf 50' lang='lat' dir='ltr'>prte-</span> 
     </span>
     <span class='ocr_line' id='line_1_46' title="bbox 246 1848 1305 1889; baseline -0.004 -7"><span class='ocrx_word' id='word_1_341' title='bbox 246 1850 357 1882; x_wconf 66' lang='lat' dir='ltr'>di&amp;um</span> <span class='ocrx_word' id='word_1_342' title='bbox 379 1851 550 1889; x_wconf 88' lang='lat' dir='ltr'>Nuncium,</span> <span class='ocrx_word' id='word_1_343' title='bbox 569 1860 623 1888; x_wconf 90' lang='lat' dir='ltr'>pro</span> <span class='ocrx_word' id='word_1_344' title='bbox 644 1851 682 1880; x_wconf 89' lang='lat' dir='ltr'>eis</span> <span class='ocrx_word' id='word_1_345' title='bbox 704 1849 844 1880; x_wconf 89' lang='lat' dir='ltr'>observari</span> <span class='ocrx_word' id='word_1_346' title='bbox 865 1848 989 1879; x_wconf 88' lang='lat' dir='ltr'>tenacius</span> <span class='ocrx_word' id='word_1_347' title='bbox 1003 1849 1152 1887; x_wconf 75' lang='lat' dir='ltr'>faciendis,</span> <span class='ocrx_word' id='word_1_348' title='bbox 1170 1849 1204 1880; x_wconf 92' lang='lat' dir='ltr'>ad</span> <span class='ocrx_word' id='word_1_349' title='bbox 1218 1857 1305 1887; x_wconf 89' lang='lat' dir='ltr'>partes</span> 
     </span>
     <span class='ocr_line' id='line_1_47' title="bbox 245 1887 1305 1927; baseline -0.003 -7"><span class='ocrx_word' id='word_1_350' title='bbox 245 1890 315 1927; x_wconf 89' lang='lat' dir='ltr'>ipsas</span> <span class='ocrx_word' id='word_1_351' title='bbox 348 1890 503 1920; x_wconf 90' lang='lat' dir='ltr'>rovidimus</span> <span class='ocrx_word' id='word_1_352' title='bbox 513 1888 728 1927; x_wconf 75' lang='lat' dir='ltr'>destinandum,</span> <span class='ocrx_word' id='word_1_353' title='bbox 747 1888 813 1926; x_wconf 89' lang='lat' dir='ltr'>qui,</span> <span class='ocrx_word' id='word_1_354' title='bbox 831 1887 900 1917; x_wconf 85' lang='lat' dir='ltr'>ficut</span> <span class='ocrx_word' id='word_1_355' title='bbox 913 1888 995 1917; x_wconf 91' lang='lat' dir='ltr'>nobis</span> <span class='ocrx_word' id='word_1_356' title='bbox 1009 1887 1081 1924; x_wconf 69' lang='lat' dir='ltr'>saepe</span> <span class='ocrx_word' id='word_1_357' title='bbox 1101 1887 1217 1918; x_wconf 88' lang='lat' dir='ltr'>relatum</span> <span class='ocrx_word' id='word_1_358' title='bbox 1237 1889 1305 1918; x_wconf 84' lang='lat' dir='ltr'>exti-</span> 
     </span>
     <span class='ocr_line' id='line_1_48' title="bbox 244 1924 1305 1966; baseline -0.002 -8"><span class='ocrx_word' id='word_1_359' title='bbox 244 1929 296 1966; x_wconf 86' lang='lat' dir='ltr'>tit,</span> <span class='ocrx_word' id='word_1_360' title='bbox 326 1939 357 1966; x_wconf 91' lang='lat' dir='ltr'>e,</span> <span class='ocrx_word' id='word_1_361' title='bbox 375 1936 511 1966; x_wconf 85' lang='lat' dir='ltr'>quantum</span> <span class='ocrx_word' id='word_1_362' title='bbox 526 1935 636 1966; x_wconf 87' lang='lat' dir='ltr'>poterat</span> <span class='ocrx_word' id='word_1_363' title='bbox 649 1936 718 1957; x_wconf 91' lang='lat' dir='ltr'>cum</span> <span class='ocrx_word' id='word_1_364' title='bbox 726 1924 855 1963; x_wconf 62' lang='lat' dir='ltr'>Justitifi,</span> <span class='ocrx_word' id='word_1_365' title='bbox 872 1926 905 1956; x_wconf 90' lang='lat'>&amp;</span> <span class='ocrx_word' id='word_1_366' title='bbox 920 1926 1073 1963; x_wconf 84' lang='lat' dir='ltr'>reperiebat</span> <span class='ocrx_word' id='word_1_367' title='bbox 1097 1925 1305 1963; x_wconf 84' lang='lat' dir='ltr'>obedientiam,</span> 
     </span>
     <span class='ocr_line' id='line_1_49' title="bbox 246 1963 1306 2002; baseline -0.001 -7"><span class='ocrx_word' id='word_1_368' title='bbox 246 1965 383 1996; x_wconf 84' lang='lat' dir='ltr'>reddebat</span> <span class='ocrx_word' id='word_1_369' title='bbox 397 1966 580 1998; x_wconf 88' lang='lat' dir='ltr'>favorabilem</span> <span class='ocrx_word' id='word_1_370' title='bbox 594 1965 669 1996; x_wconf 89' lang='lat' dir='ltr'>Parti</span> <span class='ocrx_word' id='word_1_371' title='bbox 683 1973 756 2002; x_wconf 85' lang='lat' dir='ltr'>tuae,</span> <span class='ocrx_word' id='word_1_372' title='bbox 774 1963 810 1994; x_wconf 91' lang='lat' dir='ltr'>de</span> <span class='ocrx_word' id='word_1_373' title='bbox 823 1972 881 2002; x_wconf 90' lang='lat' dir='ltr'>quo</span> <span class='ocrx_word' id='word_1_374' title='bbox 896 1963 988 1994; x_wconf 64' lang='lat' dir='ltr'>dietus</span> <span class='ocrx_word' id='word_1_375' title='bbox 1002 1963 1121 1995; x_wconf 87' lang='lat' dir='ltr'>Carolus</span> <span class='ocrx_word' id='word_1_376' title='bbox 1143 1974 1192 2002; x_wconf 89' lang='lat' dir='ltr'>per</span> <span class='ocrx_word' id='word_1_377' title='bbox 1215 1964 1306 1995; x_wconf 86' lang='lat' dir='ltr'>Litte-</span> 
     </span>
     <span class='ocr_line' id='line_1_50' title="bbox 245 2001 972 2043; baseline -0.004 -8"><span class='ocrx_word' id='word_1_378' title='bbox 245 2014 289 2036; x_wconf 83' lang='lat' dir='ltr'>ras</span> <span class='ocrx_word' id='word_1_379' title='bbox 300 2005 334 2035; x_wconf 89' lang='lat'>&amp;</span> <span class='ocrx_word' id='word_1_380' title='bbox 349 2004 486 2035; x_wconf 90' lang='lat' dir='ltr'>Nuncios</span> <span class='ocrx_word' id='word_1_381' title='bbox 501 2005 586 2034; x_wconf 86' lang='lat' dir='ltr'>nobis</span> <span class='ocrx_word' id='word_1_382' title='bbox 600 2004 719 2043; x_wconf 88' lang='lat' dir='ltr'>graviter</span> <span class='ocrx_word' id='word_1_383' title='bbox 734 2001 776 2032; x_wconf 90' lang='lat' dir='ltr'>est</span> <span class='ocrx_word' id='word_1_384' title='bbox 791 2001 972 2040; x_wconf 89' lang='lat' dir='ltr'>conquestus.</span> 
     </span>
    </p>

    <p class='ocr_par' dir='ltr' id='par_1_14' title="bbox 245 2039 1309 2273">
     <span class='ocr_line' id='line_1_51' title="bbox 285 2039 1308 2081; baseline -0.001 -8"><span class='ocrx_word' id='word_1_385' title='bbox 285 2042 316 2073; x_wconf 92' lang='lat' dir='ltr'>Si</span> <span class='ocrx_word' id='word_1_386' title='bbox 329 2045 400 2074; x_wconf 83' lang='lat' dir='ltr'>vero</span> <span class='ocrx_word' id='word_1_387' title='bbox 412 2042 503 2080; x_wconf 85' lang='lat' dir='ltr'>aliqua</span> <span class='ocrx_word' id='word_1_388' title='bbox 518 2041 622 2081; x_wconf 87' lang='lat' dir='ltr'>Injusta</span> <span class='ocrx_word' id='word_1_389' title='bbox 635 2042 682 2072; x_wconf 87' lang='lat' dir='ltr'>vel</span> <span class='ocrx_word' id='word_1_390' title='bbox 694 2040 825 2080; x_wconf 86' lang='lat' dir='ltr'>Injuriosa</span> <span class='ocrx_word' id='word_1_391' title='bbox 837 2041 934 2071; x_wconf 90' lang='lat' dir='ltr'>fecerit</span> <span class='ocrx_word' id='word_1_392' title='bbox 955 2039 1032 2071; x_wconf 90' lang='lat' dir='ltr'>idem</span> <span class='ocrx_word' id='word_1_393' title='bbox 1055 2040 1208 2080; x_wconf 87' lang='lat' dir='ltr'>Nuncius,</span> <span class='ocrx_word' id='word_1_394' title='bbox 1225 2042 1308 2081; x_wconf 89' lang='lat' dir='ltr'>igno-</span> 
     </span>
     <span class='ocr_line' id='line_1_52' title="bbox 245 2078 1308 2120; baseline -0.003 -8"><span class='ocrx_word' id='word_1_395' title='bbox 245 2090 360 2119; x_wconf 70' lang='lat' dir='ltr'>ramus,</span> <span class='ocrx_word' id='word_1_396' title='bbox 379 2080 425 2111; x_wconf 91' lang='lat' dir='ltr'>sed</span> <span class='ocrx_word' id='word_1_397' title='bbox 447 2080 557 2120; x_wconf 87' lang='lat' dir='ltr'>statim,</span> <span class='ocrx_word' id='word_1_398' title='bbox 571 2079 665 2112; x_wconf 66' lang='lat' dir='ltr'>audita</span> <span class='ocrx_word' id='word_1_399' title='bbox 683 2080 720 2110; x_wconf 91' lang='lat' dir='ltr'>de</span> <span class='ocrx_word' id='word_1_400' title='bbox 738 2080 798 2117; x_wconf 90' lang='lat' dir='ltr'>ipso</span> <span class='ocrx_word' id='word_1_401' title='bbox 823 2078 947 2118; x_wconf 63' lang='lat' dir='ltr'>Qerelii</span> <span class='ocrx_word' id='word_1_402' title='bbox 962 2087 1073 2110; x_wconf 85' lang='lat' dir='ltr'>tuarum</span> <span class='ocrx_word' id='word_1_403' title='bbox 1088 2078 1246 2118; x_wconf 90' lang='lat' dir='ltr'>Gentium,</span> <span class='ocrx_word' id='word_1_404' title='bbox 1264 2081 1308 2117; x_wconf 90' lang='lat' dir='ltr'>ip-</span> 
     </span>
     <span class='ocr_line' id='line_1_53' title="bbox 247 2117 1307 2157; baseline -0.002 -6"><span class='ocrx_word' id='word_1_405' title='bbox 247 2119 311 2151; x_wconf 85' lang='lat' dir='ltr'>sum</span> <span class='ocrx_word' id='word_1_406' title='bbox 325 2120 539 2157; x_wconf 85' lang='lat' dir='ltr'>revocavimus,</span> <span class='ocrx_word' id='word_1_407' title='bbox 557 2119 685 2157; x_wconf 88' lang='lat' dir='ltr'>quamvis</span> <span class='ocrx_word' id='word_1_408' title='bbox 698 2118 725 2148; x_wconf 90' lang='lat' dir='ltr'>se</span> <span class='ocrx_word' id='word_1_409' title='bbox 739 2128 789 2156; x_wconf 87' lang='lat' dir='ltr'>per</span> <span class='ocrx_word' id='word_1_410' title='bbox 801 2117 858 2148; x_wconf 88' lang='lat' dir='ltr'>suas</span> <span class='ocrx_word' id='word_1_411' title='bbox 873 2117 992 2148; x_wconf 86' lang='lat' dir='ltr'>Litteras</span> <span class='ocrx_word' id='word_1_412' title='bbox 1006 2117 1129 2148; x_wconf 89' lang='lat' dir='ltr'>multum</span> <span class='ocrx_word' id='word_1_413' title='bbox 1148 2118 1227 2155; x_wconf 87' lang='lat' dir='ltr'>super</span> <span class='ocrx_word' id='word_1_414' title='bbox 1247 2118 1307 2149; x_wconf 92' lang='lat' dir='ltr'>hoc</span> 
     </span>
     <span class='ocr_line' id='line_1_54' title="bbox 249 2155 1307 2197; baseline -0.002 -9"><span class='ocrx_word' id='word_1_415' title='bbox 249 2158 439 2197; x_wconf 69' lang='lat' dir='ltr'>excusaverit,</span> <span class='ocrx_word' id='word_1_416' title='bbox 457 2159 491 2189; x_wconf 91' lang='lat'>&amp;</span> <span class='ocrx_word' id='word_1_417' title='bbox 503 2157 607 2188; x_wconf 83' lang='lat' dir='ltr'>deinde</span> <span class='ocrx_word' id='word_1_418' title='bbox 622 2156 731 2187; x_wconf 90' lang='lat' dir='ltr'>rediens</span> <span class='ocrx_word' id='word_1_419' title='bbox 744 2156 779 2187; x_wconf 88' lang='lat' dir='ltr'>ad</span> <span class='ocrx_word' id='word_1_420' title='bbox 794 2155 897 2186; x_wconf 88' lang='lat' dir='ltr'>Sedem</span> <span class='ocrx_word' id='word_1_421' title='bbox 912 2155 1108 2193; x_wconf 87' lang='lat' dir='ltr'>Apostolicam</span> <span class='ocrx_word' id='word_1_422' title='bbox 1119 2157 1210 2187; x_wconf 90' lang='lat' dir='ltr'>verbo</span> <span class='ocrx_word' id='word_1_423' title='bbox 1225 2157 1307 2187; x_wconf 89' lang='lat' dir='ltr'>tenus</span> 
     </span>
     <span class='ocr_line' id='line_1_55' title="bbox 250 2193 1308 2234; baseline -0.002 -7"><span class='ocrx_word' id='word_1_424' title='bbox 250 2196 278 2227; x_wconf 88' lang='lat' dir='ltr'>se</span> <span class='ocrx_word' id='word_1_425' title='bbox 299 2196 424 2234; x_wconf 80' lang='lat' dir='ltr'>excuset,</span> <span class='ocrx_word' id='word_1_426' title='bbox 452 2196 503 2234; x_wconf 76' lang='grc' dir='ltr'>δε,</span> <span class='ocrx_word' id='word_1_427' title='bbox 529 2196 549 2226; x_wconf 87' lang='lat' dir='ltr'>fi</span> <span class='ocrx_word' id='word_1_428' title='bbox 570 2196 652 2226; x_wconf 90' lang='lat' dir='ltr'>nobis</span> <span class='ocrx_word' id='word_1_429' title='bbox 672 2194 857 2225; x_wconf 84' lang='lat' dir='ltr'>innotuissent</span> <span class='ocrx_word' id='word_1_430' title='bbox 877 2194 968 2232; x_wconf 90' lang='lat' dir='ltr'>aliqua</span> <span class='ocrx_word' id='word_1_431' title='bbox 988 2193 1025 2224; x_wconf 91' lang='lat' dir='ltr'>de</span> <span class='ocrx_word' id='word_1_432' title='bbox 1044 2193 1201 2232; x_wconf 66' lang='lat' dir='ltr'>praedietis,</span> <span class='ocrx_word' id='word_1_433' title='bbox 1218 2195 1308 2232; x_wconf 91' lang='lat' dir='ltr'>ipsum</span> 
     </span>
     <span class='ocr_line' id='line_1_56' title="bbox 248 2232 1309 2273; baseline -0.001 -8"><span class='ocrx_word' id='word_1_434' title='bbox 248 2234 483 2273; x_wconf 85' lang='lat' dir='ltr'>correxissemus,</span> <span class='ocrx_word' id='word_1_435' title='bbox 501 2235 534 2267; x_wconf 76' lang='grc' dir='ltr'>ὃς</span> <span class='ocrx_word' id='word_1_436' title='bbox 546 2234 655 2273; x_wconf 86' lang='lat' dir='ltr'>adhuc,</span> <span class='ocrx_word' id='word_1_437' title='bbox 671 2233 692 2265; x_wconf 91' lang='lat' dir='ltr'>fi</span> <span class='ocrx_word' id='word_1_438' title='bbox 705 2233 787 2265; x_wconf 88' lang='lat' dir='ltr'>nobis</span> <span class='ocrx_word' id='word_1_439' title='bbox 798 2232 835 2264; x_wconf 91' lang='lat' dir='ltr'>de</span> <span class='ocrx_word' id='word_1_440' title='bbox 847 2232 898 2264; x_wconf 87' lang='lat' dir='ltr'>illis</span> <span class='ocrx_word' id='word_1_441' title='bbox 911 2232 1071 2271; x_wconf 85' lang='lat' dir='ltr'>constaret,</span> <span class='ocrx_word' id='word_1_442' title='bbox 1088 2233 1309 2272; x_wconf 85' lang='lat' dir='ltr'>corrigeremus,</span> 
     </span>
    </p>

    <p class='ocr_par' dir='ltr' id='par_1_15' title="bbox 244 2272 522 2312">
     <span class='ocr_line' id='line_1_57' title="bbox 244 2272 522 2312; baseline 0 -8"><span class='ocrx_word' id='word_1_443' title='bbox 244 2272 359 2312; x_wconf 69' lang='lat' dir='ltr'>Just-itia</span> <span class='ocrx_word' id='word_1_444' title='bbox 373 2274 522 2312; x_wconf 75' lang='lat' dir='ltr'>exigente,</span> 
     </span>
    </p>

    <p class='ocr_par' dir='ltr' id='par_1_16' title="bbox 287 2311 718 2350">
     <span class='ocr_line' id='line_1_58' title="bbox 287 2311 718 2350; baseline 0 -8"><span class='ocrx_word' id='word_1_445' title='bbox 287 2311 345 2342; x_wconf 89' lang='lat' dir='ltr'>Sed</span> <span class='ocrx_word' id='word_1_446' title='bbox 359 2311 396 2342; x_wconf 91' lang='lat' dir='ltr'>de</span> <span class='ocrx_word' id='word_1_447' title='bbox 410 2311 534 2344; x_wconf 89' lang='lat' dir='ltr'>Civitate</span> <span class='ocrx_word' id='word_1_448' title='bbox 548 2311 718 2350; x_wconf 84' lang='lat' dir='ltr'>Venetenfi,</span> 
     </span>
    </p>

    <p class='ocr_par' dir='ltr' id='par_1_17' title="bbox 249 2348 1313 2543">
     <span class='ocr_line' id='line_1_59' title="bbox 290 2348 1310 2389; baseline -0.003 -8"><span class='ocrx_word' id='word_1_449' title='bbox 290 2350 369 2388; x_wconf 80' lang='lat' dir='ltr'>Qiae</span> <span class='ocrx_word' id='word_1_450' title='bbox 384 2374 394 2389; x_wconf 85' lang='lat'>,</span> <span class='ocrx_word' id='word_1_451' title='bbox 419 2351 574 2381; x_wconf 88' lang='lat' dir='ltr'>secundum</span> <span class='ocrx_word' id='word_1_452' title='bbox 596 2358 727 2381; x_wconf 90' lang='lat' dir='ltr'>tenorem</span> <span class='ocrx_word' id='word_1_453' title='bbox 750 2349 933 2387; x_wconf 87' lang='lat' dir='ltr'>Treugarum</span> <span class='ocrx_word' id='word_1_454' title='bbox 954 2349 1073 2387; x_wconf 85' lang='lat' dir='ltr'>ipsarum</span> <span class='ocrx_word' id='word_1_455' title='bbox 1087 2371 1098 2386; x_wconf 94' lang='lat'>,</span> <span class='ocrx_word' id='word_1_456' title='bbox 1129 2349 1159 2378; x_wconf 90' lang='lat' dir='ltr'>in</span> <span class='ocrx_word' id='word_1_457' title='bbox 1182 2348 1310 2378; x_wconf 86' lang='lat' dir='ltr'>manibus</span> 
     </span>
     <span class='ocr_line' id='line_1_60' title="bbox 249 2386 1311 2428; baseline -0.005 -8"><span class='ocrx_word' id='word_1_458' title='bbox 249 2388 441 2420; x_wconf 87' lang='lat' dir='ltr'>Nunciorum</span> <span class='ocrx_word' id='word_1_459' title='bbox 455 2388 621 2420; x_wconf 87' lang='lat' dir='ltr'>nostrorum</span> <span class='ocrx_word' id='word_1_460' title='bbox 633 2388 854 2428; x_wconf 65' lang='lat' dir='ltr'>praedictorum,</span> <span class='ocrx_word' id='word_1_461' title='bbox 872 2388 989 2418; x_wconf 88' lang='lat' dir='ltr'>nomine</span> <span class='ocrx_word' id='word_1_462' title='bbox 1002 2387 1102 2418; x_wconf 90' lang='lat' dir='ltr'>nostro</span> <span class='ocrx_word' id='word_1_463' title='bbox 1122 2388 1155 2418; x_wconf 90' lang='lat'>&amp;</span> <span class='ocrx_word' id='word_1_464' title='bbox 1177 2386 1311 2418; x_wconf 83' lang='lat' dir='ltr'>Ecclesiae</span> 
     </span>
     <span class='ocr_line' id='line_1_61' title="bbox 250 2424 1312 2474; baseline -0.004 -16"><span class='ocrx_word' id='word_1_465' title='bbox 250 2426 414 2466; x_wconf 88' lang='lat' dir='ltr'>Romanae,</span> <span class='ocrx_word' id='word_1_466' title='bbox 431 2427 575 2466; x_wconf 80' lang='lat' dir='ltr'>remansit,</span> <span class='ocrx_word' id='word_1_467' title='bbox 590 2428 623 2459; x_wconf 92' lang='lat'>&amp;</span> <span class='ocrx_word' id='word_1_468' title='bbox 635 2436 700 2458; x_wconf 91' lang='lat' dir='ltr'>toto</span> <span class='ocrx_word' id='word_1_469' title='bbox 711 2435 841 2465; x_wconf 89' lang='lat' dir='ltr'>tempore</span> <span class='ocrx_word' id='word_1_470' title='bbox 854 2426 1035 2474; x_wconf 66' lang='lat' dir='ltr'>Treugarum</span> <span class='ocrx_word' id='word_1_471' title='bbox 1055 2424 1157 2456; x_wconf 87' lang='lat' dir='ltr'>eodem</span> <span class='ocrx_word' id='word_1_472' title='bbox 1177 2425 1312 2455; x_wconf 88' lang='lat' dir='ltr'>Nomine</span> 
     </span>
     <span class='ocr_line' id='line_1_62' title="bbox 250 2463 1313 2504; baseline -0.003 -8"><span class='ocrx_word' id='word_1_473' title='bbox 250 2467 342 2497; x_wconf 90' lang='lat' dir='ltr'>teneri</span> <span class='ocrx_word' id='word_1_474' title='bbox 355 2466 453 2498; x_wconf 86' lang='lat' dir='ltr'>debuit</span> <span class='ocrx_word' id='word_1_475' title='bbox 467 2467 501 2498; x_wconf 89' lang='lat'>&amp;</span> <span class='ocrx_word' id='word_1_476' title='bbox 515 2467 600 2497; x_wconf 89' lang='lat' dir='ltr'>etiam</span> <span class='ocrx_word' id='word_1_477' title='bbox 615 2467 780 2504; x_wconf 85' lang='lat' dir='ltr'>gubernari,</span> <span class='ocrx_word' id='word_1_478' title='bbox 798 2466 832 2496; x_wconf 88' lang='lat'>&amp;</span> <span class='ocrx_word' id='word_1_479' title='bbox 844 2465 881 2496; x_wconf 90' lang='lat' dir='ltr'>de</span> <span class='ocrx_word' id='word_1_480' title='bbox 900 2475 973 2503; x_wconf 91' lang='lat' dir='ltr'>qua,</span> <span class='ocrx_word' id='word_1_481' title='bbox 991 2466 1020 2495; x_wconf 89' lang='lat' dir='ltr'>in</span> <span class='ocrx_word' id='word_1_482' title='bbox 1039 2463 1096 2494; x_wconf 88' lang='lat' dir='ltr'>fine</span> <span class='ocrx_word' id='word_1_483' title='bbox 1116 2464 1313 2503; x_wconf 84' lang='lat' dir='ltr'>Treugarum,</span> 
     </span>
     <span class='ocr_line' id='line_1_63' title="bbox 250 2504 1007 2543; baseline -0.001 -8"><span class='ocrx_word' id='word_1_484' title='bbox 250 2504 328 2535; x_wconf 85' lang='lat' dir='ltr'>suam</span> <span class='ocrx_word' id='word_1_485' title='bbox 341 2513 471 2543; x_wconf 86' lang='lat' dir='ltr'>poterant</span> <span class='ocrx_word' id='word_1_486' title='bbox 485 2505 572 2536; x_wconf 89' lang='lat' dir='ltr'>iidem</span> <span class='ocrx_word' id='word_1_487' title='bbox 586 2504 696 2535; x_wconf 89' lang='lat' dir='ltr'>Nuncii</span> <span class='ocrx_word' id='word_1_488' title='bbox 708 2504 798 2534; x_wconf 87' lang='lat' dir='ltr'>facere</span> <span class='ocrx_word' id='word_1_489' title='bbox 812 2504 1007 2542; x_wconf 87' lang='lat' dir='ltr'>voluntatem,</span> 
     </span>
    </p>

    <p class='ocr_par' dir='ltr' id='par_1_18' title="bbox 253 2539 1315 2697">
     <span class='ocr_line' id='line_1_64' title="bbox 292 2539 1313 2582; baseline -0.005 -8"><span class='ocrx_word' id='word_1_490' title='bbox 292 2542 408 2582; x_wconf 84' lang='lat' dir='ltr'>Quam,</span> <span class='ocrx_word' id='word_1_491' title='bbox 427 2543 465 2574; x_wconf 92' lang='lat' dir='ltr'>illi</span> <span class='ocrx_word' id='word_1_492' title='bbox 478 2543 514 2574; x_wconf 93' lang='lat' dir='ltr'>de</span> <span class='ocrx_word' id='word_1_493' title='bbox 525 2551 601 2582; x_wconf 85' lang='lat' dir='ltr'>parte</span> <span class='ocrx_word' id='word_1_494' title='bbox 614 2542 680 2581; x_wconf 70' lang='lat' dir='ltr'>tua,</span> <span class='ocrx_word' id='word_1_495' title='bbox 697 2542 812 2581; x_wconf 84' lang='lat' dir='ltr'>expulsis</span> <span class='ocrx_word' id='word_1_496' title='bbox 824 2542 861 2573; x_wconf 91' lang='lat' dir='ltr'>de</span> <span class='ocrx_word' id='word_1_497' title='bbox 872 2541 930 2581; x_wconf 73' lang='lat' dir='ltr'>ipsa</span> <span class='ocrx_word' id='word_1_498' title='bbox 942 2541 991 2571; x_wconf 88' lang='lat' dir='ltr'>illis</span> <span class='ocrx_word' id='word_1_499' title='bbox 1005 2541 1053 2579; x_wconf 88' lang='lat' dir='ltr'>qui</span> <span class='ocrx_word' id='word_1_500' title='bbox 1067 2549 1146 2578; x_wconf 87' lang='lat' dir='ltr'>eam,</span> <span class='ocrx_word' id='word_1_501' title='bbox 1163 2539 1264 2571; x_wconf 88' lang='lat' dir='ltr'>nostro</span> <span class='ocrx_word' id='word_1_502' title='bbox 1279 2539 1313 2569; x_wconf 66' lang='grc' dir='ltr'>ὅ(</span> 
     </span>
     <span class='ocr_line' id='line_1_65' title="bbox 253 2578 1313 2620; baseline -0.003 -8"><span class='ocrx_word' id='word_1_503' title='bbox 253 2579 389 2612; x_wconf 81' lang='lat' dir='ltr'>Ecclesiae</span> <span class='ocrx_word' id='word_1_504' title='bbox 409 2581 553 2612; x_wconf 87' lang='lat' dir='ltr'>Romanae</span> <span class='ocrx_word' id='word_1_505' title='bbox 573 2583 691 2612; x_wconf 91' lang='lat' dir='ltr'>nomine</span> <span class='ocrx_word' id='word_1_506' title='bbox 704 2605 713 2618; x_wconf 85' lang='lat'>,</span> <span class='ocrx_word' id='word_1_507' title='bbox 737 2581 870 2612; x_wconf 87' lang='lat' dir='ltr'>tenebant</span> <span class='ocrx_word' id='word_1_508' title='bbox 888 2581 922 2611; x_wconf 91' lang='lat'>&amp;</span> <span class='ocrx_word' id='word_1_509' title='bbox 941 2581 1074 2620; x_wconf 88' lang='lat' dir='ltr'>regebant</span> <span class='ocrx_word' id='word_1_510' title='bbox 1088 2602 1098 2618; x_wconf 84' lang='lat'>,</span> <span class='ocrx_word' id='word_1_511' title='bbox 1122 2578 1260 2610; x_wconf 91' lang='lat' dir='ltr'>violenter</span> <span class='ocrx_word' id='word_1_512' title='bbox 1280 2579 1313 2609; x_wconf 92' lang='lat'>&amp;</span> 
     </span>
     <span class='ocr_line' id='line_1_66' title="bbox 253 2618 1315 2657; baseline -0.004 -7"><span class='ocrx_word' id='word_1_513' title='bbox 253 2620 388 2657; x_wconf 79' lang='lat' dir='ltr'>turpiter,</span> <span class='ocrx_word' id='word_1_514' title='bbox 404 2620 435 2649; x_wconf 95' lang='lat' dir='ltr'>in</span> <span class='ocrx_word' id='word_1_515' title='bbox 450 2620 580 2650; x_wconf 88' lang='lat' dir='ltr'>nostrum</span> <span class='ocrx_word' id='word_1_516' title='bbox 593 2622 626 2651; x_wconf 88' lang='lat'>&amp;</span> <span class='ocrx_word' id='word_1_517' title='bbox 640 2619 763 2657; x_wconf 87' lang='lat' dir='ltr'>ejusdem</span> <span class='ocrx_word' id='word_1_518' title='bbox 777 2619 913 2650; x_wconf 79' lang='lat' dir='ltr'>Ecclefiae</span> <span class='ocrx_word' id='word_1_519' title='bbox 933 2626 1133 2655; x_wconf 89' lang='lat' dir='ltr'>contemptum</span> <span class='ocrx_word' id='word_1_520' title='bbox 1153 2618 1187 2649; x_wconf 90' lang='lat'>&amp;</span> <span class='ocrx_word' id='word_1_521' title='bbox 1207 2625 1315 2654; x_wconf 87' lang='lat' dir='ltr'>oppro-</span> 
     </span>
     <span class='ocr_line' id='line_1_67' title="bbox 254 2655 1134 2697; baseline -0.002 -10"><span class='ocrx_word' id='word_1_522' title='bbox 254 2657 365 2695; x_wconf 90' lang='lat' dir='ltr'>brium,</span> <span class='ocrx_word' id='word_1_523' title='bbox 382 2658 525 2688; x_wconf 91' lang='lat' dir='ltr'>veniendo</span> <span class='ocrx_word' id='word_1_524' title='bbox 538 2666 637 2688; x_wconf 91' lang='lat' dir='ltr'>contra</span> <span class='ocrx_word' id='word_1_525' title='bbox 649 2658 777 2697; x_wconf 80' lang='lat' dir='ltr'>Treugas</span> <span class='ocrx_word' id='word_1_526' title='bbox 790 2658 923 2695; x_wconf 76' lang='lat' dir='ltr'>notorie,</span> <span class='ocrx_word' id='word_1_527' title='bbox 940 2655 1134 2694; x_wconf 70' lang='lat' dir='ltr'>occupatum,</span> 
     </span>
    </p>

    <p class='ocr_par' dir='ltr' id='par_1_19' title="bbox 291 2693 1194 2732">
     <span class='ocr_line' id='line_1_68' title="bbox 291 2693 1194 2732; baseline -0.002 -6"><span class='ocrx_word' id='word_1_528' title='bbox 291 2695 478 2726; x_wconf 88' lang='lat' dir='ltr'>Mentionem</span> <span class='ocrx_word' id='word_1_529' title='bbox 491 2695 599 2726; x_wconf 77' lang='lat' dir='ltr'>eaedem</span> <span class='ocrx_word' id='word_1_530' title='bbox 612 2703 670 2726; x_wconf 77' lang='lat' dir='ltr'>tuae</span> <span class='ocrx_word' id='word_1_531' title='bbox 686 2696 803 2726; x_wconf 84' lang='lat' dir='ltr'>Litterae</span> <span class='ocrx_word' id='word_1_532' title='bbox 816 2706 876 2726; x_wconf 90' lang='lat' dir='ltr'>non</span> <span class='ocrx_word' id='word_1_533' title='bbox 891 2695 1018 2726; x_wconf 87' lang='lat' dir='ltr'>fecerunt</span> <span class='ocrx_word' id='word_1_534' title='bbox 1032 2693 1194 2732; x_wconf 66' lang='lat' dir='ltr'>praedidiae3</span> 
     </span>
    </p>

    <p class='ocr_par' dir='ltr' id='par_1_20' title="bbox 253 2731 1316 2807">
     <span class='ocr_line' id='line_1_69' title="bbox 293 2731 1316 2771; baseline -0.004 -7"><span class='ocrx_word' id='word_1_535' title='bbox 293 2732 429 2764; x_wconf 88' lang='lat' dir='ltr'>Attendat</span> <span class='ocrx_word' id='word_1_536' title='bbox 449 2742 543 2764; x_wconf 88' lang='lat' dir='ltr'>autem</span> <span class='ocrx_word' id='word_1_537' title='bbox 563 2741 610 2762; x_wconf 90' lang='lat' dir='ltr'>tua</span> <span class='ocrx_word' id='word_1_538' title='bbox 627 2733 744 2771; x_wconf 84' lang='lat' dir='ltr'>Regalis</span> <span class='ocrx_word' id='word_1_539' title='bbox 765 2732 1012 2771; x_wconf 69' lang='lat' dir='ltr'>Circumspeffio,</span> <span class='ocrx_word' id='word_1_540' title='bbox 1037 2733 1057 2763; x_wconf 85' lang='lat' dir='ltr'>si</span> <span class='ocrx_word' id='word_1_541' title='bbox 1080 2733 1144 2763; x_wconf 83' lang='lat' dir='ltr'>haec</span> <span class='ocrx_word' id='word_1_542' title='bbox 1164 2731 1316 2762; x_wconf 84' lang='lat' dir='ltr'>debeamus</span> 
     </span>
     <span class='ocr_line' id='line_1_70' title="bbox 253 2769 1248 2807; baseline -0.003 -6"><span class='ocrx_word' id='word_1_543' title='bbox 253 2772 289 2804; x_wconf 90' lang='lat'>&amp;</span> <span class='ocrx_word' id='word_1_544' title='bbox 323 2770 439 2801; x_wconf 81' lang='lat' dir='ltr'>ossimus</span> <span class='ocrx_word' id='word_1_545' title='bbox 452 2771 502 2801; x_wconf 90' lang='lat' dir='ltr'>sub</span> <span class='ocrx_word' id='word_1_546' title='bbox 515 2769 731 2800; x_wconf 85' lang='lat' dir='ltr'>diffimulatione</span> <span class='ocrx_word' id='word_1_547' title='bbox 746 2772 964 2802; x_wconf 86' lang='lat' dir='ltr'>conniventibus</span> <span class='ocrx_word' id='word_1_548' title='bbox 978 2771 1067 2802; x_wconf 88' lang='lat' dir='ltr'>oculis</span> <span class='ocrx_word' id='word_1_549' title='bbox 1080 2770 1248 2807; x_wconf 80' lang='lat' dir='ltr'>pertransire.</span> 
     </span>
    </p>

    <p class='ocr_par' dir='ltr' id='par_1_21' title="bbox 254 2807 1318 3038">
     <span class='ocr_line' id='line_1_71' title="bbox 327 2807 1316 2847; baseline -0.003 -8"><span class='ocrx_word' id='word_1_550' title='bbox 327 2810 446 2847; x_wconf 90' lang='lat' dir='ltr'>eriique,</span> <span class='ocrx_word' id='word_1_551' title='bbox 466 2808 587 2839; x_wconf 59' lang='lat' dir='ltr'>Dilecto</span> <span class='ocrx_word' id='word_1_552' title='bbox 608 2808 698 2844; x_wconf 69' lang='lat' dir='ltr'>Filio,</span> <span class='ocrx_word' id='word_1_553' title='bbox 716 2807 822 2838; x_wconf 88' lang='lat' dir='ltr'>Nobili</span> <span class='ocrx_word' id='word_1_554' title='bbox 842 2808 931 2846; x_wconf 91' lang='lat' dir='ltr'>Viro,</span> <span class='ocrx_word' id='word_1_555' title='bbox 947 2809 1080 2839; x_wconf 86' lang='lat' dir='ltr'>Henrico</span> <span class='ocrx_word' id='word_1_556' title='bbox 1102 2807 1219 2839; x_wconf 86' lang='lat' dir='ltr'>Comite</span> <span class='ocrx_word' id='word_1_557' title='bbox 1240 2807 1316 2837; x_wconf 87' lang='lat' dir='ltr'>Der-</span> 
     </span>
     <span class='ocr_line' id='line_1_72' title="bbox 256 2844 1317 2888; baseline -0.003 -10"><span class='ocrx_word' id='word_1_558' title='bbox 256 2849 353 2888; x_wconf 84' lang='lat' dir='ltr'>beyae,</span> <span class='ocrx_word' id='word_1_559' title='bbox 379 2847 462 2878; x_wconf 73' lang='lat' dir='ltr'>causa</span> <span class='ocrx_word' id='word_1_560' title='bbox 482 2846 659 2884; x_wconf 85' lang='lat' dir='ltr'>devotionis,</span> <span class='ocrx_word' id='word_1_561' title='bbox 681 2844 787 2883; x_wconf 89' lang='lat' dir='ltr'>suisque</span> <span class='ocrx_word' id='word_1_562' title='bbox 807 2845 864 2876; x_wconf 87' lang='lat' dir='ltr'>aliis</span> <span class='ocrx_word' id='word_1_563' title='bbox 886 2847 1138 2883; x_wconf 82' lang='lat' dir='ltr'>oportunitatibus,</span> <span class='ocrx_word' id='word_1_564' title='bbox 1161 2846 1194 2876; x_wconf 91' lang='lat' dir='ltr'>ad</span> <span class='ocrx_word' id='word_1_565' title='bbox 1215 2846 1317 2876; x_wconf 91' lang='lat' dir='ltr'>Sedem</span> 
     </span>
     <span class='ocr_line' id='line_1_73' title="bbox 254 2884 1318 2924; baseline -0.005 -7"><span class='ocrx_word' id='word_1_566' title='bbox 254 2887 388 2918; x_wconf 86' lang='lat' dir='ltr'>veniente</span> <span class='ocrx_word' id='word_1_567' title='bbox 400 2884 599 2924; x_wconf 89' lang='lat' dir='ltr'>Apostolicam</span> <span class='ocrx_word' id='word_1_568' title='bbox 608 2907 618 2921; x_wconf 90' lang='lat'>,</span> <span class='ocrx_word' id='word_1_569' title='bbox 634 2894 668 2914; x_wconf 91' lang='lat' dir='ltr'>ac</span> <span class='ocrx_word' id='word_1_570' title='bbox 679 2894 695 2914; x_wconf 89' lang='lat' dir='ltr'>a</span> <span class='ocrx_word' id='word_1_571' title='bbox 707 2884 792 2914; x_wconf 89' lang='lat' dir='ltr'>nobis</span> <span class='ocrx_word' id='word_1_572' title='bbox 805 2884 927 2915; x_wconf 87' lang='lat' dir='ltr'>laetanter</span> <span class='ocrx_word' id='word_1_573' title='bbox 942 2886 976 2916; x_wconf 70' lang='grc' dir='ltr'>ὃς</span> <span class='ocrx_word' id='word_1_574' title='bbox 992 2885 1113 2922; x_wconf 81' lang='lat' dir='ltr'>benigne</span> <span class='ocrx_word' id='word_1_575' title='bbox 1128 2892 1262 2921; x_wconf 88' lang='lat' dir='ltr'>recepto,</span> <span class='ocrx_word' id='word_1_576' title='bbox 1275 2884 1318 2912; x_wconf 92' lang='lat' dir='ltr'>su-</span> 
     </span>
     <span class='ocr_line' id='line_1_74' title="bbox 254 2921 1318 2963; baseline -0.004 -8"><span class='ocrx_word' id='word_1_577' title='bbox 254 2934 305 2963; x_wconf 87' lang='lat' dir='ltr'>per</span> <span class='ocrx_word' id='word_1_578' title='bbox 327 2924 420 2955; x_wconf 89' lang='lat' dir='ltr'>modis</span> <span class='ocrx_word' id='word_1_579' title='bbox 442 2924 475 2954; x_wconf 91' lang='lat'>&amp;</span> <span class='ocrx_word' id='word_1_580' title='bbox 492 2924 543 2955; x_wconf 89' lang='lat' dir='ltr'>viis</span> <span class='ocrx_word' id='word_1_581' title='bbox 565 2924 666 2960; x_wconf 87' lang='lat' dir='ltr'>quibus</span> <span class='ocrx_word' id='word_1_582' title='bbox 683 2922 801 2961; x_wconf 84' lang='lat' dir='ltr'>melius,</span> <span class='ocrx_word' id='word_1_583' title='bbox 818 2922 929 2961; x_wconf 74' lang='lat' dir='ltr'>utilius,</span> <span class='ocrx_word' id='word_1_584' title='bbox 947 2923 980 2953; x_wconf 88' lang='lat'>&amp;</span> <span class='ocrx_word' id='word_1_585' title='bbox 995 2921 1101 2953; x_wconf 73' lang='lat' dir='ltr'>facilius</span> <span class='ocrx_word' id='word_1_586' title='bbox 1115 2921 1206 2959; x_wconf 87' lang='lat' dir='ltr'>posset</span> <span class='ocrx_word' id='word_1_587' title='bbox 1221 2922 1318 2959; x_wconf 87' lang='lat' dir='ltr'>attingi</span> 
     </span>
     <span class='ocr_line' id='line_1_75' title="bbox 255 2960 1318 2999; baseline -0.004 -5"><span class='ocrx_word' id='word_1_588' title='bbox 255 2963 290 2993; x_wconf 86' lang='lat' dir='ltr'>ad</span> <span class='ocrx_word' id='word_1_589' title='bbox 309 2962 390 2994; x_wconf 87' lang='lat' dir='ltr'>Pacis</span> <span class='ocrx_word' id='word_1_590' title='bbox 411 2962 644 2992; x_wconf 88' lang='lat' dir='ltr'>reformationem</span> <span class='ocrx_word' id='word_1_591' title='bbox 663 2960 824 2999; x_wconf 66' lang='lat' dir='ltr'>praedietae,</span> <span class='ocrx_word' id='word_1_592' title='bbox 842 2971 912 2992; x_wconf 87' lang='lat' dir='ltr'>curn</span> <span class='ocrx_word' id='word_1_593' title='bbox 934 2962 993 2999; x_wconf 87' lang='lat' dir='ltr'>ipso</span> <span class='ocrx_word' id='word_1_594' title='bbox 1007 2960 1157 2991; x_wconf 62' lang='lat' dir='ltr'>Traaatus</span> <span class='ocrx_word' id='word_1_595' title='bbox 1170 2960 1318 2991; x_wconf 87' lang='lat' dir='ltr'>habuimus</span> 
     </span>
     <span class='ocr_line' id='line_1_76' title="bbox 255 3000 610 3038; baseline -0.011 -5"><span class='ocrx_word' id='word_1_596' title='bbox 255 3001 425 3033; x_wconf 87' lang='lat' dir='ltr'>familiariter</span> <span class='ocrx_word' id='word_1_597' title='bbox 438 3001 472 3031; x_wconf 85' lang='lat'>&amp;</span> <span class='ocrx_word' id='word_1_598' title='bbox 486 3000 610 3038; x_wconf 74' lang='lat' dir='ltr'>secrete,</span> 
     </span>
    </p>

    <p class='ocr_par' dir='ltr' id='par_1_22' title="bbox 256 3035 1319 3222">
     <span class='ocr_line' id='line_1_77' title="bbox 294 3035 1318 3075; baseline -0.004 -5"><span class='ocrx_word' id='word_1_599' title='bbox 294 3039 333 3070; x_wconf 91' lang='lat' dir='ltr'>Et</span> <span class='ocrx_word' id='word_1_600' title='bbox 347 3038 521 3070; x_wconf 87' lang='lat' dir='ltr'>attendentes</span> <span class='ocrx_word' id='word_1_601' title='bbox 534 3036 693 3075; x_wconf 84' lang='lat' dir='ltr'>diligentius</span> <span class='ocrx_word' id='word_1_602' title='bbox 708 3036 786 3075; x_wconf 88' lang='lat' dir='ltr'>quod</span> <span class='ocrx_word' id='word_1_603' title='bbox 799 3036 850 3067; x_wconf 92' lang='lat' dir='ltr'>Tu</span> <span class='ocrx_word' id='word_1_604' title='bbox 865 3035 927 3074; x_wconf 89' lang='lat' dir='ltr'>(Fili</span> <span class='ocrx_word' id='word_1_605' title='bbox 943 3036 1132 3073; x_wconf 59' lang='lat' dir='ltr'>dilectissime)</span> <span class='ocrx_word' id='word_1_606' title='bbox 1155 3046 1242 3074; x_wconf 91' lang='lat' dir='ltr'>quem</span> <span class='ocrx_word' id='word_1_607' title='bbox 1261 3035 1318 3066; x_wconf 90' lang='lat' dir='ltr'>Di-</span> 
     </span>
     <span class='ocr_line' id='line_1_78' title="bbox 256 3074 1318 3116; baseline -0.003 -9"><span class='ocrx_word' id='word_1_608' title='bbox 256 3076 394 3108; x_wconf 85' lang='lat' dir='ltr'>stributor</span> <span class='ocrx_word' id='word_1_609' title='bbox 407 3078 559 3116; x_wconf 85' lang='lat' dir='ltr'>gratiarum</span> <span class='ocrx_word' id='word_1_610' title='bbox 573 3077 706 3106; x_wconf 89' lang='lat' dir='ltr'>omnium</span> <span class='ocrx_word' id='word_1_611' title='bbox 720 3075 816 3106; x_wconf 88' lang='lat' dir='ltr'>multis</span> <span class='ocrx_word' id='word_1_612' title='bbox 830 3075 976 3105; x_wconf 89' lang='lat' dir='ltr'>virtutibus</span> <span class='ocrx_word' id='word_1_613' title='bbox 989 3075 1150 3111; x_wconf 90' lang='lat' dir='ltr'>decoravit,</span> <span class='ocrx_word' id='word_1_614' title='bbox 1169 3074 1204 3105; x_wconf 89' lang='lat' dir='ltr'>ad</span> <span class='ocrx_word' id='word_1_615' title='bbox 1224 3074 1318 3112; x_wconf 89' lang='lat' dir='ltr'>prose-</span> 
     </span>
     <span class='ocr_line' id='line_1_79' title="bbox 256 3112 1318 3153; baseline -0.004 -7"><span class='ocrx_word' id='word_1_616' title='bbox 256 3115 405 3153; x_wconf 89' lang='lat' dir='ltr'>quendum</span> <span class='ocrx_word' id='word_1_617' title='bbox 422 3115 479 3146; x_wconf 90' lang='lat' dir='ltr'>Dei</span> <span class='ocrx_word' id='word_1_618' title='bbox 496 3115 659 3153; x_wconf 84' lang='lat' dir='ltr'>Negotium</span> <span class='ocrx_word' id='word_1_619' title='bbox 673 3112 800 3144; x_wconf 90' lang='lat' dir='ltr'>adversus</span> <span class='ocrx_word' id='word_1_620' title='bbox 813 3112 919 3143; x_wconf 90' lang='lat' dir='ltr'>Hostes</span> <span class='ocrx_word' id='word_1_621' title='bbox 941 3112 1018 3143; x_wconf 85' lang='lat' dir='ltr'>Fidei</span> <span class='ocrx_word' id='word_1_622' title='bbox 1039 3112 1228 3150; x_wconf 81' lang='lat' dir='ltr'>Christianae,</span> <span class='ocrx_word' id='word_1_623' title='bbox 1247 3113 1318 3142; x_wconf 90' lang='lat' dir='ltr'>inter</span> 
     </span>
     <span class='ocr_line' id='line_1_80' title="bbox 257 3150 1319 3222; baseline -0.005 -37"><span class='ocrx_word' id='word_1_624' title='bbox 257 3161 376 3222; x_wconf 58' lang='lat' dir='ltr'>{aeteros</span> <span class='ocrx_word' id='word_1_625' title='bbox 389 3153 535 3192; x_wconf 87' lang='lat' dir='ltr'>Principes</span> <span class='ocrx_word' id='word_1_626' title='bbox 549 3152 716 3184; x_wconf 78' lang='lat' dir='ltr'>Catholicos</span> <span class='ocrx_word' id='word_1_627' title='bbox 731 3151 819 3182; x_wconf 87' lang='lat' dir='ltr'>Orbis</span> <span class='ocrx_word' id='word_1_628' title='bbox 838 3151 955 3191; x_wconf 88' lang='lat' dir='ltr'>Terrae,</span> <span class='ocrx_word' id='word_1_629' title='bbox 973 3150 1054 3184; x_wconf 82' lang='lat' dir='ltr'>valde</span> <span class='ocrx_word' id='word_1_630' title='bbox 1071 3150 1198 3191; x_wconf 88' lang='lat' dir='ltr'>ydoneus</span> <span class='ocrx_word' id='word_1_631' title='bbox 1220 3150 1319 3181; x_wconf 89' lang='lat' dir='ltr'>existe-</span> 
     </span>
    </p>

    <p class='ocr_par' dir='ltr' id='par_1_23' title="bbox 280 3201 308 3222">
     <span class='ocr_line' id='line_1_81' title="bbox 280 3201 308 3222; baseline 0 0"><span class='ocrx_word' id='word_1_632' title='bbox 280 3201 308 3222; x_wconf 81' lang='lat' dir='ltr'>as</span> 
     </span>
    </p>

    <p class='ocr_par' dir='ltr' id='par_1_24' title="bbox 258 3216 1320 3537">
     <span class='ocr_line' id='line_1_82' title="bbox 296 3216 1319 3269; baseline -0.005 -8"><span class='ocrx_word' id='word_1_633' title='bbox 296 3216 518 3269; x_wconf 60' lang='lat' dir='ltr'>P&#39;erpendimus,</span> <span class='ocrx_word' id='word_1_634' title='bbox 537 3229 571 3260; x_wconf 87' lang='lat'>&amp;</span> <span class='ocrx_word' id='word_1_635' title='bbox 583 3230 612 3260; x_wconf 91' lang='lat' dir='ltr'>in</span> <span class='ocrx_word' id='word_1_636' title='bbox 627 3228 806 3260; x_wconf 68' lang='lat' dir='ltr'>Tracstatibus</span> <span class='ocrx_word' id='word_1_637' title='bbox 820 3228 998 3259; x_wconf 87' lang='lat' dir='ltr'>familiaribus</span> <span class='ocrx_word' id='word_1_638' title='bbox 1010 3228 1043 3258; x_wconf 91' lang='lat'>&amp;</span> <span class='ocrx_word' id='word_1_639' title='bbox 1057 3227 1163 3258; x_wconf 87' lang='lat' dir='ltr'>secretis</span> <span class='ocrx_word' id='word_1_640' title='bbox 1176 3226 1319 3265; x_wconf 88' lang='lat' dir='ltr'>hujusmo-</span> 
     </span>
     <span class='ocr_line' id='line_1_83' title="bbox 258 3264 1319 3304; baseline -0.003 -6"><span class='ocrx_word' id='word_1_641' title='bbox 258 3267 290 3298; x_wconf 93' lang='lat' dir='ltr'>di</span> <span class='ocrx_word' id='word_1_642' title='bbox 310 3269 499 3304; x_wconf 86' lang='lat' dir='ltr'>revolvimus,</span> <span class='ocrx_word' id='word_1_643' title='bbox 517 3268 584 3298; x_wconf 90' lang='lat' dir='ltr'>Nos</span> <span class='ocrx_word' id='word_1_644' title='bbox 605 3268 639 3299; x_wconf 72' lang='grc' dir='ltr'>ὃ(</span> <span class='ocrx_word' id='word_1_645' title='bbox 663 3266 772 3298; x_wconf 88' lang='lat' dir='ltr'>Comes</span> <span class='ocrx_word' id='word_1_646' title='bbox 815 3266 960 3304; x_wconf 64' lang='lat' dir='ltr'>raedietus,</span> <span class='ocrx_word' id='word_1_647' title='bbox 979 3266 1058 3304; x_wconf 81' lang='lat' dir='ltr'>quod</span> <span class='ocrx_word' id='word_1_648' title='bbox 1074 3276 1122 3304; x_wconf 88' lang='lat' dir='ltr'>per</span> <span class='ocrx_word' id='word_1_649' title='bbox 1136 3267 1211 3296; x_wconf 88' lang='lat' dir='ltr'>viam</span> <span class='ocrx_word' id='word_1_650' title='bbox 1227 3264 1319 3295; x_wconf 81' lang='lat' dir='ltr'>Paffa-</span> 
     </span>
     <span class='ocr_line' id='line_1_84' title="bbox 260 3303 1320 3344; baseline -0.005 -7"><span class='ocrx_word' id='word_1_651' title='bbox 260 3308 315 3344; x_wconf 84' lang='lat' dir='ltr'>gii,</span> <span class='ocrx_word' id='word_1_652' title='bbox 328 3307 363 3338; x_wconf 87' lang='lat' dir='ltr'>ad</span> <span class='ocrx_word' id='word_1_653' title='bbox 376 3306 547 3337; x_wconf 85' lang='lat' dir='ltr'>liberandam</span> <span class='ocrx_word' id='word_1_654' title='bbox 558 3305 594 3336; x_wconf 94' lang='lat' dir='ltr'>de</span> <span class='ocrx_word' id='word_1_655' title='bbox 609 3307 736 3337; x_wconf 88' lang='lat' dir='ltr'>manibus</span> <span class='ocrx_word' id='word_1_656' title='bbox 748 3305 781 3336; x_wconf 92' lang='lat' dir='ltr'>In</span> <span class='ocrx_word' id='word_1_657' title='bbox 803 3305 907 3336; x_wconf 91' lang='lat' dir='ltr'>delium</span> <span class='ocrx_word' id='word_1_658' title='bbox 921 3305 1042 3335; x_wconf 89' lang='lat' dir='ltr'>Terram</span> <span class='ocrx_word' id='word_1_659' title='bbox 1056 3304 1188 3334; x_wconf 64' lang='lat' dir='ltr'>Sanctam</span> <span class='ocrx_word' id='word_1_660' title='bbox 1196 3327 1206 3342; x_wconf 94' lang='lat'>,</span> <span class='ocrx_word' id='word_1_661' title='bbox 1221 3303 1320 3333; x_wconf 85' lang='lat' dir='ltr'>deferi-</span> 
     </span>
     <span class='ocr_line' id='line_1_85' title="bbox 258 3340 1319 3383; baseline -0.004 -8"><span class='ocrx_word' id='word_1_662' title='bbox 258 3345 440 3383; x_wconf 89' lang='lat' dir='ltr'>dendamque</span> <span class='ocrx_word' id='word_1_663' title='bbox 455 3346 488 3376; x_wconf 91' lang='lat'>&amp;</span> <span class='ocrx_word' id='word_1_664' title='bbox 499 3344 667 3375; x_wconf 83' lang='lat' dir='ltr'>dilatandam</span> <span class='ocrx_word' id='word_1_665' title='bbox 682 3346 711 3374; x_wconf 91' lang='lat' dir='ltr'>in</span> <span class='ocrx_word' id='word_1_666' title='bbox 725 3344 846 3382; x_wconf 88' lang='lat' dir='ltr'>partibus</span> <span class='ocrx_word' id='word_1_667' title='bbox 865 3343 1067 3374; x_wconf 89' lang='lat' dir='ltr'>Transmarinis</span> <span class='ocrx_word' id='word_1_668' title='bbox 1088 3342 1188 3372; x_wconf 84' lang='lat' dir='ltr'>Fidem</span> <span class='ocrx_word' id='word_1_669' title='bbox 1210 3340 1319 3372; x_wconf 90' lang='lat' dir='ltr'>Catho-</span> 
     </span>
     <span class='ocr_line' id='line_1_86' title="bbox 261 3380 1319 3422; baseline -0.004 -9"><span class='ocrx_word' id='word_1_670' title='bbox 261 3383 364 3422; x_wconf 89' lang='lat' dir='ltr'>licam‚</span> <span class='ocrx_word' id='word_1_671' title='bbox 380 3384 414 3413; x_wconf 89' lang='lat' dir='ltr'>ad</span> <span class='ocrx_word' id='word_1_672' title='bbox 427 3383 507 3414; x_wconf 91' lang='lat' dir='ltr'>Pacis</span> <span class='ocrx_word' id='word_1_673' title='bbox 523 3382 753 3413; x_wconf 87' lang='lat' dir='ltr'>reformationem</span> <span class='ocrx_word' id='word_1_674' title='bbox 774 3382 934 3420; x_wconf 64' lang='lat' dir='ltr'>praedid‘rae,</span> <span class='ocrx_word' id='word_1_675' title='bbox 952 3383 997 3412; x_wconf 89' lang='lat' dir='ltr'>via</span> <span class='ocrx_word' id='word_1_676' title='bbox 1016 3381 1122 3412; x_wconf 89' lang='lat' dir='ltr'>facilior</span> <span class='ocrx_word' id='word_1_677' title='bbox 1143 3381 1176 3411; x_wconf 63' lang='grc' dir='ltr'>ὃς</span> <span class='ocrx_word' id='word_1_678' title='bbox 1197 3380 1319 3410; x_wconf 89' lang='lat' dir='ltr'>honora-</span> 
     </span>
     <span class='ocr_line' id='line_1_87' title="bbox 261 3418 1320 3460; baseline -0.004 -9"><span class='ocrx_word' id='word_1_679' title='bbox 261 3422 346 3452; x_wconf 92' lang='lat' dir='ltr'>bilior</span> <span class='ocrx_word' id='word_1_680' title='bbox 359 3422 521 3460; x_wconf 87' lang='lat' dir='ltr'>videbatur,</span> <span class='ocrx_word' id='word_1_681' title='bbox 540 3420 674 3459; x_wconf 76' lang='lat' dir='ltr'>quodque</span> <span class='ocrx_word' id='word_1_682' title='bbox 687 3420 925 3458; x_wconf 86' lang='lat' dir='ltr'>contemplatione</span> <span class='ocrx_word' id='word_1_683' title='bbox 938 3420 1020 3458; x_wconf 81' lang='lat' dir='ltr'>ipsius</span> <span class='ocrx_word' id='word_1_684' title='bbox 1034 3419 1155 3457; x_wconf 83' lang='lat' dir='ltr'>Negotii</span> <span class='ocrx_word' id='word_1_685' title='bbox 1169 3418 1320 3448; x_wconf 82' lang='lat' dir='ltr'>Transma-</span> 
     </span>
     <span class='ocr_line' id='line_1_88' title="bbox 260 3455 1319 3498; baseline -0.005 -7"><span class='ocrx_word' id='word_1_686' title='bbox 260 3460 334 3498; x_wconf 83' lang='lat' dir='ltr'>rim&#39;,</span> <span class='ocrx_word' id='word_1_687' title='bbox 351 3461 392 3490; x_wconf 93' lang='lat' dir='ltr'>ob</span> <span class='ocrx_word' id='word_1_688' title='bbox 409 3460 550 3490; x_wconf 88' lang='lat' dir='ltr'>honorem</span> <span class='ocrx_word' id='word_1_689' title='bbox 564 3458 661 3488; x_wconf 93' lang='lat' dir='ltr'>Divini</span> <span class='ocrx_word' id='word_1_690' title='bbox 675 3458 832 3495; x_wconf 88' lang='lat' dir='ltr'>Nominis,</span> <span class='ocrx_word' id='word_1_691' title='bbox 849 3457 958 3497; x_wconf 90' lang='lat' dir='ltr'>multa,</span> <span class='ocrx_word' id='word_1_692' title='bbox 977 3468 1041 3496; x_wconf 87' lang='lat' dir='ltr'>quae</span> <span class='ocrx_word' id='word_1_693' title='bbox 1055 3458 1120 3488; x_wconf 70' lang='lat' dir='ltr'>alias</span> <span class='ocrx_word' id='word_1_694' title='bbox 1137 3456 1225 3487; x_wconf 80' lang='lat' dir='ltr'>essent</span> <span class='ocrx_word' id='word_1_695' title='bbox 1243 3455 1319 3486; x_wconf 89' lang='lat' dir='ltr'>diffi-</span> 
     </span>
     <span class='ocr_line' id='line_1_89' title="bbox 262 3496 983 3537; baseline -0.004 -8"><span class='ocrx_word' id='word_1_696' title='bbox 262 3498 342 3537; x_wconf 87' lang='lat' dir='ltr'>cilia,</span> <span class='ocrx_word' id='word_1_697' title='bbox 360 3498 467 3537; x_wconf 89' lang='lat' dir='ltr'>facilia,</span> <span class='ocrx_word' id='word_1_698' title='bbox 484 3498 615 3537; x_wconf 81' lang='lat' dir='ltr'>largiente</span> <span class='ocrx_word' id='word_1_699' title='bbox 629 3497 778 3534; x_wconf 91' lang='lat' dir='ltr'>Domino,</span> <span class='ocrx_word' id='word_1_700' title='bbox 793 3496 983 3527; x_wconf 87' lang='lat' dir='ltr'>redderentur.</span> 
     </span>
    </p>

    <p class='ocr_par' dir='ltr' id='par_1_25' title="bbox 263 3532 1322 3876">
     <span class='ocr_line' id='line_1_90' title="bbox 298 3532 1319 3574; baseline -0.006 -7"><span class='ocrx_word' id='word_1_701' title='bbox 298 3536 368 3567; x_wconf 79' lang='lat' dir='ltr'>Hiis</span> <span class='ocrx_word' id='word_1_702' title='bbox 379 3545 491 3574; x_wconf 78' lang='lat' dir='ltr'>autem,</span> <span class='ocrx_word' id='word_1_703' title='bbox 509 3537 542 3567; x_wconf 67' lang='grc' dir='ltr'>ὃς</span> <span class='ocrx_word' id='word_1_704' title='bbox 553 3535 612 3565; x_wconf 87' lang='lat' dir='ltr'>aliis</span> <span class='ocrx_word' id='word_1_705' title='bbox 629 3536 722 3565; x_wconf 84' lang='lat' dir='ltr'>multis</span> <span class='ocrx_word' id='word_1_706' title='bbox 735 3535 863 3571; x_wconf 84' lang='lat' dir='ltr'>utilibus,</span> <span class='ocrx_word' id='word_1_707' title='bbox 881 3535 952 3564; x_wconf 88' lang='lat' dir='ltr'>inter</span> <span class='ocrx_word' id='word_1_708' title='bbox 964 3532 1034 3568; x_wconf 79' lang='lat' dir='ltr'>Nds</span> <span class='ocrx_word' id='word_1_709' title='bbox 1053 3534 1087 3565; x_wconf 90' lang='lat'>&amp;</span> <span class='ocrx_word' id='word_1_710' title='bbox 1109 3533 1258 3564; x_wconf 90' lang='lat' dir='ltr'>Comitem</span> <span class='ocrx_word' id='word_1_711' title='bbox 1276 3532 1319 3562; x_wconf 84' lang='lat' dir='ltr'>su-</span> 
     </span>
     <span class='ocr_line' id='line_1_91' title="bbox 264 3571 1320 3614; baseline -0.005 -9"><span class='ocrx_word' id='word_1_712' title='bbox 264 3575 443 3614; x_wconf 63' lang='lat' dir='ltr'>pradidmm,</span> <span class='ocrx_word' id='word_1_713' title='bbox 461 3575 511 3606; x_wconf 88' lang='lat' dir='ltr'>sub</span> <span class='ocrx_word' id='word_1_714' title='bbox 528 3574 655 3605; x_wconf 81' lang='lat' dir='ltr'>familiari</span> <span class='ocrx_word' id='word_1_715' title='bbox 675 3573 710 3604; x_wconf 70' lang='grc' dir='ltr'>ὃς</span> <span class='ocrx_word' id='word_1_716' title='bbox 729 3574 836 3604; x_wconf 90' lang='lat' dir='ltr'>secreto</span> <span class='ocrx_word' id='word_1_717' title='bbox 849 3572 986 3603; x_wconf 63' lang='lat' dir='ltr'>Tradmtu</span> <span class='ocrx_word' id='word_1_718' title='bbox 1001 3571 1174 3609; x_wconf 88' lang='lat' dir='ltr'>hujusmodi,</span> <span class='ocrx_word' id='word_1_719' title='bbox 1191 3571 1320 3601; x_wconf 91' lang='lat' dir='ltr'>collocu-</span> 
     </span>
     <span class='ocr_line' id='line_1_92' title="bbox 266 3608 1320 3651; baseline -0.006 -7"><span class='ocrx_word' id='word_1_720' title='bbox 266 3616 316 3651; x_wconf 79' lang='lat' dir='ltr'>tis,</span> <span class='ocrx_word' id='word_1_721' title='bbox 336 3614 411 3644; x_wconf 89' lang='lat' dir='ltr'>idem</span> <span class='ocrx_word' id='word_1_722' title='bbox 431 3612 555 3651; x_wconf 75' lang='lat' dir='ltr'>ComeS‚</span> <span class='ocrx_word' id='word_1_723' title='bbox 574 3612 610 3642; x_wconf 92' lang='lat' dir='ltr'>de</span> <span class='ocrx_word' id='word_1_724' title='bbox 628 3611 761 3642; x_wconf 66' lang='lat' dir='ltr'>Romana</span> <span class='ocrx_word' id='word_1_725' title='bbox 781 3610 869 3641; x_wconf 71' lang='lat' dir='ltr'>Curia</span> <span class='ocrx_word' id='word_1_726' title='bbox 890 3620 958 3641; x_wconf 90' lang='lat' dir='ltr'>cum</span> <span class='ocrx_word' id='word_1_727' title='bbox 979 3610 1065 3649; x_wconf 67' lang='lat' dir='ltr'>gratia</span> <span class='ocrx_word' id='word_1_728' title='bbox 1081 3609 1185 3640; x_wconf 74' lang='lat' dir='ltr'>nostrae</span> <span class='ocrx_word' id='word_1_729' title='bbox 1201 3608 1320 3639; x_wconf 90' lang='lat' dir='ltr'>Benedi-</span> 
     </span>
     <span class='ocr_line' id='line_1_93' title="bbox 265 3648 1320 3689; baseline -0.007 -6"><span class='ocrx_word' id='word_1_730' title='bbox 265 3653 370 3683; x_wconf 67' lang='lat' dir='ltr'>titionis</span> <span class='ocrx_word' id='word_1_731' title='bbox 383 3652 532 3689; x_wconf 87' lang='lat' dir='ltr'>recedens,</span> <span class='ocrx_word' id='word_1_732' title='bbox 547 3651 581 3681; x_wconf 89' lang='lat'>&amp;</span> <span class='ocrx_word' id='word_1_733' title='bbox 594 3649 628 3680; x_wconf 90' lang='lat' dir='ltr'>ad</span> <span class='ocrx_word' id='word_1_734' title='bbox 638 3655 727 3688; x_wconf 80' lang='lat' dir='ltr'>&#39;partes</span> <span class='ocrx_word' id='word_1_735' title='bbox 742 3649 855 3686; x_wconf 85' lang='lat' dir='ltr'>Angliae</span> <span class='ocrx_word' id='word_1_736' title='bbox 866 3658 1001 3687; x_wconf 90' lang='lat' dir='ltr'>tuamque</span> <span class='ocrx_word' id='word_1_737' title='bbox 1016 3648 1187 3686; x_wconf 79' lang='lat' dir='ltr'>praesentiam</span> <span class='ocrx_word' id='word_1_738' title='bbox 1202 3648 1229 3677; x_wconf 87' lang='lat' dir='ltr'>se</span> <span class='ocrx_word' id='word_1_739' title='bbox 1248 3657 1320 3677; x_wconf 88' lang='lat' dir='ltr'>con-</span> 
     </span>
     <span class='ocr_line' id='line_1_94' title="bbox 266 3686 1320 3730; baseline -0.007 -8"><span class='ocrx_word' id='word_1_740' title='bbox 266 3691 374 3730; x_wconf 82' lang='lat' dir='ltr'>ferens,</span> <span class='ocrx_word' id='word_1_741' title='bbox 391 3690 547 3729; x_wconf 79' lang='lat' dir='ltr'>praemiffa,</span> <span class='ocrx_word' id='word_1_742' title='bbox 565 3699 613 3726; x_wconf 84' lang='lat' dir='ltr'>per</span> <span class='ocrx_word' id='word_1_743' title='bbox 628 3698 680 3718; x_wconf 86' lang='lat' dir='ltr'>nos</span> <span class='ocrx_word' id='word_1_744' title='bbox 695 3689 747 3718; x_wconf 84' lang='lat' dir='ltr'>&amp;i</span> <span class='ocrx_word' id='word_1_745' title='bbox 769 3688 830 3717; x_wconf 89' lang='lat' dir='ltr'>sum</span> <span class='ocrx_word' id='word_1_746' title='bbox 843 3688 954 3718; x_wconf 62' lang='lat' dir='ltr'>tractata</span> <span class='ocrx_word' id='word_1_747' title='bbox 967 3688 1001 3718; x_wconf 91' lang='lat'>&amp;</span> <span class='ocrx_word' id='word_1_748' title='bbox 1021 3686 1181 3724; x_wconf 87' lang='lat' dir='ltr'>collocuta,</span> <span class='ocrx_word' id='word_1_749' title='bbox 1197 3694 1228 3716; x_wconf 92' lang='lat' dir='ltr'>ut</span> <span class='ocrx_word' id='word_1_750' title='bbox 1248 3695 1320 3723; x_wconf 70' lang='lat' dir='ltr'>prae-</span> 
     </span>
     <span class='ocr_line' id='line_1_95' title="bbox 265 3723 1320 3768; baseline -0.006 -8"><span class='ocrx_word' id='word_1_751' title='bbox 265 3730 404 3768; x_wconf 83' lang='lat' dir='ltr'>mittitur,</span> <span class='ocrx_word' id='word_1_752' title='bbox 421 3738 478 3759; x_wconf 84' lang='lat' dir='ltr'>tuae</span> <span class='ocrx_word' id='word_1_753' title='bbox 491 3727 656 3758; x_wconf 80' lang='lat' dir='ltr'>Cellitudini</span> <span class='ocrx_word' id='word_1_754' title='bbox 669 3735 742 3764; x_wconf 90' lang='lat' dir='ltr'>expo</span> <span class='ocrx_word' id='word_1_755' title='bbox 755 3727 792 3756; x_wconf 90' lang='lat' dir='ltr'>uit</span> <span class='ocrx_word' id='word_1_756' title='bbox 806 3726 922 3763; x_wconf 80' lang='lat' dir='ltr'>seriose,</span> <span class='ocrx_word' id='word_1_757' title='bbox 941 3725 1009 3755; x_wconf 89' lang='lat' dir='ltr'>sicut</span> <span class='ocrx_word' id='word_1_758' title='bbox 1023 3725 1105 3755; x_wconf 87' lang='lat' dir='ltr'>nobis</span> <span class='ocrx_word' id='word_1_759' title='bbox 1120 3734 1168 3761; x_wconf 86' lang='lat' dir='ltr'>per</span> <span class='ocrx_word' id='word_1_760' title='bbox 1179 3723 1236 3754; x_wconf 90' lang='lat' dir='ltr'>suas</span> <span class='ocrx_word' id='word_1_761' title='bbox 1259 3724 1320 3754; x_wconf 84' lang='lat' dir='ltr'>Lit-</span> 
     </span>
     <span class='ocr_line' id='line_1_96' title="bbox 265 3762 1320 3805; baseline -0.008 -6"><span class='ocrx_word' id='word_1_762' title='bbox 265 3776 337 3800; x_wconf 89' lang='lat' dir='ltr'>teras</span> <span class='ocrx_word' id='word_1_763' title='bbox 353 3768 403 3805; x_wconf 85' lang='lat'>&amp;,</span> <span class='ocrx_word' id='word_1_764' title='bbox 423 3767 569 3797; x_wconf 62' lang='lat' dir='ltr'>Diledtum</span> <span class='ocrx_word' id='word_1_765' title='bbox 591 3765 714 3802; x_wconf 86' lang='lat' dir='ltr'>Filium,</span> <span class='ocrx_word' id='word_1_766' title='bbox 750 3765 890 3794; x_wconf 90' lang='lat' dir='ltr'>ohannem</span> <span class='ocrx_word' id='word_1_767' title='bbox 911 3764 946 3793; x_wconf 93' lang='lat' dir='ltr'>de</span> <span class='ocrx_word' id='word_1_768' title='bbox 968 3763 1067 3801; x_wconf 85' lang='lat' dir='ltr'>Ripis,</span> <span class='ocrx_word' id='word_1_769' title='bbox 1092 3762 1208 3798; x_wconf 84' lang='lat' dir='ltr'>Ordinis</span> <span class='ocrx_word' id='word_1_770' title='bbox 1229 3762 1320 3792; x_wconf 79' lang='lat' dir='ltr'>Beatae</span> 
     </span>
     <span class='ocr_line' id='line_1_97' title="bbox 263 3799 1322 3841; baseline -0.007 -4"><span class='ocrx_word' id='word_1_771' title='bbox 263 3806 369 3837; x_wconf 86' lang='lat' dir='ltr'>Mariae</span> <span class='ocrx_word' id='word_1_772' title='bbox 380 3806 416 3836; x_wconf 89' lang='lat' dir='ltr'>de</span> <span class='ocrx_word' id='word_1_773' title='bbox 430 3805 537 3836; x_wconf 88' lang='lat' dir='ltr'>Monte</span> <span class='ocrx_word' id='word_1_774' title='bbox 552 3803 707 3841; x_wconf 88' lang='lat' dir='ltr'>Carrnelo,</span> <span class='ocrx_word' id='word_1_775' title='bbox 750 3803 969 3833; x_wconf 88' lang='lat' dir='ltr'>oenitentiarium</span> <span class='ocrx_word' id='word_1_776' title='bbox 989 3800 1134 3839; x_wconf 88' lang='lat' dir='ltr'>nostrum,</span> <span class='ocrx_word' id='word_1_777' title='bbox 1151 3809 1220 3831; x_wconf 91' lang='lat' dir='ltr'>tunc</span> <span class='ocrx_word' id='word_1_778' title='bbox 1239 3799 1322 3831; x_wconf 90' lang='lat' dir='ltr'>Con-</span> 
     </span>
     <span class='ocr_line' id='line_1_98' title="bbox 265 3840 994 3876; baseline -0.01 0"><span class='ocrx_word' id='word_1_779' title='bbox 265 3845 401 3876; x_wconf 74' lang='lat' dir='ltr'>sessorem</span> <span class='ocrx_word' id='word_1_780' title='bbox 416 3843 497 3875; x_wconf 88' lang='lat' dir='ltr'>suum</span> <span class='ocrx_word' id='word_1_781' title='bbox 507 3845 542 3874; x_wconf 87' lang='lat'>&amp;</span> <span class='ocrx_word' id='word_1_782' title='bbox 555 3842 726 3876; x_wconf 81' lang='lat' dir='ltr'>Nuncium,</span> <span class='ocrx_word' id='word_1_783' title='bbox 743 3840 849 3871; x_wconf 90' lang='lat' dir='ltr'>studuit</span> <span class='ocrx_word' id='word_1_784' title='bbox 859 3841 994 3870; x_wconf 90' lang='lat' dir='ltr'>intimare.</span> 
     </span>
    </p>

    <p class='ocr_par' dir='ltr' id='par_1_26' title="bbox 266 3876 1321 4080">
     <span class='ocr_line' id='line_1_99' title="bbox 306 3876 1321 3921; baseline -0.008 -7"><span class='ocrx_word' id='word_1_785' title='bbox 306 3883 420 3914; x_wconf 89' lang='lat' dir='ltr'>Verum</span> <span class='ocrx_word' id='word_1_786' title='bbox 439 3883 504 3921; x_wconf 85' lang='lat' dir='ltr'>quia</span> <span class='ocrx_word' id='word_1_787' title='bbox 522 3881 599 3911; x_wconf 90' lang='lat' dir='ltr'>idem</span> <span class='ocrx_word' id='word_1_788' title='bbox 620 3879 754 3911; x_wconf 87' lang='lat' dir='ltr'>Nuncius</span> <span class='ocrx_word' id='word_1_789' title='bbox 774 3879 800 3909; x_wconf 89' lang='lat' dir='ltr'>se</span> <span class='ocrx_word' id='word_1_790' title='bbox 819 3879 920 3909; x_wconf 85' lang='lat' dir='ltr'>babere</span> <span class='ocrx_word' id='word_1_791' title='bbox 937 3878 1048 3909; x_wconf 82' lang='lat' dir='ltr'>afferuit</span> <span class='ocrx_word' id='word_1_792' title='bbox 1069 3878 1098 3908; x_wconf 89' lang='lat' dir='ltr'>in</span> <span class='ocrx_word' id='word_1_793' title='bbox 1116 3876 1251 3907; x_wconf 89' lang='lat' dir='ltr'>mandatis</span> <span class='ocrx_word' id='word_1_794' title='bbox 1271 3885 1321 3915; x_wconf 93' lang='lat' dir='ltr'>ut,</span> 
     </span>
     <span class='ocr_line' id='line_1_100' title="bbox 268 3915 1320 3958; baseline -0.008 -5"><span class='ocrx_word' id='word_1_795' title='bbox 268 3919 389 3952; x_wconf 70' lang='lat' dir='ltr'>Dilecto</span> <span class='ocrx_word' id='word_1_796' title='bbox 400 3921 488 3957; x_wconf 72' lang='lat' dir='ltr'>Filio,</span> <span class='ocrx_word' id='word_1_797' title='bbox 503 3919 627 3958; x_wconf 86' lang='lat' dir='ltr'>Johanni</span> <span class='ocrx_word' id='word_1_798' title='bbox 641 3918 677 3948; x_wconf 94' lang='lat' dir='ltr'>de</span> <span class='ocrx_word' id='word_1_799' title='bbox 692 3917 833 3956; x_wconf 84' lang='lat' dir='ltr'>Offorde,</span> <span class='ocrx_word' id='word_1_800' title='bbox 849 3917 970 3948; x_wconf 92' lang='lat' dir='ltr'>Decano</span> <span class='ocrx_word' id='word_1_801' title='bbox 983 3915 1118 3947; x_wconf 82' lang='lat' dir='ltr'>Ecclefiae</span> <span class='ocrx_word' id='word_1_802' title='bbox 1134 3915 1320 3946; x_wconf 88' lang='lat' dir='ltr'>Lincolnien-</span> 
     </span>
     <span class='ocr_line' id='line_1_101' title="bbox 268 3954 1321 3997; baseline -0.005 -8"><span class='ocrx_word' id='word_1_803' title='bbox 268 3959 319 3997; x_wconf 83' lang='lat' dir='ltr'>sis,</span> <span class='ocrx_word' id='word_1_804' title='bbox 336 3967 405 3990; x_wconf 87' lang='lat' dir='ltr'>tunc</span> <span class='ocrx_word' id='word_1_805' title='bbox 417 3961 448 3990; x_wconf 92' lang='lat' dir='ltr'>in</span> <span class='ocrx_word' id='word_1_806' title='bbox 460 3958 595 3990; x_wconf 65' lang='lat' dir='ltr'>Romana</span> <span class='ocrx_word' id='word_1_807' title='bbox 613 3956 702 3988; x_wconf 74' lang='lat' dir='ltr'>Curia</span> <span class='ocrx_word' id='word_1_808' title='bbox 721 3956 865 3992; x_wconf 81' lang='lat' dir='ltr'>existenti,</span> <span class='ocrx_word' id='word_1_809' title='bbox 881 3957 998 3994; x_wconf 88' lang='lat' dir='ltr'>aperiret</span> <span class='ocrx_word' id='word_1_810' title='bbox 1014 3954 1168 3993; x_wconf 86' lang='lat' dir='ltr'>praemiffa,</span> <span class='ocrx_word' id='word_1_811' title='bbox 1186 3955 1219 3986; x_wconf 86' lang='lat'>&amp;</span> <span class='ocrx_word' id='word_1_812' title='bbox 1241 3954 1321 3989; x_wconf 86' lang='lat' dir='ltr'>super</span> 
     </span>
     <span class='ocr_line' id='line_1_102' title="bbox 267 3992 1320 4036; baseline -0.004 -9"><span class='ocrx_word' id='word_1_813' title='bbox 267 3996 345 4034; x_wconf 79' lang='lat' dir='ltr'>hoc,</span> <span class='ocrx_word' id='word_1_814' title='bbox 362 3998 423 4035; x_wconf 57' lang='lat' dir='ltr'>&amp;am</span> <span class='ocrx_word' id='word_1_815' title='bbox 435 4007 493 4029; x_wconf 87' lang='lat' dir='ltr'>tuas</span> <span class='ocrx_word' id='word_1_816' title='bbox 505 3997 625 4036; x_wconf 84' lang='lat' dir='ltr'>Regias,</span> <span class='ocrx_word' id='word_1_817' title='bbox 642 4002 730 4034; x_wconf 83' lang='lat' dir='ltr'>quam</span> <span class='ocrx_word' id='word_1_818' title='bbox 742 3995 826 4034; x_wconf 89' lang='lat' dir='ltr'>ipsius</span> <span class='ocrx_word' id='word_1_819' title='bbox 839 3994 978 4032; x_wconf 71' lang='lat' dir='ltr'>anitis,</span> <span class='ocrx_word' id='word_1_820' title='bbox 996 3993 1114 4025; x_wconf 89' lang='lat' dir='ltr'>Litteras</span> <span class='ocrx_word' id='word_1_821' title='bbox 1125 3992 1243 4024; x_wconf 59' lang='lat' dir='ltr'>&amp;restas</span> <span class='ocrx_word' id='word_1_822' title='bbox 1257 3992 1320 4023; x_wconf 87' lang='lat' dir='ltr'>De-</span> 
     </span>
     <span class='ocr_line' id='line_1_103' title="bbox 266 4034 710 4080; baseline -0.005 -13"><span class='ocrx_word' id='word_1_823' title='bbox 266 4044 345 4067; x_wconf 72' lang='lat' dir='ltr'>cano</span> <span class='ocrx_word' id='word_1_824' title='bbox 357 4036 546 4080; x_wconf 64' lang='lat' dir='ltr'>praesentasset</span> <span class='ocrx_word' id='word_1_825' title='bbox 557 4034 710 4074; x_wconf 61' lang='lat' dir='ltr'>praeditao,</span> 
     </span>
    </p>
   </div>
   <div class='ocr_carea' id='block_1_6' title="bbox 451 814 1298 892">
    <p class='ocr_par' dir='ltr' id='par_1_27' title="bbox 451 814 1298 892">
     <span class='ocr_line' id='line_1_104' title="bbox 475 814 1298 853; baseline 0.001 -8"><span class='ocrx_word' id='word_1_826' title='bbox 475 816 556 846; x_wconf 88' lang='lat' dir='ltr'>uibus</span> <span class='ocrx_word' id='word_1_827' title='bbox 569 815 812 852; x_wconf 82' lang='lat' dir='ltr'>conquerebantur</span> <span class='ocrx_word' id='word_1_828' title='bbox 826 815 965 853; x_wconf 86' lang='lat' dir='ltr'>utriusque</span> <span class='ocrx_word' id='word_1_829' title='bbox 978 814 1066 845; x_wconf 91' lang='lat' dir='ltr'>Partis</span> <span class='ocrx_word' id='word_1_830' title='bbox 1082 815 1204 852; x_wconf 87' lang='lat' dir='ltr'>Nuncii)</span> <span class='ocrx_word' id='word_1_831' title='bbox 1219 816 1298 846; x_wconf 88' lang='lat' dir='ltr'>exhi-</span> 
     </span>
     <span class='ocr_line' id='line_1_105' title="bbox 451 826 1298 892; baseline 0.001 -9"><span class='ocrx_word' id='word_1_832' title='bbox 451 826 598 890; x_wconf 52' lang='lat' dir='ltr'>thiculis,</span> <span class='ocrx_word' id='word_1_833' title='bbox 616 860 646 882; x_wconf 88' lang='lat' dir='ltr'>ut</span> <span class='ocrx_word' id='word_1_834' title='bbox 661 854 854 891; x_wconf 84' lang='lat' dir='ltr'>praemittitur,</span> <span class='ocrx_word' id='word_1_835' title='bbox 872 854 939 883; x_wconf 89' lang='lat' dir='ltr'>hinc</span> <span class='ocrx_word' id='word_1_836' title='bbox 961 855 996 885; x_wconf 89' lang='lat'>&amp;</span> <span class='ocrx_word' id='word_1_837' title='bbox 1018 853 1104 891; x_wconf 77' lang='lat' dir='ltr'>inde,</span> <span class='ocrx_word' id='word_1_838' title='bbox 1120 854 1237 892; x_wconf 81' lang='lat' dir='ltr'>qualiter</span> <span class='ocrx_word' id='word_1_839' title='bbox 1249 863 1298 884; x_wconf 88' lang='lat' dir='ltr'>va-</span> 
     </span>
    </p>
   </div>
   <div class='ocr_carea' id='block_1_7' title="bbox 305 4064 1329 4115">
    <p class='ocr_par' dir='ltr' id='par_1_28' title="bbox 305 4064 1329 4115">
     <span class='ocr_line' id='line_1_106' title="bbox 305 4064 1329 4115; baseline -0.002 -11"><span class='ocrx_word' id='word_1_840' title='bbox 305 4072 378 4105; x_wconf 85' lang='lat' dir='ltr'>Nos</span> <span class='ocrx_word' id='word_1_841' title='bbox 389 4072 511 4115; x_wconf 71' lang='lat' dir='ltr'>midan,</span> <span class='ocrx_word' id='word_1_842' title='bbox 527 4074 652 4109; x_wconf 74' lang='lat' dir='ltr'>Decano</span> <span class='ocrx_word' id='word_1_843' title='bbox 664 4073 699 4107; x_wconf 73' lang='lat'>&amp;-</span> <span class='ocrx_word' id='word_1_844' title='bbox 712 4072 854 4112; x_wconf 83' lang='lat' dir='ltr'>Nunci0,</span> <span class='ocrx_word' id='word_1_845' title='bbox 869 4071 904 4105; x_wconf 81' lang='lat' dir='ltr'>ad</span> <span class='ocrx_word' id='word_1_846' title='bbox 917 4070 1044 4105; x_wconf 85' lang='lat' dir='ltr'>nostram</span> <span class='ocrx_word' id='word_1_847' title='bbox 1061 4070 1234 4112; x_wconf 78' lang='lat' dir='ltr'>praesentiam</span> <span class='ocrx_word' id='word_1_848' title='bbox 1253 4064 1329 4103; x_wconf 74' lang='lat' dir='ltr'>ev0-&#39;</span> 
     </span>
    </p>
   </div>
   <div class='ocr_carea' id='block_1_8' title="bbox 1354 194 1827 238">
    <p class='ocr_par' dir='ltr' id='par_1_29' title="bbox 1354 194 1827 238">
     <span class='ocr_line' id='line_1_107' title="bbox 1354 194 1827 238; baseline 0.006 -3"><span class='ocrx_word' id='word_1_849' title='bbox 1354 194 1827 238; x_wconf 88' lang='lat' dir='ltr'>PUBLICA.</span> 
     </span>
    </p>
   </div>
   <div class='ocr_carea' id='block_1_9' title="bbox 1337 278 2421 4132">
    <p class='ocr_par' dir='ltr' id='par_1_30' title="bbox 1337 278 2401 578">
     <span class='ocr_line' id='line_1_108' title="bbox 1337 278 2391 320; baseline 0 -9"><span class='ocrx_word' id='word_1_850' title='bbox 1337 280 1418 317; x_wconf 75' lang='lat' dir='ltr'>catis,</span> <span class='ocrx_word' id='word_1_851' title='bbox 1434 280 1467 312; x_wconf 76' lang='grc' dir='ltr'>δε</span> <span class='ocrx_word' id='word_1_852' title='bbox 1478 280 1586 320; x_wconf 84' lang='lat' dir='ltr'>aliquali</span> <span class='ocrx_word' id='word_1_853' title='bbox 1599 281 1619 301; x_wconf 64' lang='lat'>²*</span> <span class='ocrx_word' id='word_1_854' title='bbox 1633 280 1712 320; x_wconf 90' lang='lat' dir='ltr'>super</span> <span class='ocrx_word' id='word_1_855' title='bbox 1726 281 1866 319; x_wconf 70' lang='lat' dir='ltr'>praedit‘tis</span> <span class='ocrx_word' id='word_1_856' title='bbox 1876 280 1969 312; x_wconf 65' lang='lat' dir='ltr'>habita</span> <span class='ocrx_word' id='word_1_857' title='bbox 1984 279 2144 312; x_wconf 86' lang='lat' dir='ltr'>Collatione</span> <span class='ocrx_word' id='word_1_858' title='bbox 2159 289 2227 311; x_wconf 84' lang='lat' dir='ltr'>cum</span> <span class='ocrx_word' id='word_1_859' title='bbox 2249 279 2304 317; x_wconf 90' lang='lat' dir='ltr'>eis,</span> <span class='ocrx_word' id='word_1_860' title='bbox 2321 278 2391 311; x_wconf 91' lang='lat' dir='ltr'>No-</span> 
     </span>
     <span class='ocr_line' id='line_1_109' title="bbox 1337 319 2391 358; baseline 0.002 -10"><span class='ocrx_word' id='word_1_861' title='bbox 1337 319 1379 349; x_wconf 90' lang='lat' dir='ltr'>bis</span> <span class='ocrx_word' id='word_1_862' title='bbox 1393 319 1426 350; x_wconf 89' lang='lat'>&amp;</span> <span class='ocrx_word' id='word_1_863' title='bbox 1441 319 1506 356; x_wconf 84' lang='lat' dir='ltr'>Ipsis</span> <span class='ocrx_word' id='word_1_864' title='bbox 1517 320 1696 350; x_wconf 85' lang='lat' dir='ltr'>concorditer</span> <span class='ocrx_word' id='word_1_865' title='bbox 1710 321 1799 351; x_wconf 90' lang='lat' dir='ltr'>visum</span> <span class='ocrx_word' id='word_1_866' title='bbox 1814 320 1882 357; x_wconf 87' lang='lat' dir='ltr'>fuit,</span> <span class='ocrx_word' id='word_1_867' title='bbox 1901 320 1979 358; x_wconf 73' lang='lat' dir='ltr'>quod</span> <span class='ocrx_word' id='word_1_868' title='bbox 1989 343 1999 357; x_wconf 92' lang='lat'>,</span> <span class='ocrx_word' id='word_1_869' title='bbox 2016 328 2166 357; x_wconf 85' lang='lat' dir='ltr'>antequam</span> <span class='ocrx_word' id='word_1_870' title='bbox 2184 320 2391 358; x_wconf 83' lang='lat' dir='ltr'>appropinqua·-</span> 
     </span>
     <span class='ocr_line' id='line_1_110' title="bbox 1339 356 2389 396; baseline 0 -9"><span class='ocrx_word' id='word_1_871' title='bbox 1339 366 1432 388; x_wconf 88' lang='lat' dir='ltr'>remus</span> <span class='ocrx_word' id='word_1_872' title='bbox 1453 358 1487 387; x_wconf 91' lang='lat' dir='ltr'>ad</span> <span class='ocrx_word' id='word_1_873' title='bbox 1509 358 1622 396; x_wconf 88' lang='lat' dir='ltr'>locum,</span> <span class='ocrx_word' id='word_1_874' title='bbox 1638 358 1674 388; x_wconf 91' lang='lat' dir='ltr'>de</span> <span class='ocrx_word' id='word_1_875' title='bbox 1695 368 1753 396; x_wconf 87' lang='lat' dir='ltr'>quo</span> <span class='ocrx_word' id='word_1_876' title='bbox 1774 359 1855 388; x_wconf 87' lang='lat' dir='ltr'>nobis</span> <span class='ocrx_word' id='word_1_877' title='bbox 1874 357 2012 396; x_wconf 83' lang='lat' dir='ltr'>scripserat</span> <span class='ocrx_word' id='word_1_878' title='bbox 2033 357 2124 388; x_wconf 68' lang='lat' dir='ltr'>dietus</span> <span class='ocrx_word' id='word_1_879' title='bbox 2136 356 2258 395; x_wconf 85' lang='lat' dir='ltr'>Comes,</span> <span class='ocrx_word' id='word_1_880' title='bbox 2274 365 2389 394; x_wconf 88' lang='lat' dir='ltr'>propter</span> 
     </span>
     <span class='ocr_line' id='line_1_111' title="bbox 1339 395 2401 434; baseline -0.001 -8"><span class='ocrx_word' id='word_1_881' title='bbox 1339 396 1438 426; x_wconf 87' lang='lat' dir='ltr'>multas</span> <span class='ocrx_word' id='word_1_882' title='bbox 1449 396 1592 434; x_wconf 84' lang='lat' dir='ltr'>utilitates,</span> <span class='ocrx_word' id='word_1_883' title='bbox 1610 406 1675 434; x_wconf 87' lang='lat' dir='ltr'>quas</span> <span class='ocrx_word' id='word_1_884' title='bbox 1688 397 1739 426; x_wconf 87' lang='lat' dir='ltr'>tibi</span> <span class='ocrx_word' id='word_1_885' title='bbox 1760 406 1809 432; x_wconf 88' lang='lat' dir='ltr'>per</span> <span class='ocrx_word' id='word_1_886' title='bbox 1827 398 1949 426; x_wconf 81' lang='lat' dir='ltr'>eundem</span> <span class='ocrx_word' id='word_1_887' title='bbox 1968 396 2118 426; x_wconf 84' lang='lat' dir='ltr'>Nuncium</span> <span class='ocrx_word' id='word_1_888' title='bbox 2141 396 2277 433; x_wconf 81' lang='lat' dir='ltr'>explicare</span> <span class='ocrx_word' id='word_1_889' title='bbox 2296 395 2401 426; x_wconf 70' lang='lat' dir='ltr'>volui-r</span> 
     </span>
     <span class='ocr_line' id='line_1_112' title="bbox 1339 433 2390 472; baseline -0.001 -8"><span class='ocrx_word' id='word_1_890' title='bbox 1339 443 1402 464; x_wconf 88' lang='lat' dir='ltr'>mus</span> <span class='ocrx_word' id='word_1_891' title='bbox 1413 434 1478 464; x_wconf 71' lang='lat' dir='ltr'>viva</span> <span class='ocrx_word' id='word_1_892' title='bbox 1490 444 1579 472; x_wconf 93' lang='lat' dir='ltr'>voce,</span> <span class='ocrx_word' id='word_1_893' title='bbox 1597 435 1701 464; x_wconf 90' lang='lat' dir='ltr'>honori</span> <span class='ocrx_word' id='word_1_894' title='bbox 1715 434 1812 464; x_wconf 88' lang='lat' dir='ltr'>nostro</span> <span class='ocrx_word' id='word_1_895' title='bbox 1828 435 1860 465; x_wconf 74' lang='grc' dir='ltr'>δε</span> <span class='ocrx_word' id='word_1_896' title='bbox 1875 435 2036 464; x_wconf 89' lang='lat' dir='ltr'>commodo</span> <span class='ocrx_word' id='word_1_897' title='bbox 2050 435 2231 472; x_wconf 81' lang='lat' dir='ltr'>negoriorum</span> <span class='ocrx_word' id='word_1_898' title='bbox 2245 433 2390 471; x_wconf 46' lang='lat' dir='ltr'>hujusmow</span> 
     </span>
     <span class='ocr_line' id='line_1_113' title="bbox 1339 471 2390 510; baseline 0 -8"><span class='ocrx_word' id='word_1_899' title='bbox 1339 471 1368 501; x_wconf 89' lang='lat' dir='ltr'>di</span> <span class='ocrx_word' id='word_1_900' title='bbox 1383 472 1531 510; x_wconf 86' lang='lat' dir='ltr'>expediens</span> <span class='ocrx_word' id='word_1_901' title='bbox 1545 472 1702 502; x_wconf 89' lang='lat' dir='ltr'>admodum</span> <span class='ocrx_word' id='word_1_902' title='bbox 1716 472 1876 510; x_wconf 90' lang='lat' dir='ltr'>videbatur,</span> <span class='ocrx_word' id='word_1_903' title='bbox 1895 482 1947 502; x_wconf 90' lang='lat' dir='ltr'>nos</span> <span class='ocrx_word' id='word_1_904' title='bbox 1960 471 1996 502; x_wconf 90' lang='lat' dir='ltr'>de</span> <span class='ocrx_word' id='word_1_905' title='bbox 2020 473 2174 502; x_wconf 87' lang='lat' dir='ltr'>intentione</span> <span class='ocrx_word' id='word_1_906' title='bbox 2197 473 2334 509; x_wconf 87' lang='lat' dir='ltr'>partium,</span> <span class='ocrx_word' id='word_1_907' title='bbox 2352 481 2390 503; x_wconf 88' lang='lat' dir='ltr'>rie</span> 
     </span>
     <span class='ocr_line' id='line_1_114' title="bbox 1339 509 2389 578; baseline 0.001 -39"><span class='ocrx_word' id='word_1_908' title='bbox 1339 509 1419 578; x_wconf 59' lang='lat' dir='ltr'>liabor</span> <span class='ocrx_word' id='word_1_909' title='bbox 1434 510 1527 540; x_wconf 90' lang='lat' dir='ltr'>noster</span> <span class='ocrx_word' id='word_1_910' title='bbox 1538 511 1606 541; x_wconf 79' lang='lat' dir='ltr'>effer</span> <span class='ocrx_word' id='word_1_911' title='bbox 1620 510 1768 541; x_wconf 90' lang='lat' dir='ltr'>delusorius</span> <span class='ocrx_word' id='word_1_912' title='bbox 1779 511 1823 541; x_wconf 90' lang='lat' dir='ltr'>vel</span> <span class='ocrx_word' id='word_1_913' title='bbox 1837 512 1941 549; x_wconf 86' lang='lat' dir='ltr'>inanis,</span> <span class='ocrx_word' id='word_1_914' title='bbox 1957 510 2047 548; x_wconf 88' lang='lat' dir='ltr'>aliqua</span> <span class='ocrx_word' id='word_1_915' title='bbox 2062 511 2146 549; x_wconf 80' lang='lat' dir='ltr'>magis</span> <span class='ocrx_word' id='word_1_916' title='bbox 2165 509 2296 547; x_wconf 71' lang='lat' dir='ltr'>specifice</span> <span class='ocrx_word' id='word_1_917' title='bbox 2316 519 2389 548; x_wconf 81' lang='lat' dir='ltr'>prae-</span> 
     </span>
     <span class='ocr_line' id='line_1_115' title="bbox 1351 557 1456 578; baseline 0 0"><span class='ocrx_word' id='word_1_918' title='bbox 1351 557 1456 578; x_wconf 90' lang='lat' dir='ltr'>entare·</span> 
     </span>
    </p>

    <p class='ocr_par' dir='ltr' id='par_1_31' title="bbox 1340 573 2392 701">
     <span class='ocr_line' id='line_1_116' title="bbox 1377 573 2392 625; baseline 0 -9"><span class='ocrx_word' id='word_1_919' title='bbox 1377 573 1577 625; x_wconf 59' lang='lat' dir='ltr'>Qiat&#39;nobrem</span> <span class='ocrx_word' id='word_1_920' title='bbox 1592 586 1707 624; x_wconf 85' lang='lat' dir='ltr'>praefato</span> <span class='ocrx_word' id='word_1_921' title='bbox 1720 586 1829 616; x_wconf 89' lang='lat' dir='ltr'>Comiti</span> <span class='ocrx_word' id='word_1_922' title='bbox 1845 586 2030 624; x_wconf 70' lang='lat' dir='ltr'>inscripsimus</span> <span class='ocrx_word' id='word_1_923' title='bbox 2051 594 2096 622; x_wconf 88' lang='lat' dir='ltr'>ut,</span> <span class='ocrx_word' id='word_1_924' title='bbox 2113 585 2148 615; x_wconf 92' lang='lat' dir='ltr'>de</span> <span class='ocrx_word' id='word_1_925' title='bbox 2169 586 2323 616; x_wconf 90' lang='lat' dir='ltr'>intentione</span> <span class='ocrx_word' id='word_1_926' title='bbox 2344 583 2392 616; x_wconf 60' lang='lat' dir='ltr'>tua</span> 
     </span>
     <span class='ocr_line' id='line_1_117' title="bbox 1340 623 2392 664; baseline 0 -10"><span class='ocrx_word' id='word_1_927' title='bbox 1340 624 1418 662; x_wconf 89' lang='lat' dir='ltr'>super</span> <span class='ocrx_word' id='word_1_928' title='bbox 1433 625 1587 664; x_wconf 66' lang='lat' dir='ltr'>praedictis,</span> <span class='ocrx_word' id='word_1_929' title='bbox 1606 635 1658 655; x_wconf 90' lang='lat' dir='ltr'>nos</span> <span class='ocrx_word' id='word_1_930' title='bbox 1672 624 1721 654; x_wconf 91' lang='lat' dir='ltr'>sub</span> <span class='ocrx_word' id='word_1_931' title='bbox 1736 625 1838 654; x_wconf 88' lang='lat' dir='ltr'>secreto</span> <span class='ocrx_word' id='word_1_932' title='bbox 1852 625 1983 654; x_wconf 87' lang='lat' dir='ltr'>certiores</span> <span class='ocrx_word' id='word_1_933' title='bbox 1998 623 2109 654; x_wconf 79' lang='lat' dir='ltr'>efficere</span> <span class='ocrx_word' id='word_1_934' title='bbox 2133 633 2309 662; x_wconf 84' lang='lat' dir='ltr'>procuraret,</span> <span class='ocrx_word' id='word_1_935' title='bbox 2327 626 2392 662; x_wconf 81' lang='lat' dir='ltr'>quia</span> 
     </span>
     <span class='ocr_line' id='line_1_118' title="bbox 1340 661 2353 701; baseline 0 -9"><span class='ocrx_word' id='word_1_936' title='bbox 1340 664 1424 700; x_wconf 88' lang='lat' dir='ltr'>parati</span> <span class='ocrx_word' id='word_1_937' title='bbox 1436 673 1557 701; x_wconf 84' lang='lat' dir='ltr'>eramus,</span> <span class='ocrx_word' id='word_1_938' title='bbox 1576 663 1645 693; x_wconf 83' lang='lat' dir='ltr'>ficut</span> <span class='ocrx_word' id='word_1_939' title='bbox 1657 662 1868 692; x_wconf 83' lang='lat' dir='ltr'>condixeramus</span> <span class='ocrx_word' id='word_1_940' title='bbox 1881 672 1947 693; x_wconf 87' lang='lat' dir='ltr'>cum</span> <span class='ocrx_word' id='word_1_941' title='bbox 1961 661 2035 699; x_wconf 89' lang='lat' dir='ltr'>ipso,</span> <span class='ocrx_word' id='word_1_942' title='bbox 2055 661 2206 691; x_wconf 84' lang='lat' dir='ltr'>efficaciter</span> <span class='ocrx_word' id='word_1_943' title='bbox 2221 662 2353 692; x_wconf 86' lang='lat' dir='ltr'>laborare.</span> 
     </span>
    </p>

    <p class='ocr_par' dir='ltr' id='par_1_32' title="bbox 1340 699 2396 1036">
     <span class='ocr_line' id='line_1_119' title="bbox 1378 699 2393 768; baseline -0.001 -37"><span class='ocrx_word' id='word_1_944' title='bbox 1378 700 1569 731; x_wconf 89' lang='lat' dir='ltr'>Postmodum</span> <span class='ocrx_word' id='word_1_945' title='bbox 1589 709 1697 738; x_wconf 87' lang='lat' dir='ltr'>autern,</span> <span class='ocrx_word' id='word_1_946' title='bbox 1714 700 1819 730; x_wconf 65' lang='lat' dir='ltr'>Dilecti</span> <span class='ocrx_word' id='word_1_947' title='bbox 1841 700 2072 768; x_wconf 67' lang='lat' dir='ltr'>Filii,Vlohannes</span> <span class='ocrx_word' id='word_1_948' title='bbox 2090 700 2125 729; x_wconf 93' lang='lat' dir='ltr'>de</span> <span class='ocrx_word' id='word_1_949' title='bbox 2148 700 2313 739; x_wconf 81' lang='lat' dir='ltr'>Thoresby,</span> <span class='ocrx_word' id='word_1_950' title='bbox 2333 699 2393 730; x_wconf 84' lang='lat' dir='ltr'>Ca-</span> 
     </span>
     <span class='ocr_line' id='line_1_120' title="bbox 1340 737 2391 776; baseline 0 -8"><span class='ocrx_word' id='word_1_951' title='bbox 1340 741 1460 770; x_wconf 86' lang='lat' dir='ltr'>nonicus</span> <span class='ocrx_word' id='word_1_952' title='bbox 1475 739 1694 775; x_wconf 88' lang='lat' dir='ltr'>Lincolniensis,</span> <span class='ocrx_word' id='word_1_953' title='bbox 1713 739 1763 776; x_wconf 88' lang='lat'>&amp;,</span> <span class='ocrx_word' id='word_1_954' title='bbox 1782 738 1898 768; x_wconf 85' lang='lat' dir='ltr'>Nobilis</span> <span class='ocrx_word' id='word_1_955' title='bbox 1941 748 1978 775; x_wconf 87' lang='lat' dir='ltr'>ir,</span> <span class='ocrx_word' id='word_1_956' title='bbox 1996 737 2160 774; x_wconf 63' lang='lat' dir='ltr'>Radulshus</span> <span class='ocrx_word' id='word_1_957' title='bbox 2172 737 2391 776; x_wconf 73' lang='lat' dir='ltr'>Pigornel,Mi‹</span> 
     </span>
     <span class='ocr_line' id='line_1_121' title="bbox 1341 776 2392 815; baseline -0.001 -8"><span class='ocrx_word' id='word_1_958' title='bbox 1341 777 1397 815; x_wconf 86' lang='lat' dir='ltr'>les,</span> <span class='ocrx_word' id='word_1_959' title='bbox 1414 786 1472 808; x_wconf 83' lang='lat' dir='ltr'>tuae</span> <span class='ocrx_word' id='word_1_960' title='bbox 1487 777 1661 808; x_wconf 89' lang='lat' dir='ltr'>Celsitudinis</span> <span class='ocrx_word' id='word_1_961' title='bbox 1677 776 1805 814; x_wconf 87' lang='lat' dir='ltr'>Nuncii,</span> <span class='ocrx_word' id='word_1_962' title='bbox 1823 776 1857 806; x_wconf 92' lang='lat' dir='ltr'>ad</span> <span class='ocrx_word' id='word_1_963' title='bbox 1871 776 1995 806; x_wconf 89' lang='lat' dir='ltr'>nostram</span> <span class='ocrx_word' id='word_1_964' title='bbox 2019 777 2191 815; x_wconf 75' lang='lat' dir='ltr'>praesciitiam</span> <span class='ocrx_word' id='word_1_965' title='bbox 2212 786 2280 805; x_wconf 88' lang='lat' dir='ltr'>cum</span> <span class='ocrx_word' id='word_1_966' title='bbox 2301 776 2392 806; x_wconf 89' lang='lat' dir='ltr'>Litte-</span> 
     </span>
     <span class='ocr_line' id='line_1_122' title="bbox 1342 814 2392 854; baseline -0.003 -8"><span class='ocrx_word' id='word_1_967' title='bbox 1342 816 1378 845; x_wconf 89' lang='lat' dir='ltr'>ris</span> <span class='ocrx_word' id='word_1_968' title='bbox 1396 817 1449 846; x_wconf 90' lang='lat' dir='ltr'>tuis</span> <span class='ocrx_word' id='word_1_969' title='bbox 1470 815 1565 854; x_wconf 83' lang='lat' dir='ltr'>Regiis</span> <span class='ocrx_word' id='word_1_970' title='bbox 1585 816 1620 846; x_wconf 94' lang='lat' dir='ltr'>de</span> <span class='ocrx_word' id='word_1_971' title='bbox 1642 814 1794 845; x_wconf 72' lang='lat' dir='ltr'>Credentia</span> <span class='ocrx_word' id='word_1_972' title='bbox 1816 816 1974 853; x_wconf 87' lang='lat' dir='ltr'>venientes,</span> <span class='ocrx_word' id='word_1_973' title='bbox 1993 814 2026 844; x_wconf 73' lang='grc' dir='ltr'>δε</span> <span class='ocrx_word' id='word_1_974' title='bbox 2045 824 2107 852; x_wconf 43' lang='lat' dir='ltr'>qur</span> <span class='ocrx_word' id='word_1_975' title='bbox 2123 815 2193 843; x_wconf 89' lang='lat' dir='ltr'>inter</span> <span class='ocrx_word' id='word_1_976' title='bbox 2208 814 2276 844; x_wconf 91' lang='lat' dir='ltr'>Nos</span> <span class='ocrx_word' id='word_1_977' title='bbox 2294 815 2327 845; x_wconf 91' lang='lat'>&amp;</span> <span class='ocrx_word' id='word_1_978' title='bbox 2347 814 2392 844; x_wconf 92' lang='lat' dir='ltr'>di-</span> 
     </span>
     <span class='ocr_line' id='line_1_123' title="bbox 1342 852 2393 891; baseline -0.001 -7"><span class='ocrx_word' id='word_1_979' title='bbox 1342 854 1422 884; x_wconf 70' lang='lat' dir='ltr'>ctum</span> <span class='ocrx_word' id='word_1_980' title='bbox 1443 853 1593 884; x_wconf 86' lang='lat' dir='ltr'>Comitem</span> <span class='ocrx_word' id='word_1_981' title='bbox 1611 853 1758 891; x_wconf 87' lang='lat' dir='ltr'>prolocuta</span> <span class='ocrx_word' id='word_1_982' title='bbox 1776 854 1809 883; x_wconf 90' lang='lat'>&amp;</span> <span class='ocrx_word' id='word_1_983' title='bbox 1830 853 1944 883; x_wconf 57' lang='lat' dir='ltr'>traetata</span> <span class='ocrx_word' id='word_1_984' title='bbox 1957 876 1966 891; x_wconf 85' lang='lat'>,</span> <span class='ocrx_word' id='word_1_985' title='bbox 1989 852 2057 882; x_wconf 82' lang='lat' dir='ltr'>ficut</span> <span class='ocrx_word' id='word_1_986' title='bbox 2077 852 2250 888; x_wconf 64' lang='lat' dir='ltr'>premissum</span> <span class='ocrx_word' id='word_1_987' title='bbox 2268 852 2308 882; x_wconf 89' lang='lat' dir='ltr'>est</span> <span class='ocrx_word' id='word_1_988' title='bbox 2325 876 2334 890; x_wconf 92' lang='lat'>,</span> <span class='ocrx_word' id='word_1_989' title='bbox 2359 853 2393 883; x_wconf 72' lang='grc' dir='ltr'>δε</span> 
     </span>
     <span class='ocr_line' id='line_1_124' title="bbox 1341 890 2395 930; baseline -0.002 -8"><span class='ocrx_word' id='word_1_990' title='bbox 1341 892 1392 921; x_wconf 90' lang='lat' dir='ltr'>tibi</span> <span class='ocrx_word' id='word_1_991' title='bbox 1406 902 1454 929; x_wconf 83' lang='lat' dir='ltr'>per</span> <span class='ocrx_word' id='word_1_992' title='bbox 1466 902 1532 922; x_wconf 90' lang='lat' dir='ltr'>etim</span> <span class='ocrx_word' id='word_1_993' title='bbox 1548 892 1656 930; x_wconf 84' lang='lat' dir='ltr'>plenius</span> <span class='ocrx_word' id='word_1_994' title='bbox 1670 891 1791 928; x_wconf 83' lang='lat' dir='ltr'>exposita</span> <span class='ocrx_word' id='word_1_995' title='bbox 1810 890 1930 927; x_wconf 91' lang='lat' dir='ltr'>fuerant,</span> <span class='ocrx_word' id='word_1_996' title='bbox 1949 900 2001 928; x_wconf 92' lang='lat' dir='ltr'>pro</span> <span class='ocrx_word' id='word_1_997' title='bbox 2022 899 2097 927; x_wconf 89' lang='lat' dir='ltr'>parte</span> <span class='ocrx_word' id='word_1_998' title='bbox 2117 890 2221 928; x_wconf 67' lang='lat' dir='ltr'>Regia,</span> <span class='ocrx_word' id='word_1_999' title='bbox 2240 891 2289 921; x_wconf 89' lang='lat' dir='ltr'>sub</span> <span class='ocrx_word' id='word_1_1000' title='bbox 2310 900 2395 920; x_wconf 90' lang='lat' dir='ltr'>com-</span> 
     </span>
     <span class='ocr_line' id='line_1_125' title="bbox 1342 928 2395 967; baseline -0.001 -8"><span class='ocrx_word' id='word_1_1001' title='bbox 1342 930 1422 960; x_wconf 61' lang='lat' dir='ltr'>miss&amp;</span> <span class='ocrx_word' id='word_1_1002' title='bbox 1442 931 1491 960; x_wconf 92' lang='lat' dir='ltr'>sibi</span> <span class='ocrx_word' id='word_1_1003' title='bbox 1512 930 1670 967; x_wconf 68' lang='lat' dir='ltr'>credentia,</span> <span class='ocrx_word' id='word_1_1004' title='bbox 1695 929 1864 959; x_wconf 88' lang='lat' dir='ltr'>recensentes</span> <span class='ocrx_word' id='word_1_1005' title='bbox 1884 929 1956 967; x_wconf 89' lang='lat' dir='ltr'>apud</span> <span class='ocrx_word' id='word_1_1006' title='bbox 1979 938 2030 957; x_wconf 89' lang='lat' dir='ltr'>nos</span> <span class='ocrx_word' id='word_1_1007' title='bbox 2052 928 2223 965; x_wconf 85' lang='lat' dir='ltr'>institerunt,</span> <span class='ocrx_word' id='word_1_1008' title='bbox 2243 937 2273 959; x_wconf 91' lang='lat' dir='ltr'>ut</span> <span class='ocrx_word' id='word_1_1009' title='bbox 2294 928 2328 958; x_wconf 91' lang='lat' dir='ltr'>ad</span> <span class='ocrx_word' id='word_1_1010' title='bbox 2349 928 2395 958; x_wconf 93' lang='lat' dir='ltr'>lo-</span> 
     </span>
     <span class='ocr_line' id='line_1_126' title="bbox 1343 965 2396 1035; baseline -0.001 -37"><span class='ocrx_word' id='word_1_1011' title='bbox 1343 978 1426 1035; x_wconf 60' lang='lat' dir='ltr'>fum,</span> <span class='ocrx_word' id='word_1_1012' title='bbox 1441 968 1477 998; x_wconf 93' lang='lat' dir='ltr'>de</span> <span class='ocrx_word' id='word_1_1013' title='bbox 1490 979 1548 1007; x_wconf 90' lang='lat' dir='ltr'>quo</span> <span class='ocrx_word' id='word_1_1014' title='bbox 1563 969 1643 999; x_wconf 86' lang='lat' dir='ltr'>nobis</span> <span class='ocrx_word' id='word_1_1015' title='bbox 1657 967 1786 1006; x_wconf 82' lang='lat' dir='ltr'>praefatus</span> <span class='ocrx_word' id='word_1_1016' title='bbox 1801 966 1911 998; x_wconf 91' lang='lat' dir='ltr'>Comes</span> <span class='ocrx_word' id='word_1_1017' title='bbox 1926 965 2079 1004; x_wconf 85' lang='lat' dir='ltr'>scripserat,</span> <span class='ocrx_word' id='word_1_1018' title='bbox 2095 968 2319 1004; x_wconf 78' lang='lat' dir='ltr'>appropinquare</span> <span class='ocrx_word' id='word_1_1019' title='bbox 2336 966 2396 998; x_wconf 88' lang='lat' dir='ltr'>vel-</span> 
     </span>
     <span class='ocr_line' id='line_1_127' title="bbox 1353 1016 1448 1036; baseline 0 0"><span class='ocrx_word' id='word_1_1020' title='bbox 1353 1016 1448 1036; x_wconf 86' lang='lat' dir='ltr'>emus·</span> 
     </span>
    </p>

    <p class='ocr_par' dir='ltr' id='par_1_33' title="bbox 1342 1031 2402 1386">
     <span class='ocr_line' id='line_1_128' title="bbox 1381 1031 2395 1082; baseline -0.001 -8"><span class='ocrx_word' id='word_1_1021' title='bbox 1381 1031 1496 1082; x_wconf 85' lang='lat' dir='ltr'>Qibus</span> <span class='ocrx_word' id='word_1_1022' title='bbox 1516 1055 1568 1075; x_wconf 87' lang='lat' dir='ltr'>nos</span> <span class='ocrx_word' id='word_1_1023' title='bbox 1590 1043 1797 1082; x_wconf 84' lang='lat' dir='ltr'>respondimus,</span> <span class='ocrx_word' id='word_1_1024' title='bbox 1817 1044 1850 1074; x_wconf 91' lang='lat'>&amp;</span> <span class='ocrx_word' id='word_1_1025' title='bbox 1873 1043 1923 1074; x_wconf 90' lang='lat' dir='ltr'>tibi</span> <span class='ocrx_word' id='word_1_1026' title='bbox 1948 1042 2014 1081; x_wconf 89' lang='lat' dir='ltr'>(Fili</span> <span class='ocrx_word' id='word_1_1027' title='bbox 2034 1041 2179 1073; x_wconf 73' lang='lat' dir='ltr'>cariffirnel</span> <span class='ocrx_word' id='word_1_1028' title='bbox 2193 1043 2323 1073; x_wconf 80' lang='lat' dir='ltr'>duximus</span> <span class='ocrx_word' id='word_1_1029' title='bbox 2343 1052 2395 1081; x_wconf 85' lang='lat' dir='ltr'>per</span> 
     </span>
     <span class='ocr_line' id='line_1_129' title="bbox 1342 1080 2397 1120; baseline -0.001 -7"><span class='ocrx_word' id='word_1_1030' title='bbox 1342 1082 1450 1112; x_wconf 86' lang='lat' dir='ltr'>nostras</span> <span class='ocrx_word' id='word_1_1031' title='bbox 1473 1083 1589 1113; x_wconf 87' lang='lat' dir='ltr'>Litteras</span> <span class='ocrx_word' id='word_1_1032' title='bbox 1609 1082 1850 1120; x_wconf 85' lang='lat' dir='ltr'>respondendum,</span> <span class='ocrx_word' id='word_1_1033' title='bbox 1867 1081 1946 1119; x_wconf 78' lang='lat' dir='ltr'>quod</span> <span class='ocrx_word' id='word_1_1034' title='bbox 1966 1082 1994 1110; x_wconf 93' lang='lat' dir='ltr'>in</span> <span class='ocrx_word' id='word_1_1035' title='bbox 2015 1080 2084 1118; x_wconf 81' lang='lat' dir='ltr'>hiis,</span> <span class='ocrx_word' id='word_1_1036' title='bbox 2102 1090 2166 1118; x_wconf 82' lang='lat' dir='ltr'>quae</span> <span class='ocrx_word' id='word_1_1037' title='bbox 2186 1082 2256 1111; x_wconf 81' lang='lat' dir='ltr'>inter</span> <span class='ocrx_word' id='word_1_1038' title='bbox 2272 1081 2340 1111; x_wconf 89' lang='lat' dir='ltr'>Nos</span> <span class='ocrx_word' id='word_1_1039' title='bbox 2362 1082 2397 1112; x_wconf 85' lang='lat'>&amp;</span> 
     </span>
     <span class='ocr_line' id='line_1_130' title="bbox 1344 1119 2398 1158; baseline -0.001 -8"><span class='ocrx_word' id='word_1_1040' title='bbox 1344 1130 1532 1151; x_wconf 87' lang='lat' dir='ltr'>memoratum</span> <span class='ocrx_word' id='word_1_1041' title='bbox 1547 1120 1695 1151; x_wconf 89' lang='lat' dir='ltr'>Comitem</span> <span class='ocrx_word' id='word_1_1042' title='bbox 1709 1120 1852 1150; x_wconf 86' lang='lat' dir='ltr'>collocuta</span> <span class='ocrx_word' id='word_1_1043' title='bbox 1866 1121 1899 1150; x_wconf 73' lang='grc' dir='ltr'>δε</span> <span class='ocrx_word' id='word_1_1044' title='bbox 1912 1120 2026 1150; x_wconf 57' lang='lat' dir='ltr'>mirata</span> <span class='ocrx_word' id='word_1_1045' title='bbox 2041 1119 2164 1157; x_wconf 88' lang='lat' dir='ltr'>fuerant,</span> <span class='ocrx_word' id='word_1_1046' title='bbox 2183 1129 2213 1150; x_wconf 75' lang='lat' dir='ltr'>uc</span> <span class='ocrx_word' id='word_1_1047' title='bbox 2236 1119 2398 1158; x_wconf 65' lang='lat' dir='ltr'>praefertur,</span> 
     </span>
     <span class='ocr_line' id='line_1_131' title="bbox 1344 1157 2399 1202; baseline -0.002 -13"><span class='ocrx_word' id='word_1_1048' title='bbox 1344 1158 1571 1197; x_wconf 80' lang='lat' dir='ltr'>perfistebamus,</span> <span class='ocrx_word' id='word_1_1049' title='bbox 1589 1160 1621 1189; x_wconf 89' lang='lat'>&amp;</span> <span class='ocrx_word' id='word_1_1050' title='bbox 1633 1157 1779 1202; x_wconf 84' lang='lat' dir='ltr'>persistere</span> <span class='ocrx_word' id='word_1_1051' title='bbox 1793 1158 2003 1188; x_wconf 81' lang='lat' dir='ltr'>intendebamus</span> <span class='ocrx_word' id='word_1_1052' title='bbox 2017 1158 2150 1187; x_wconf 89' lang='lat' dir='ltr'>veraciter</span> <span class='ocrx_word' id='word_1_1053' title='bbox 2165 1157 2199 1187; x_wconf 71' lang='grc' dir='ltr'>δε</span> <span class='ocrx_word' id='word_1_1054' title='bbox 2221 1157 2399 1195; x_wconf 84' lang='lat' dir='ltr'>constanter,</span> 
     </span>
     <span class='ocr_line' id='line_1_132' title="bbox 1343 1195 2400 1233; baseline -0.002 -6"><span class='ocrx_word' id='word_1_1055' title='bbox 1343 1206 1377 1227; x_wconf 92' lang='lat' dir='ltr'>ac</span> <span class='ocrx_word' id='word_1_1056' title='bbox 1392 1198 1465 1227; x_wconf 89' lang='lat' dir='ltr'>circa</span> <span class='ocrx_word' id='word_1_1057' title='bbox 1480 1197 1727 1228; x_wconf 85' lang='lat' dir='ltr'>Reformationem</span> <span class='ocrx_word' id='word_1_1058' title='bbox 1741 1196 1824 1226; x_wconf 68' lang='lat' dir='ltr'>dictae</span> <span class='ocrx_word' id='word_1_1059' title='bbox 1839 1195 1915 1225; x_wconf 89' lang='lat' dir='ltr'>Pacis</span> <span class='ocrx_word' id='word_1_1060' title='bbox 1931 1197 1964 1227; x_wconf 89' lang='lat'>&amp;</span> <span class='ocrx_word' id='word_1_1061' title='bbox 1982 1195 2201 1226; x_wconf 90' lang='lat' dir='ltr'>Promotionem</span> <span class='ocrx_word' id='word_1_1062' title='bbox 2216 1195 2337 1233; x_wconf 85' lang='lat' dir='ltr'>Negotii</span> <span class='ocrx_word' id='word_1_1063' title='bbox 2357 1195 2400 1225; x_wconf 88' lang='lat' dir='ltr'>di-</span> 
     </span>
     <span class='ocr_line' id='line_1_133' title="bbox 1344 1233 2400 1274; baseline -0.002 -9"><span class='ocrx_word' id='word_1_1064' title='bbox 1344 1235 1385 1265; x_wconf 66' lang='lat' dir='ltr'>&amp;i</span> <span class='ocrx_word' id='word_1_1065' title='bbox 1404 1235 1535 1274; x_wconf 80' lang='lat' dir='ltr'>Passagii,</span> <span class='ocrx_word' id='word_1_1066' title='bbox 1549 1235 1583 1265; x_wconf 91' lang='lat' dir='ltr'>ad</span> <span class='ocrx_word' id='word_1_1067' title='bbox 1602 1245 1665 1273; x_wconf 82' lang='lat' dir='ltr'>quae</span> <span class='ocrx_word' id='word_1_1068' title='bbox 1688 1233 1893 1271; x_wconf 86' lang='lat' dir='ltr'>afficiebamur,</span> <span class='ocrx_word' id='word_1_1069' title='bbox 1912 1235 1944 1264; x_wconf 90' lang='lat'>&amp;</span> <span class='ocrx_word' id='word_1_1070' title='bbox 1966 1233 2105 1263; x_wconf 82' lang='lat' dir='ltr'>afficimur</span> <span class='ocrx_word' id='word_1_1071' title='bbox 2128 1234 2214 1273; x_wconf 89' lang='lat' dir='ltr'>plenis</span> <span class='ocrx_word' id='word_1_1072' title='bbox 2233 1234 2400 1272; x_wconf 59' lang='lat' dir='ltr'>anseribus,</span> 
     </span>
     <span class='ocr_line' id='line_1_134' title="bbox 1345 1271 2401 1310; baseline -0.002 -7"><span class='ocrx_word' id='word_1_1073' title='bbox 1345 1275 1416 1303; x_wconf 90' lang='lat' dir='ltr'>inter</span> <span class='ocrx_word' id='word_1_1074' title='bbox 1435 1283 1535 1304; x_wconf 84' lang='lat' dir='ltr'>caetera</span> <span class='ocrx_word' id='word_1_1075' title='bbox 1558 1273 1693 1303; x_wconf 88' lang='lat' dir='ltr'>ferventia</span> <span class='ocrx_word' id='word_1_1076' title='bbox 1711 1280 1779 1303; x_wconf 87' lang='lat' dir='ltr'>vota</span> <span class='ocrx_word' id='word_1_1077' title='bbox 1798 1271 1907 1309; x_wconf 87' lang='lat' dir='ltr'>nostra,</span> <span class='ocrx_word' id='word_1_1078' title='bbox 1926 1281 2032 1301; x_wconf 81' lang='lat' dir='ltr'>eramus</span> <span class='ocrx_word' id='word_1_1079' title='bbox 2052 1272 2176 1302; x_wconf 83' lang='lat' dir='ltr'>laborare</span> <span class='ocrx_word' id='word_1_1080' title='bbox 2194 1273 2293 1310; x_wconf 87' lang='lat' dir='ltr'>parati,</span> <span class='ocrx_word' id='word_1_1081' title='bbox 2315 1273 2401 1302; x_wconf 82' lang='lat' dir='ltr'>etiarn</span> 
     </span>
     <span class='ocr_line' id='line_1_135' title="bbox 1345 1309 2402 1348; baseline -0.003 -6"><span class='ocrx_word' id='word_1_1082' title='bbox 1345 1311 1380 1342; x_wconf 91' lang='lat' dir='ltr'>ad</span> <span class='ocrx_word' id='word_1_1083' title='bbox 1400 1312 1499 1342; x_wconf 90' lang='lat' dir='ltr'>locum</span> <span class='ocrx_word' id='word_1_1084' title='bbox 1517 1311 1680 1342; x_wconf 90' lang='lat' dir='ltr'>accedendo</span> <span class='ocrx_word' id='word_1_1085' title='bbox 1703 1309 1889 1348; x_wconf 66' lang='lat' dir='ltr'>praedietum,</span> <span class='ocrx_word' id='word_1_1086' title='bbox 1906 1319 1964 1339; x_wconf 92' lang='lat' dir='ltr'>non</span> <span class='ocrx_word' id='word_1_1087' title='bbox 1987 1310 2129 1347; x_wconf 88' lang='lat' dir='ltr'>parcendo</span> <span class='ocrx_word' id='word_1_1088' title='bbox 2151 1311 2279 1340; x_wconf 84' lang='lat' dir='ltr'>maximis</span> <span class='ocrx_word' id='word_1_1089' title='bbox 2299 1310 2402 1340; x_wconf 76' lang='lat' dir='ltr'>exinde</span> 
     </span>
     <span class='ocr_line' id='line_1_136' title="bbox 1346 1348 1854 1386; baseline -0.004 -6"><span class='ocrx_word' id='word_1_1090' title='bbox 1346 1349 1476 1380; x_wconf 87' lang='lat' dir='ltr'>secuturis</span> <span class='ocrx_word' id='word_1_1091' title='bbox 1491 1350 1650 1380; x_wconf 88' lang='lat' dir='ltr'>Laboribus</span> <span class='ocrx_word' id='word_1_1092' title='bbox 1665 1349 1698 1379; x_wconf 89' lang='lat'>&amp;</span> <span class='ocrx_word' id='word_1_1093' title='bbox 1714 1348 1854 1386; x_wconf 84' lang='lat' dir='ltr'>Expensis.</span> 
     </span>
    </p>

    <p class='ocr_par' dir='ltr' id='par_1_34' title="bbox 1346 1384 2405 1571">
     <span class='ocr_line' id='line_1_137' title="bbox 1381 1384 2401 1427; baseline -0.002 -9"><span class='ocrx_word' id='word_1_1094' title='bbox 1381 1388 1454 1427; x_wconf 88' lang='lat' dir='ltr'>Sed,</span> <span class='ocrx_word' id='word_1_1095' title='bbox 1472 1388 1540 1419; x_wconf 89' lang='lat' dir='ltr'>sicut</span> <span class='ocrx_word' id='word_1_1096' title='bbox 1554 1398 1621 1418; x_wconf 92' lang='lat' dir='ltr'>cum</span> <span class='ocrx_word' id='word_1_1097' title='bbox 1636 1386 1770 1425; x_wconf 78' lang='lat' dir='ltr'>praefatis,</span> <span class='ocrx_word' id='word_1_1098' title='bbox 1788 1386 1909 1417; x_wconf 88' lang='lat' dir='ltr'>Decano</span> <span class='ocrx_word' id='word_1_1099' title='bbox 1922 1385 1955 1416; x_wconf 90' lang='lat'>&amp;</span> <span class='ocrx_word' id='word_1_1100' title='bbox 1966 1384 2095 1423; x_wconf 81' lang='lat' dir='ltr'>Johanne</span> <span class='ocrx_word' id='word_1_1101' title='bbox 2107 1384 2143 1415; x_wconf 93' lang='lat' dir='ltr'>de</span> <span class='ocrx_word' id='word_1_1102' title='bbox 2158 1385 2253 1424; x_wconf 84' lang='lat' dir='ltr'>Ripis,</span> <span class='ocrx_word' id='word_1_1103' title='bbox 2265 1385 2401 1416; x_wconf 88' lang='lat' dir='ltr'>condixe-</span> 
     </span>
     <span class='ocr_line' id='line_1_138' title="bbox 1346 1423 2403 1466; baseline -0.003 -9"><span class='ocrx_word' id='word_1_1104' title='bbox 1346 1436 1457 1466; x_wconf 85' lang='lat' dir='ltr'>ramus,</span> <span class='ocrx_word' id='word_1_1105' title='bbox 1478 1428 1511 1457; x_wconf 88' lang='lat'>&amp;</span> <span class='ocrx_word' id='word_1_1106' title='bbox 1527 1425 1637 1457; x_wconf 90' lang='lat' dir='ltr'>Comiti</span> <span class='ocrx_word' id='word_1_1107' title='bbox 1651 1426 1868 1462; x_wconf 87' lang='lat' dir='ltr'>rescripseramus</span> <span class='ocrx_word' id='word_1_1108' title='bbox 1888 1423 2041 1462; x_wconf 60' lang='lat' dir='ltr'>praedffiko,</span> <span class='ocrx_word' id='word_1_1109' title='bbox 2058 1424 2217 1461; x_wconf 84' lang='lat' dir='ltr'>hujusmodi</span> <span class='ocrx_word' id='word_1_1110' title='bbox 2239 1425 2403 1463; x_wconf 61' lang='lat' dir='ltr'>Appropim</span> 
     </span>
     <span class='ocr_line' id='line_1_139' title="bbox 1347 1461 2404 1502; baseline -0.002 -8"><span class='ocrx_word' id='word_1_1111' title='bbox 1347 1466 1442 1502; x_wconf 89' lang='lat' dir='ltr'>quatio</span> <span class='ocrx_word' id='word_1_1112' title='bbox 1463 1474 1641 1502; x_wconf 87' lang='lat' dir='ltr'>nequaquam</span> <span class='ocrx_word' id='word_1_1113' title='bbox 1655 1463 1802 1501; x_wconf 84' lang='lat' dir='ltr'>expediens</span> <span class='ocrx_word' id='word_1_1114' title='bbox 1817 1463 1978 1499; x_wconf 88' lang='lat' dir='ltr'>videbatur,</span> <span class='ocrx_word' id='word_1_1115' title='bbox 1997 1461 2141 1500; x_wconf 90' lang='lat' dir='ltr'>quousque</span> <span class='ocrx_word' id='word_1_1116' title='bbox 2160 1462 2195 1491; x_wconf 92' lang='lat' dir='ltr'>de</span> <span class='ocrx_word' id='word_1_1117' title='bbox 2219 1461 2267 1492; x_wconf 77' lang='lat' dir='ltr'>tua</span> <span class='ocrx_word' id='word_1_1118' title='bbox 2287 1462 2320 1493; x_wconf 87' lang='lat'>&amp;</span> <span class='ocrx_word' id='word_1_1119' title='bbox 2343 1462 2404 1492; x_wconf 82' lang='lat' dir='ltr'>Re-</span> 
     </span>
     <span class='ocr_line' id='line_1_140' title="bbox 1347 1499 2405 1547; baseline -0.003 -14"><span class='ocrx_word' id='word_1_1120' title='bbox 1347 1503 1390 1540; x_wconf 82' lang='lat' dir='ltr'>gis</span> <span class='ocrx_word' id='word_1_1121' title='bbox 1409 1503 1538 1547; x_wconf 61' lang='lat' dir='ltr'>praedieti</span> <span class='ocrx_word' id='word_1_1122' title='bbox 1557 1502 1676 1533; x_wconf 85' lang='lat' dir='ltr'>effemus</span> <span class='ocrx_word' id='word_1_1123' title='bbox 1697 1502 1897 1532; x_wconf 86' lang='lat' dir='ltr'>intentionibus</span> <span class='ocrx_word' id='word_1_1124' title='bbox 1910 1501 1990 1538; x_wconf 90' lang='lat' dir='ltr'>super</span> <span class='ocrx_word' id='word_1_1125' title='bbox 2003 1501 2054 1530; x_wconf 89' lang='lat' dir='ltr'>hiis</span> <span class='ocrx_word' id='word_1_1126' title='bbox 2069 1501 2157 1538; x_wconf 89' lang='lat' dir='ltr'>magis</span> <span class='ocrx_word' id='word_1_1127' title='bbox 2170 1499 2299 1538; x_wconf 80' lang='lat' dir='ltr'>specifice</span> <span class='ocrx_word' id='word_1_1128' title='bbox 2315 1500 2405 1531; x_wconf 89' lang='lat' dir='ltr'>infor-</span> 
     </span>
     <span class='ocr_line' id='line_1_141' title="bbox 1348 1549 1431 1571; baseline 0.012 -1"><span class='ocrx_word' id='word_1_1129' title='bbox 1348 1549 1431 1571; x_wconf 84' lang='lat' dir='ltr'>mati:</span> 
     </span>
    </p>

    <p class='ocr_par' dir='ltr' id='par_1_35' title="bbox 1348 1576 2409 1924">
     <span class='ocr_line' id='line_1_142' title="bbox 1386 1576 2407 1618; baseline -0.004 -8"><span class='ocrx_word' id='word_1_1130' title='bbox 1386 1579 1568 1618; x_wconf 84' lang='lat' dir='ltr'>Qapropter</span> <span class='ocrx_word' id='word_1_1131' title='bbox 1589 1587 1667 1609; x_wconf 89' lang='lat' dir='ltr'>tuam</span> <span class='ocrx_word' id='word_1_1132' title='bbox 1688 1577 1891 1608; x_wconf 86' lang='lat' dir='ltr'>Excellentiam</span> <span class='ocrx_word' id='word_1_1133' title='bbox 1914 1576 2064 1617; x_wconf 87' lang='lat' dir='ltr'>rogandam</span> <span class='ocrx_word' id='word_1_1134' title='bbox 2085 1576 2214 1607; x_wconf 76' lang='lat' dir='ltr'>duximus</span> <span class='ocrx_word' id='word_1_1135' title='bbox 2236 1577 2270 1608; x_wconf 90' lang='lat'>&amp;</span> <span class='ocrx_word' id='word_1_1136' title='bbox 2291 1576 2407 1607; x_wconf 88' lang='lat' dir='ltr'>hortan-</span> 
     </span>
     <span class='ocr_line' id='line_1_143' title="bbox 1348 1615 2407 1656; baseline 0 -10"><span class='ocrx_word' id='word_1_1137' title='bbox 1348 1615 1431 1656; x_wconf 85' lang='lat' dir='ltr'>dam,</span> <span class='ocrx_word' id='word_1_1138' title='bbox 1447 1627 1496 1655; x_wconf 88' lang='lat' dir='ltr'>ut,</span> <span class='ocrx_word' id='word_1_1139' title='bbox 1513 1618 1622 1648; x_wconf 89' lang='lat' dir='ltr'>attentis</span> <span class='ocrx_word' id='word_1_1140' title='bbox 1637 1617 1719 1646; x_wconf 88' lang='lat' dir='ltr'>bonis</span> <span class='ocrx_word' id='word_1_1141' title='bbox 1735 1616 1855 1654; x_wconf 84' lang='lat' dir='ltr'>ejusdem</span> <span class='ocrx_word' id='word_1_1142' title='bbox 1872 1615 1953 1646; x_wconf 86' lang='lat' dir='ltr'>Pacis</span> <span class='ocrx_word' id='word_1_1143' title='bbox 1965 1615 2209 1652; x_wconf 81' lang='lat' dir='ltr'>inenarrabilibus,</span> <span class='ocrx_word' id='word_1_1144' title='bbox 2228 1616 2262 1646; x_wconf 66' lang='grc' dir='ltr'>ὃς</span> <span class='ocrx_word' id='word_1_1145' title='bbox 2285 1615 2407 1652; x_wconf 88' lang='lat' dir='ltr'>Negotii</span> 
     </span>
     <span class='ocr_line' id='line_1_144' title="bbox 1348 1652 2406 1693; baseline -0.001 -8"><span class='ocrx_word' id='word_1_1146' title='bbox 1348 1654 1416 1685; x_wconf 66' lang='lat' dir='ltr'>dieti</span> <span class='ocrx_word' id='word_1_1147' title='bbox 1431 1655 1550 1693; x_wconf 82' lang='lat' dir='ltr'>Paffagii</span> <span class='ocrx_word' id='word_1_1148' title='bbox 1562 1654 1726 1686; x_wconf 88' lang='lat' dir='ltr'>commodis</span> <span class='ocrx_word' id='word_1_1149' title='bbox 1739 1655 1772 1685; x_wconf 88' lang='lat'>&amp;</span> <span class='ocrx_word' id='word_1_1150' title='bbox 1786 1654 1959 1691; x_wconf 87' lang='lat' dir='ltr'>honoribus,</span> <span class='ocrx_word' id='word_1_1151' title='bbox 1978 1652 2026 1683; x_wconf 92' lang='lat' dir='ltr'>Te</span> <span class='ocrx_word' id='word_1_1152' title='bbox 2039 1653 2120 1683; x_wconf 89' lang='lat' dir='ltr'>nobis</span> <span class='ocrx_word' id='word_1_1153' title='bbox 2136 1653 2221 1684; x_wconf 88' lang='lat' dir='ltr'>velles</span> <span class='ocrx_word' id='word_1_1154' title='bbox 2233 1653 2285 1683; x_wconf 92' lang='lat' dir='ltr'>sub</span> <span class='ocrx_word' id='word_1_1155' title='bbox 2297 1653 2406 1684; x_wconf 89' lang='lat' dir='ltr'>secreto</span> 
     </span>
     <span class='ocr_line' id='line_1_145' title="bbox 1348 1691 2408 1732; baseline -0.002 -8"><span class='ocrx_word' id='word_1_1156' title='bbox 1348 1695 1455 1731; x_wconf 87' lang='lat' dir='ltr'>aperire</span> <span class='ocrx_word' id='word_1_1157' title='bbox 1466 1693 1619 1732; x_wconf 66' lang='lat' dir='ltr'>praedicto,</span> <span class='ocrx_word' id='word_1_1158' title='bbox 1639 1694 1702 1731; x_wconf 90' lang='lat' dir='ltr'>quia</span> <span class='ocrx_word' id='word_1_1159' title='bbox 1715 1703 1766 1722; x_wconf 91' lang='lat' dir='ltr'>nos</span> <span class='ocrx_word' id='word_1_1160' title='bbox 1782 1702 1930 1729; x_wconf 89' lang='lat' dir='ltr'>procurare</span> <span class='ocrx_word' id='word_1_1161' title='bbox 1944 1691 2174 1730; x_wconf 86' lang='lat' dir='ltr'>intendebamus,</span> <span class='ocrx_word' id='word_1_1162' title='bbox 2193 1700 2330 1729; x_wconf 86' lang='lat' dir='ltr'>quantum</span> <span class='ocrx_word' id='word_1_1163' title='bbox 2350 1692 2408 1722; x_wconf 92' lang='lat' dir='ltr'>bo-</span> 
     </span>
     <span class='ocr_line' id='line_1_146' title="bbox 1349 1729 2408 1770; baseline -0.001 -9"><span class='ocrx_word' id='word_1_1164' title='bbox 1349 1742 1389 1762; x_wconf 91' lang='lat' dir='ltr'>no</span> <span class='ocrx_word' id='word_1_1165' title='bbox 1405 1734 1495 1763; x_wconf 92' lang='lat' dir='ltr'>modo</span> <span class='ocrx_word' id='word_1_1166' title='bbox 1508 1731 1665 1770; x_wconf 84' lang='lat' dir='ltr'>possemus,</span> <span class='ocrx_word' id='word_1_1167' title='bbox 1685 1730 1764 1770; x_wconf 80' lang='lat' dir='ltr'>quod</span> <span class='ocrx_word' id='word_1_1168' title='bbox 1778 1730 1843 1761; x_wconf 86' lang='lat' dir='ltr'>Rex</span> <span class='ocrx_word' id='word_1_1169' title='bbox 1858 1729 2007 1769; x_wconf 72' lang='lat' dir='ltr'>praedicstus</span> <span class='ocrx_word' id='word_1_1170' title='bbox 2028 1729 2054 1759; x_wconf 92' lang='lat' dir='ltr'>se</span> <span class='ocrx_word' id='word_1_1171' title='bbox 2075 1730 2174 1767; x_wconf 86' lang='lat' dir='ltr'>nobis,</span> <span class='ocrx_word' id='word_1_1172' title='bbox 2192 1730 2272 1767; x_wconf 84' lang='lat' dir='ltr'>super</span> <span class='ocrx_word' id='word_1_1173' title='bbox 2293 1729 2340 1760; x_wconf 71' lang='lat' dir='ltr'>sua</span> <span class='ocrx_word' id='word_1_1174' title='bbox 2362 1731 2408 1760; x_wconf 90' lang='lat' dir='ltr'>in-</span> 
     </span>
     <span class='ocr_line' id='line_1_147' title="bbox 1349 1767 2408 1809; baseline -0.001 -10"><span class='ocrx_word' id='word_1_1175' title='bbox 1349 1771 1490 1809; x_wconf 85' lang='lat' dir='ltr'>tentione,</span> <span class='ocrx_word' id='word_1_1176' title='bbox 1515 1770 1638 1801; x_wconf 91' lang='lat' dir='ltr'>similiter</span> <span class='ocrx_word' id='word_1_1177' title='bbox 1658 1770 1791 1808; x_wconf 71' lang='lat' dir='ltr'>aperiret,</span> <span class='ocrx_word' id='word_1_1178' title='bbox 1818 1777 1864 1807; x_wconf 91' lang='lat' dir='ltr'>ut,</span> <span class='ocrx_word' id='word_1_1179' title='bbox 1891 1767 1911 1798; x_wconf 86' lang='lat' dir='ltr'>fi</span> <span class='ocrx_word' id='word_1_1180' title='bbox 1930 1767 2088 1799; x_wconf 85' lang='lat' dir='ltr'>videremus</span> <span class='ocrx_word' id='word_1_1181' title='bbox 2108 1769 2251 1798; x_wconf 84' lang='lat' dir='ltr'>materiam</span> <span class='ocrx_word' id='word_1_1182' title='bbox 2273 1768 2308 1798; x_wconf 88' lang='lat' dir='ltr'>ad</span> <span class='ocrx_word' id='word_1_1183' title='bbox 2329 1768 2408 1799; x_wconf 89' lang='lat' dir='ltr'>viam</span> 
     </span>
     <span class='ocr_line' id='line_1_148' title="bbox 1350 1806 2409 1847; baseline -0.002 -8"><span class='ocrx_word' id='word_1_1184' title='bbox 1350 1808 1430 1839; x_wconf 88' lang='lat' dir='ltr'>Pacis</span> <span class='ocrx_word' id='word_1_1185' title='bbox 1443 1808 1586 1847; x_wconf 65' lang='lat' dir='ltr'>praedietae</span> <span class='ocrx_word' id='word_1_1186' title='bbox 1601 1807 1843 1845; x_wconf 74' lang='lat' dir='ltr'>dispositam,tam</span> <span class='ocrx_word' id='word_1_1187' title='bbox 1856 1806 1889 1837; x_wconf 91' lang='lat' dir='ltr'>ad</span> <span class='ocrx_word' id='word_1_1188' title='bbox 1905 1806 1931 1837; x_wconf 90' lang='lat' dir='ltr'><strong>A</strong></span> <span class='ocrx_word' id='word_1_1189' title='bbox 1953 1806 2218 1845; x_wconf 84' lang='lat' dir='ltr'>propinquationem</span> <span class='ocrx_word' id='word_1_1190' title='bbox 2232 1806 2409 1845; x_wconf 59' lang='lat' dir='ltr'>praedio-am,</span> 
     </span>
     <span class='ocr_line' id='line_1_149' title="bbox 1349 1844 2409 1885; baseline -0.002 -8"><span class='ocrx_word' id='word_1_1191' title='bbox 1349 1848 1436 1884; x_wconf 74' lang='lat' dir='ltr'>quam</span> <span class='ocrx_word' id='word_1_1192' title='bbox 1450 1847 1484 1878; x_wconf 87' lang='lat' dir='ltr'>ad</span> <span class='ocrx_word' id='word_1_1193' title='bbox 1496 1846 1563 1885; x_wconf 90' lang='lat' dir='ltr'>alia,</span> <span class='ocrx_word' id='word_1_1194' title='bbox 1579 1855 1642 1885; x_wconf 83' lang='lat' dir='ltr'>quae</span> <span class='ocrx_word' id='word_1_1195' title='bbox 1657 1855 1704 1884; x_wconf 89' lang='lat' dir='ltr'>per</span> <span class='ocrx_word' id='word_1_1196' title='bbox 1718 1845 1787 1875; x_wconf 87' lang='lat' dir='ltr'>Nos</span> <span class='ocrx_word' id='word_1_1197' title='bbox 1799 1844 1856 1875; x_wconf 82' lang='lat' dir='ltr'>fieri</span> <span class='ocrx_word' id='word_1_1198' title='bbox 1871 1854 1909 1882; x_wconf 93' lang='lat' dir='ltr'>po</span> <span class='ocrx_word' id='word_1_1199' title='bbox 1935 1853 1983 1874; x_wconf 89' lang='lat' dir='ltr'>ent</span> <span class='ocrx_word' id='word_1_1200' title='bbox 1997 1844 2026 1873; x_wconf 91' lang='lat' dir='ltr'>in</span> <span class='ocrx_word' id='word_1_1201' title='bbox 2041 1845 2093 1874; x_wconf 90' lang='lat' dir='ltr'>hac</span> <span class='ocrx_word' id='word_1_1202' title='bbox 2109 1844 2409 1883; x_wconf 89' lang='lat' dir='ltr'>parte,commodius,</span> 
     </span>
     <span class='ocr_line' id='line_1_150' title="bbox 1350 1882 2076 1924; baseline -0.004 -9"><span class='ocrx_word' id='word_1_1203' title='bbox 1350 1885 1484 1924; x_wconf 88' lang='lat' dir='ltr'>libenter,</span> <span class='ocrx_word' id='word_1_1204' title='bbox 1503 1886 1536 1917; x_wconf 88' lang='lat'>&amp;</span> <span class='ocrx_word' id='word_1_1205' title='bbox 1550 1884 1657 1922; x_wconf 79' lang='lat' dir='ltr'>placide</span> <span class='ocrx_word' id='word_1_1206' title='bbox 1672 1883 1741 1915; x_wconf 91' lang='lat' dir='ltr'>Nos</span> <span class='ocrx_word' id='word_1_1207' title='bbox 1753 1882 1899 1921; x_wconf 88' lang='lat' dir='ltr'>disponere</span> <span class='ocrx_word' id='word_1_1208' title='bbox 1912 1883 2076 1914; x_wconf 87' lang='lat' dir='ltr'>valeremus.</span> 
     </span>
    </p>

    <p class='ocr_par' dir='ltr' id='par_1_36' title="bbox 1350 1920 2413 2262">
     <span class='ocr_line' id='line_1_151' title="bbox 1388 1920 2409 1960; baseline -0.002 -6"><span class='ocrx_word' id='word_1_1209' title='bbox 1388 1923 1458 1954; x_wconf 88' lang='lat' dir='ltr'>Post</span> <span class='ocrx_word' id='word_1_1210' title='bbox 1474 1923 1614 1954; x_wconf 86' lang='lat' dir='ltr'>receffum</span> <span class='ocrx_word' id='word_1_1211' title='bbox 1628 1931 1723 1953; x_wconf 88' lang='lat' dir='ltr'>autem</span> <span class='ocrx_word' id='word_1_1212' title='bbox 1737 1921 1923 1952; x_wconf 89' lang='lat' dir='ltr'>Nunciorum</span> <span class='ocrx_word' id='word_1_1213' title='bbox 1935 1929 2051 1951; x_wconf 89' lang='lat' dir='ltr'>tuorum</span> <span class='ocrx_word' id='word_1_1214' title='bbox 2065 1920 2267 1960; x_wconf 70' lang='lat' dir='ltr'>praeditstorum</span> <span class='ocrx_word' id='word_1_1215' title='bbox 2290 1921 2327 1951; x_wconf 93' lang='lat' dir='ltr'>de</span> <span class='ocrx_word' id='word_1_1216' title='bbox 2346 1920 2409 1952; x_wconf 88' lang='lat' dir='ltr'>Cu-</span> 
     </span>
     <span class='ocr_line' id='line_1_152' title="bbox 1350 1958 2411 2001; baseline -0.003 -8"><span class='ocrx_word' id='word_1_1217' title='bbox 1350 1961 1407 2001; x_wconf 71' lang='lat' dir='ltr'>ria,</span> <span class='ocrx_word' id='word_1_1218' title='bbox 1424 1962 1568 1993; x_wconf 65' lang='lat' dir='ltr'>intellecClw</span> <span class='ocrx_word' id='word_1_1219' title='bbox 1583 1962 1616 1993; x_wconf 90' lang='lat'>&amp;</span> <span class='ocrx_word' id='word_1_1220' title='bbox 1631 1961 1712 1991; x_wconf 92' lang='lat' dir='ltr'>nobis</span> <span class='ocrx_word' id='word_1_1221' title='bbox 1725 1960 1853 1991; x_wconf 89' lang='lat' dir='ltr'>intimato</span> <span class='ocrx_word' id='word_1_1222' title='bbox 1876 1958 1972 1998; x_wconf 77' lang='lat' dir='ltr'>quod,</span> <span class='ocrx_word' id='word_1_1223' title='bbox 1990 1958 2065 1989; x_wconf 60' lang='lat' dir='ltr'>sadra</span> <span class='ocrx_word' id='word_1_1224' title='bbox 2084 1960 2134 1989; x_wconf 87' lang='lat' dir='ltr'>tibi</span> <span class='ocrx_word' id='word_1_1225' title='bbox 2154 1959 2287 1990; x_wconf 88' lang='lat' dir='ltr'>relatione</span> <span class='ocrx_word' id='word_1_1226' title='bbox 2307 1960 2342 1990; x_wconf 90' lang='lat' dir='ltr'>de</span> <span class='ocrx_word' id='word_1_1227' title='bbox 2358 1961 2411 1991; x_wconf 91' lang='lat' dir='ltr'>hiis</span> 
     </span>
     <span class='ocr_line' id='line_1_153' title="bbox 1350 1998 2409 2039; baseline -0.002 -8"><span class='ocrx_word' id='word_1_1228' title='bbox 1350 2011 1415 2039; x_wconf 87' lang='lat' dir='ltr'>quae</span> <span class='ocrx_word' id='word_1_1229' title='bbox 1429 2000 1656 2039; x_wconf 88' lang='lat' dir='ltr'>responderamus</span> <span class='ocrx_word' id='word_1_1230' title='bbox 1669 1999 1730 2037; x_wconf 86' lang='lat' dir='ltr'>ipfis</span> <span class='ocrx_word' id='word_1_1231' title='bbox 1744 1998 1886 2037; x_wconf 86' lang='lat' dir='ltr'>Nunciis,</span> <span class='ocrx_word' id='word_1_1232' title='bbox 1902 1998 1936 2029; x_wconf 90' lang='lat'>&amp;</span> <span class='ocrx_word' id='word_1_1233' title='bbox 1951 1999 2088 2037; x_wconf 90' lang='lat' dir='ltr'>perceptis</span> <span class='ocrx_word' id='word_1_1234' title='bbox 2103 2007 2151 2034; x_wconf 87' lang='lat' dir='ltr'>per</span> <span class='ocrx_word' id='word_1_1235' title='bbox 2164 2005 2193 2028; x_wconf 92' lang='lat' dir='ltr'>te</span> <span class='ocrx_word' id='word_1_1236' title='bbox 2206 2007 2270 2036; x_wconf 81' lang='lat' dir='ltr'>quae</span> <span class='ocrx_word' id='word_1_1237' title='bbox 2285 1998 2409 2036; x_wconf 79' lang='lat' dir='ltr'>nostrae,</span> 
     </span>
     <span class='ocr_line' id='line_1_154' title="bbox 1350 2036 2410 2074; baseline -0.002 -4"><span class='ocrx_word' id='word_1_1238' title='bbox 1350 2039 1418 2070; x_wconf 69' lang='lat' dir='ltr'>inde</span> <span class='ocrx_word' id='word_1_1239' title='bbox 1433 2039 1483 2069; x_wconf 92' lang='lat' dir='ltr'>tibi</span> <span class='ocrx_word' id='word_1_1240' title='bbox 1497 2039 1531 2070; x_wconf 88' lang='lat'>&amp;</span> <span class='ocrx_word' id='word_1_1241' title='bbox 1543 2038 1624 2069; x_wconf 66' lang='lat' dir='ltr'>dieto</span> <span class='ocrx_word' id='word_1_1242' title='bbox 1636 2037 1748 2068; x_wconf 89' lang='lat' dir='ltr'>Comiti</span> <span class='ocrx_word' id='word_1_1243' title='bbox 1760 2036 1875 2067; x_wconf 64' lang='lat' dir='ltr'>directae</span> <span class='ocrx_word' id='word_1_1244' title='bbox 1910 2036 2026 2068; x_wconf 87' lang='lat' dir='ltr'>Litterae</span> <span class='ocrx_word' id='word_1_1245' title='bbox 2042 2036 2240 2074; x_wconf 87' lang='lat' dir='ltr'>continebant,</span> <span class='ocrx_word' id='word_1_1246' title='bbox 2256 2036 2354 2066; x_wconf 87' lang='lat' dir='ltr'>salubri</span> <span class='ocrx_word' id='word_1_1247' title='bbox 2375 2038 2410 2068; x_wconf 88' lang='lat'>&amp;</span> 
     </span>
     <span class='ocr_line' id='line_1_155' title="bbox 1350 2061 2410 2113; baseline -0.003 -5"><span class='ocrx_word' id='word_1_1248' title='bbox 1350 2077 1416 2108; x_wconf 80' lang='lat' dir='ltr'>fimo</span> <span class='ocrx_word' id='word_1_1249' title='bbox 1438 2077 1541 2108; x_wconf 69' lang='lat' dir='ltr'>ductus</span> <span class='ocrx_word' id='word_1_1250' title='bbox 1563 2075 1708 2113; x_wconf 84' lang='lat' dir='ltr'>Consilio,</span> <span class='ocrx_word' id='word_1_1251' title='bbox 1724 2075 1846 2106; x_wconf 90' lang='lat' dir='ltr'>eundem</span> <span class='ocrx_word' id='word_1_1252' title='bbox 1868 2061 2019 2105; x_wconf 79' lang='lat' dir='ltr'>Comitem</span> <span class='ocrx_word' id='word_1_1253' title='bbox 2039 2076 2072 2106; x_wconf 75' lang='grc' dir='ltr'>δε</span> <span class='ocrx_word' id='word_1_1254' title='bbox 2089 2097 2099 2113; x_wconf 87' lang='grc'>,</span> <span class='ocrx_word' id='word_1_1255' title='bbox 2122 2073 2269 2105; x_wconf 70' lang='grc' dir='ltr'>ΒίΙεᾶυῐη</span> <span class='ocrx_word' id='word_1_1256' title='bbox 2290 2074 2410 2113; x_wconf 89' lang='lat' dir='ltr'>Filium,</span> 
     </span>
     <span class='ocr_line' id='line_1_156' title="bbox 1351 2112 2411 2153; baseline -0.003 -7"><span class='ocrx_word' id='word_1_1257' title='bbox 1351 2115 1494 2146; x_wconf 89' lang='lat' dir='ltr'>Nobilem</span> <span class='ocrx_word' id='word_1_1258' title='bbox 1508 2114 1628 2151; x_wconf 77' lang='lat' dir='ltr'>Virum,</span> <span class='ocrx_word' id='word_1_1259' title='bbox 1647 2114 1887 2145; x_wconf 71' lang='lat' dir='ltr'>Bartholomaeum</span> <span class='ocrx_word' id='word_1_1260' title='bbox 1899 2113 1934 2144; x_wconf 95' lang='lat' dir='ltr'>de</span> <span class='ocrx_word' id='word_1_1261' title='bbox 1946 2112 2071 2151; x_wconf 86' lang='lat' dir='ltr'>Burgassi</span> <span class='ocrx_word' id='word_1_1262' title='bbox 2081 2136 2090 2151; x_wconf 93' lang='lat'>,</span> <span class='ocrx_word' id='word_1_1263' title='bbox 2107 2112 2242 2143; x_wconf 89' lang='lat' dir='ltr'>Nuncios</span> <span class='ocrx_word' id='word_1_1264' title='bbox 2257 2120 2319 2143; x_wconf 92' lang='lat' dir='ltr'>tuos</span> <span class='ocrx_word' id='word_1_1265' title='bbox 2338 2113 2411 2153; x_wconf 91' lang='lat' dir='ltr'>ydo-</span> 
     </span>
     <span class='ocr_line' id='line_1_157' title="bbox 1350 2151 2412 2191; baseline -0.004 -6"><span class='ocrx_word' id='word_1_1266' title='bbox 1350 2164 1408 2185; x_wconf 91' lang='lat' dir='ltr'>neo</span> <span class='ocrx_word' id='word_1_1267' title='bbox 1422 2153 1563 2185; x_wconf 88' lang='lat' dir='ltr'>Mandato</span> <span class='ocrx_word' id='word_1_1268' title='bbox 1575 2152 1720 2191; x_wconf 83' lang='lat' dir='ltr'>suffultos,</span> <span class='ocrx_word' id='word_1_1269' title='bbox 1737 2163 1771 2183; x_wconf 90' lang='lat' dir='ltr'>ac</span> <span class='ocrx_word' id='word_1_1270' title='bbox 1787 2152 1823 2182; x_wconf 90' lang='lat' dir='ltr'>de</span> <span class='ocrx_word' id='word_1_1271' title='bbox 1837 2153 1992 2183; x_wconf 89' lang='lat' dir='ltr'>intentione</span> <span class='ocrx_word' id='word_1_1272' title='bbox 2005 2151 2052 2182; x_wconf 63' lang='lat' dir='ltr'>tufi</span> <span class='ocrx_word' id='word_1_1273' title='bbox 2064 2151 2223 2189; x_wconf 84' lang='lat' dir='ltr'>hujusmodi</span> <span class='ocrx_word' id='word_1_1274' title='bbox 2238 2151 2345 2189; x_wconf 80' lang='lat' dir='ltr'>plenius</span> <span class='ocrx_word' id='word_1_1275' title='bbox 2369 2153 2412 2181; x_wconf 88' lang='lat' dir='ltr'>iri-</span> 
     </span>
     <span class='ocr_line' id='line_1_158' title="bbox 1352 2189 2413 2232; baseline -0.004 -8"><span class='ocrx_word' id='word_1_1276' title='bbox 1352 2193 1506 2232; x_wconf 86' lang='lat' dir='ltr'>formatos,</span> <span class='ocrx_word' id='word_1_1277' title='bbox 1523 2193 1557 2223; x_wconf 88' lang='lat' dir='ltr'>ad</span> <span class='ocrx_word' id='word_1_1278' title='bbox 1579 2191 1704 2223; x_wconf 87' lang='lat' dir='ltr'>nostram</span> <span class='ocrx_word' id='word_1_1279' title='bbox 1724 2201 1777 2229; x_wconf 90' lang='lat' dir='ltr'>pro</span> <span class='ocrx_word' id='word_1_1280' title='bbox 1792 2189 1938 2231; x_wconf 83' lang='lat' dir='ltr'>praemiffis</span> <span class='ocrx_word' id='word_1_1281' title='bbox 1952 2190 2126 2221; x_wconf 88' lang='lat' dir='ltr'>ordinaveras</span> <span class='ocrx_word' id='word_1_1282' title='bbox 2141 2190 2312 2228; x_wconf 82' lang='lat' dir='ltr'>praesentiam</span> <span class='ocrx_word' id='word_1_1283' title='bbox 2328 2189 2413 2220; x_wconf 90' lang='lat' dir='ltr'>desti-</span> 
     </span>
     <span class='ocr_line' id='line_1_159' title="bbox 1352 2241 1419 2262; baseline -0.015 0"><span class='ocrx_word' id='word_1_1284' title='bbox 1352 2241 1419 2262; x_wconf 86' lang='lat' dir='ltr'>nare</span> 
     </span>
    </p>

    <p class='ocr_par' dir='ltr' id='par_1_37' title="bbox 1352 2254 2414 2500">
     <span class='ocr_line' id='line_1_160' title="bbox 1391 2254 2413 2308; baseline -0.004 -7"><span class='ocrx_word' id='word_1_1285' title='bbox 1391 2254 1476 2308; x_wconf 60' lang='lat' dir='ltr'>Nbs,</span> <span class='ocrx_word' id='word_1_1286' title='bbox 1498 2269 1624 2301; x_wconf 86' lang='lat' dir='ltr'>volentes</span> <span class='ocrx_word' id='word_1_1287' title='bbox 1642 2269 1787 2300; x_wconf 89' lang='lat' dir='ltr'>veritatem</span> <span class='ocrx_word' id='word_1_1288' title='bbox 1808 2267 1842 2298; x_wconf 92' lang='lat'>&amp;</span> <span class='ocrx_word' id='word_1_1289' title='bbox 1862 2268 2024 2305; x_wconf 86' lang='lat' dir='ltr'>aequitatem</span> <span class='ocrx_word' id='word_1_1290' title='bbox 2043 2268 2072 2298; x_wconf 93' lang='lat' dir='ltr'>in</span> <span class='ocrx_word' id='word_1_1291' title='bbox 2092 2267 2226 2298; x_wconf 88' lang='lat' dir='ltr'>omnibus</span> <span class='ocrx_word' id='word_1_1292' title='bbox 2249 2266 2413 2304; x_wconf 65' lang='lat' dir='ltr'>observare,</span> 
     </span>
     <span class='ocr_line' id='line_1_161' title="bbox 1353 2305 2413 2348; baseline -0.004 -9"><span class='ocrx_word' id='word_1_1293' title='bbox 1353 2309 1469 2347; x_wconf 76' lang='lat' dir='ltr'>praefato</span> <span class='ocrx_word' id='word_1_1294' title='bbox 1482 2307 1575 2348; x_wconf 85' lang='lat' dir='ltr'>Regi,</span> <span class='ocrx_word' id='word_1_1295' title='bbox 1592 2307 1638 2337; x_wconf 89' lang='lat' dir='ltr'>cui</span> <span class='ocrx_word' id='word_1_1296' title='bbox 1651 2307 1730 2337; x_wconf 74' lang='lat' dir='ltr'>antea</span> <span class='ocrx_word' id='word_1_1297' title='bbox 1745 2306 1832 2336; x_wconf 86' lang='lat' dir='ltr'>nichil</span> <span class='ocrx_word' id='word_1_1298' title='bbox 1846 2305 1883 2336; x_wconf 92' lang='lat' dir='ltr'>de</span> <span class='ocrx_word' id='word_1_1299' title='bbox 1917 2305 2042 2336; x_wconf 80' lang='lat' dir='ltr'>raemiffis</span> <span class='ocrx_word' id='word_1_1300' title='bbox 2053 2316 2101 2343; x_wconf 85' lang='lat' dir='ltr'>per</span> <span class='ocrx_word' id='word_1_1301' title='bbox 2114 2316 2166 2336; x_wconf 88' lang='lat' dir='ltr'>nos</span> <span class='ocrx_word' id='word_1_1302' title='bbox 2188 2305 2330 2336; x_wconf 52' lang='lat' dir='ltr'>derefffflm</span> <span class='ocrx_word' id='word_1_1303' title='bbox 2352 2305 2413 2335; x_wconf 86' lang='lat' dir='ltr'>fue-</span> 
     </span>
     <span class='ocr_line' id='line_1_162' title="bbox 1353 2344 2414 2386; baseline -0.005 -8"><span class='ocrx_word' id='word_1_1304' title='bbox 1353 2355 1411 2384; x_wconf 78' lang='lat' dir='ltr'>mt,</span> <span class='ocrx_word' id='word_1_1305' title='bbox 1425 2347 1578 2384; x_wconf 86' lang='lat' dir='ltr'>scripsimus</span> <span class='ocrx_word' id='word_1_1306' title='bbox 1590 2346 1669 2386; x_wconf 88' lang='lat' dir='ltr'>super</span> <span class='ocrx_word' id='word_1_1307' title='bbox 1682 2345 1751 2382; x_wconf 86' lang='lat' dir='ltr'>hiis,</span> <span class='ocrx_word' id='word_1_1308' title='bbox 1768 2345 1839 2375; x_wconf 91' lang='lat' dir='ltr'>sicut</span> <span class='ocrx_word' id='word_1_1309' title='bbox 1854 2346 1883 2375; x_wconf 92' lang='lat' dir='ltr'>vi</span> <span class='ocrx_word' id='word_1_1310' title='bbox 1903 2345 1974 2375; x_wconf 91' lang='lat' dir='ltr'>imus</span> <span class='ocrx_word' id='word_1_1311' title='bbox 1990 2344 2134 2382; x_wconf 80' lang='lat' dir='ltr'>expedire,</span> <span class='ocrx_word' id='word_1_1312' title='bbox 2152 2345 2184 2374; x_wconf 90' lang='lat'><strong>&amp;</strong></span> <span class='ocrx_word' id='word_1_1313' title='bbox 2199 2344 2414 2381; x_wconf 64' lang='lat' dir='ltr'>nichilominus,</span> 
     </span>
     <span class='ocr_line' id='line_1_163' title="bbox 1352 2381 2401 2423; baseline -0.004 -7"><span class='ocrx_word' id='word_1_1314' title='bbox 1352 2393 1384 2416; x_wconf 85' lang='lat' dir='ltr'>ut</span> <span class='ocrx_word' id='word_1_1315' title='bbox 1396 2386 1524 2415; x_wconf 86' lang='lat' dir='ltr'>secretius</span> <span class='ocrx_word' id='word_1_1316' title='bbox 1539 2385 1589 2415; x_wconf 83' lang='lat' dir='ltr'>sibi</span> <span class='ocrx_word' id='word_1_1317' title='bbox 1600 2384 1770 2423; x_wconf 88' lang='lat' dir='ltr'>aperirentur</span> <span class='ocrx_word' id='word_1_1318' title='bbox 1777 2382 1909 2421; x_wconf 49' lang='lat' dir='ltr'>praedii&amp;</span> <span class='ocrx_word' id='word_1_1319' title='bbox 1916 2405 1925 2420; x_wconf 96' lang='lat'>,</span> <span class='ocrx_word' id='word_1_1320' title='bbox 1934 2381 2130 2412; x_wconf 88' lang='lat' dir='ltr'>Venerabilem</span> <span class='ocrx_word' id='word_1_1321' title='bbox 2138 2382 2262 2413; x_wconf 88' lang='lat' dir='ltr'>Fratrem</span> <span class='ocrx_word' id='word_1_1322' title='bbox 2271 2382 2401 2412; x_wconf 61' lang='lat' dir='ltr'>nostrum</span> 
     </span>
     <span class='ocr_line' id='line_1_164' title="bbox 1355 2420 2393 2461; baseline -0.004 -7"><span class='ocrx_word' id='word_1_1323' title='bbox 1355 2422 1522 2454; x_wconf 88' lang='lat' dir='ltr'>Guidonem</span> <span class='ocrx_word' id='word_1_1324' title='bbox 1535 2423 1709 2461; x_wconf 88' lang='lat' dir='ltr'>Episcopum</span> <span class='ocrx_word' id='word_1_1325' title='bbox 1723 2420 1833 2451; x_wconf 89' lang='lat' dir='ltr'>Edven.</span> <span class='ocrx_word' id='word_1_1326' title='bbox 1851 2422 1998 2461; x_wconf 53' lang='lat' dir='ltr'>mopterea</span> <span class='ocrx_word' id='word_1_1327' title='bbox 2011 2420 2187 2458; x_wconf 88' lang='lat' dir='ltr'>providimus</span> <span class='ocrx_word' id='word_1_1328' title='bbox 2207 2420 2357 2458; x_wconf 83' lang='lat' dir='ltr'>specialiter</span> <span class='ocrx_word' id='word_1_1329' title='bbox 2378 2430 2393 2450; x_wconf 85' lang='lat' dir='ltr'>a</span> 
     </span>
     <span class='ocr_line' id='line_1_165' title="bbox 1355 2459 1828 2500; baseline -0.008 -8"><span class='ocrx_word' id='word_1_1330' title='bbox 1355 2463 1412 2500; x_wconf 86' lang='lat' dir='ltr'>ejus</span> <span class='ocrx_word' id='word_1_1331' title='bbox 1426 2461 1599 2499; x_wconf 81' lang='lat' dir='ltr'>praesentiam</span> <span class='ocrx_word' id='word_1_1332' title='bbox 1615 2459 1828 2498; x_wconf 74' lang='lat' dir='ltr'>destinandum,</span> 
     </span>
    </p>

    <p class='ocr_par' dir='ltr' id='par_1_38' title="bbox 1357 2497 2416 2723">
     <span class='ocr_line' id='line_1_166' title="bbox 1394 2497 2415 2564; baseline -0.004 -33"><span class='ocrx_word' id='word_1_1333' title='bbox 1394 2500 1422 2530; x_wconf 93' lang='lat' dir='ltr'><strong>A</strong></span> <span class='ocrx_word' id='word_1_1334' title='bbox 1437 2510 1496 2538; x_wconf 90' lang='lat' dir='ltr'>quo</span> <span class='ocrx_word' id='word_1_1335' title='bbox 1533 2499 1628 2530; x_wconf 89' lang='lat' dir='ltr'>uidem</span> <span class='ocrx_word' id='word_1_1336' title='bbox 1642 2498 1722 2536; x_wconf 89' lang='lat' dir='ltr'>Rege</span> <span class='ocrx_word' id='word_1_1337' title='bbox 1734 2497 1914 2535; x_wconf 90' lang='lat' dir='ltr'>Responsum</span> <span class='ocrx_word' id='word_1_1338' title='bbox 1930 2498 2086 2534; x_wconf 87' lang='lat' dir='ltr'>recepimus</span> <span class='ocrx_word' id='word_1_1339' title='bbox 2099 2497 2180 2527; x_wconf 90' lang='lat' dir='ltr'>nobis</span> <span class='ocrx_word' id='word_1_1340' title='bbox 2175 2505 2303 2564; x_wconf 44' lang='lat' dir='ltr'>I{ratum</span> <span class='ocrx_word' id='word_1_1341' title='bbox 2322 2497 2415 2534; x_wconf 84' lang='lat' dir='ltr'>(vide-</span> 
     </span>
     <span class='ocr_line' id='line_1_167' title="bbox 1357 2509 2414 2576; baseline -0.003 -7"><span class='ocrx_word' id='word_1_1342' title='bbox 1357 2538 1435 2575; x_wconf 88' lang='lat' dir='ltr'>licet)</span> <span class='ocrx_word' id='word_1_1343' title='bbox 1453 2509 1533 2576; x_wconf 65' lang='lat' dir='ltr'>quod</span> <span class='ocrx_word' id='word_1_1344' title='bbox 1547 2547 1633 2575; x_wconf 89' lang='lat' dir='ltr'>mox,</span> <span class='ocrx_word' id='word_1_1345' title='bbox 1650 2536 1722 2566; x_wconf 79' lang='lat' dir='ltr'>dum</span> <span class='ocrx_word' id='word_1_1346' title='bbox 1735 2535 1789 2573; x_wconf 88' lang='lat' dir='ltr'>ipse</span> <span class='ocrx_word' id='word_1_1347' title='bbox 1801 2536 1907 2566; x_wconf 89' lang='lat' dir='ltr'>audiret</span> <span class='ocrx_word' id='word_1_1348' title='bbox 1920 2543 1983 2566; x_wconf 89' lang='lat' dir='ltr'>tuos</span> <span class='ocrx_word' id='word_1_1349' title='bbox 2000 2535 2152 2572; x_wconf 61' lang='lat' dir='ltr'>praedidlms</span> <span class='ocrx_word' id='word_1_1350' title='bbox 2212 2537 2328 2575; x_wconf 76' lang='lat' dir='ltr'>uncios,</span> <span class='ocrx_word' id='word_1_1351' title='bbox 2347 2535 2414 2566; x_wconf 75' lang='lat' dir='ltr'>Ma-</span> 
     </span>
     <span class='ocr_line' id='line_1_168' title="bbox 1358 2573 2414 2611; baseline -0.004 -4"><span class='ocrx_word' id='word_1_1352' title='bbox 1358 2587 1388 2607; x_wconf 91' lang='lat' dir='ltr'>re</span> <span class='ocrx_word' id='word_1_1353' title='bbox 1411 2575 1552 2606; x_wconf 86' lang='lat' dir='ltr'>veniendo</span> <span class='ocrx_word' id='word_1_1354' title='bbox 1573 2576 1607 2606; x_wconf 89' lang='lat' dir='ltr'>ad</span> <span class='ocrx_word' id='word_1_1355' title='bbox 1622 2574 1740 2606; x_wconf 90' lang='lat' dir='ltr'>eandem</span> <span class='ocrx_word' id='word_1_1356' title='bbox 1755 2574 1880 2604; x_wconf 90' lang='lat' dir='ltr'>nostram</span> <span class='ocrx_word' id='word_1_1357' title='bbox 1897 2573 2067 2611; x_wconf 79' lang='lat' dir='ltr'>praesentiam</span> <span class='ocrx_word' id='word_1_1358' title='bbox 2083 2573 2270 2611; x_wconf 68' lang='lat' dir='ltr'>ti&#39;ansniii&#39;iile,</span> <span class='ocrx_word' id='word_1_1359' title='bbox 2288 2574 2350 2603; x_wconf 81' lang='lat' dir='ltr'>suos</span> <span class='ocrx_word' id='word_1_1360' title='bbox 2371 2575 2414 2604; x_wconf 88' lang='lat' dir='ltr'>so-</span> 
     </span>
     <span class='ocr_line' id='line_1_169' title="bbox 1358 2612 2415 2650; baseline -0.003 -5"><span class='ocrx_word' id='word_1_1361' title='bbox 1358 2615 1452 2646; x_wconf 87' lang='lat' dir='ltr'>lennes</span> <span class='ocrx_word' id='word_1_1362' title='bbox 1465 2614 1617 2650; x_wconf 85' lang='lat' dir='ltr'>Nuncios,</span> <span class='ocrx_word' id='word_1_1363' title='bbox 1635 2612 1780 2643; x_wconf 86' lang='lat' dir='ltr'>sufficienti</span> <span class='ocrx_word' id='word_1_1364' title='bbox 1795 2612 1934 2642; x_wconf 86' lang='lat' dir='ltr'>Potestate</span> <span class='ocrx_word' id='word_1_1365' title='bbox 1948 2612 2090 2648; x_wconf 88' lang='lat' dir='ltr'>munitos,</span> <span class='ocrx_word' id='word_1_1366' title='bbox 2109 2612 2142 2642; x_wconf 85' lang='lat'>&amp;</span> <span class='ocrx_word' id='word_1_1367' title='bbox 2160 2612 2195 2641; x_wconf 88' lang='lat' dir='ltr'>de</span> <span class='ocrx_word' id='word_1_1368' title='bbox 2216 2612 2261 2641; x_wconf 73' lang='lat' dir='ltr'>sua</span> <span class='ocrx_word' id='word_1_1369' title='bbox 2282 2613 2415 2642; x_wconf 87' lang='lat' dir='ltr'>intentio-</span> 
     </span>
     <span class='ocr_line' id='line_1_170' title="bbox 1358 2649 2416 2689; baseline -0.003 -6"><span class='ocrx_word' id='word_1_1370' title='bbox 1358 2663 1396 2684; x_wconf 90' lang='lat' dir='ltr'>ne</span> <span class='ocrx_word' id='word_1_1371' title='bbox 1429 2653 1492 2683; x_wconf 75' lang='lat' dir='ltr'>lene</span> <span class='ocrx_word' id='word_1_1372' title='bbox 1505 2652 1672 2689; x_wconf 63' lang='lat' dir='ltr'>instructos,</span> <span class='ocrx_word' id='word_1_1373' title='bbox 1691 2651 1724 2681; x_wconf 89' lang='lat' dir='ltr'>ad</span> <span class='ocrx_word' id='word_1_1374' title='bbox 1742 2649 1860 2680; x_wconf 87' lang='lat' dir='ltr'>eandem</span> <span class='ocrx_word' id='word_1_1375' title='bbox 1879 2649 2006 2681; x_wconf 89' lang='lat' dir='ltr'>nostram</span> <span class='ocrx_word' id='word_1_1376' title='bbox 2028 2649 2198 2688; x_wconf 85' lang='lat' dir='ltr'>praesentiam</span> <span class='ocrx_word' id='word_1_1377' title='bbox 2221 2650 2333 2680; x_wconf 89' lang='lat' dir='ltr'>mittere</span> <span class='ocrx_word' id='word_1_1378' title='bbox 2355 2660 2416 2680; x_wconf 91' lang='lat' dir='ltr'>non</span> 
     </span>
     <span class='ocr_line' id='line_1_171' title="bbox 1357 2701 1482 2723; baseline -0.016 0"><span class='ocrx_word' id='word_1_1379' title='bbox 1357 2701 1397 2723; x_wconf 89' lang='lat' dir='ltr'>tar</span> <span class='ocrx_word' id='word_1_1380' title='bbox 1418 2701 1482 2722; x_wconf 87' lang='lat' dir='ltr'>aret.</span> 
     </span>
    </p>

    <p class='ocr_par' dir='ltr' id='par_1_39' title="bbox 1359 2725 2421 3104">
     <span class='ocr_line' id='line_1_172' title="bbox 1398 2725 2417 2767; baseline -0.003 -7"><span class='ocrx_word' id='word_1_1381' title='bbox 1398 2728 1553 2767; x_wconf 80' lang='lat' dir='ltr'>Cumque,</span> <span class='ocrx_word' id='word_1_1382' title='bbox 1577 2727 1714 2758; x_wconf 80' lang='lat' dir='ltr'>concessis</span> <span class='ocrx_word' id='word_1_1383' title='bbox 1734 2737 1783 2766; x_wconf 87' lang='lat' dir='ltr'>per</span> <span class='ocrx_word' id='word_1_1384' title='bbox 1801 2726 1869 2757; x_wconf 91' lang='lat' dir='ltr'>Nos</span> <span class='ocrx_word' id='word_1_1385' title='bbox 1890 2727 1923 2758; x_wconf 72' lang='grc' dir='ltr'>δε</span> <span class='ocrx_word' id='word_1_1386' title='bbox 1943 2725 1990 2756; x_wconf 87' lang='lat' dir='ltr'>Re</span> <span class='ocrx_word' id='word_1_1387' title='bbox 2010 2735 2056 2756; x_wconf 91' lang='lat' dir='ltr'>em</span> <span class='ocrx_word' id='word_1_1388' title='bbox 2077 2725 2225 2763; x_wconf 81' lang='lat' dir='ltr'>praefatum</span> <span class='ocrx_word' id='word_1_1389' title='bbox 2248 2726 2358 2756; x_wconf 84' lang='lat' dir='ltr'>Litteris</span> <span class='ocrx_word' id='word_1_1390' title='bbox 2380 2726 2417 2757; x_wconf 92' lang='lat' dir='ltr'>de</span> 
     </span>
     <span class='ocr_line' id='line_1_173' title="bbox 1359 2764 2418 2804; baseline -0.004 -5"><span class='ocrx_word' id='word_1_1391' title='bbox 1359 2767 1517 2799; x_wconf 69' lang='lat' dir='ltr'>Condustu</span> <span class='ocrx_word' id='word_1_1392' title='bbox 1538 2768 1635 2797; x_wconf 90' lang='lat' dir='ltr'>securo</span> <span class='ocrx_word' id='word_1_1393' title='bbox 1657 2776 1711 2804; x_wconf 91' lang='lat' dir='ltr'>pro</span> <span class='ocrx_word' id='word_1_1394' title='bbox 1733 2767 1785 2796; x_wconf 86' lang='lat' dir='ltr'>tuis</span> <span class='ocrx_word' id='word_1_1395' title='bbox 1804 2764 1942 2802; x_wconf 62' lang='lat' dir='ltr'>praedid‘tis</span> <span class='ocrx_word' id='word_1_1396' title='bbox 1997 2765 2100 2802; x_wconf 91' lang='lat' dir='ltr'>unciis,</span> <span class='ocrx_word' id='word_1_1397' title='bbox 2115 2773 2272 2802; x_wconf 90' lang='lat' dir='ltr'>eorumque</span> <span class='ocrx_word' id='word_1_1398' title='bbox 2294 2765 2418 2795; x_wconf 85' lang='lat' dir='ltr'>Familiis</span> 
     </span>
     <span class='ocr_line' id='line_1_174' title="bbox 1361 2801 2417 2843; baseline -0.003 -7"><span class='ocrx_word' id='word_1_1399' title='bbox 1361 2807 1395 2837; x_wconf 88' lang='lat'>&amp;</span> <span class='ocrx_word' id='word_1_1400' title='bbox 1414 2806 1512 2836; x_wconf 88' lang='lat' dir='ltr'>Rebus</span> <span class='ocrx_word' id='word_1_1401' title='bbox 1527 2806 1605 2843; x_wconf 85' lang='lat' dir='ltr'>juxta</span> <span class='ocrx_word' id='word_1_1402' title='bbox 1624 2804 1748 2834; x_wconf 91' lang='lat' dir='ltr'>formam</span> <span class='ocrx_word' id='word_1_1403' title='bbox 1770 2813 1856 2841; x_wconf 92' lang='lat' dir='ltr'>quam</span> <span class='ocrx_word' id='word_1_1404' title='bbox 1876 2803 1919 2833; x_wconf 88' lang='lat' dir='ltr'>alii</span> <span class='ocrx_word' id='word_1_1405' title='bbox 1941 2803 1982 2833; x_wconf 89' lang='lat' dir='ltr'>tui</span> <span class='ocrx_word' id='word_1_1406' title='bbox 1995 2801 2124 2839; x_wconf 90' lang='lat' dir='ltr'>Nuncii,</span> <span class='ocrx_word' id='word_1_1407' title='bbox 2143 2803 2190 2840; x_wconf 83' lang='lat' dir='ltr'>qui</span> <span class='ocrx_word' id='word_1_1408' title='bbox 2203 2810 2269 2833; x_wconf 89' lang='lat' dir='ltr'>tunc</span> <span class='ocrx_word' id='word_1_1409' title='bbox 2284 2812 2362 2833; x_wconf 76' lang='lat' dir='ltr'>erant</span> <span class='ocrx_word' id='word_1_1410' title='bbox 2386 2805 2417 2833; x_wconf 90' lang='lat' dir='ltr'>in</span> 
     </span>
     <span class='ocr_line' id='line_1_175' title="bbox 1362 2839 2416 2882; baseline -0.003 -8"><span class='ocrx_word' id='word_1_1411' title='bbox 1362 2844 1468 2882; x_wconf 71' lang='lat' dir='ltr'>Curia,</span> <span class='ocrx_word' id='word_1_1412' title='bbox 1485 2844 1678 2879; x_wconf 58' lang='lat' dir='ltr'>dietaverunt,</span> <span class='ocrx_word' id='word_1_1413' title='bbox 1693 2841 1879 2871; x_wconf 91' lang='lat' dir='ltr'>Nunciorum</span> <span class='ocrx_word' id='word_1_1414' title='bbox 1901 2849 2016 2871; x_wconf 88' lang='lat' dir='ltr'>tuorum</span> <span class='ocrx_word' id='word_1_1415' title='bbox 2040 2839 2240 2878; x_wconf 72' lang='lat' dir='ltr'>praedic‘torum</span> <span class='ocrx_word' id='word_1_1416' title='bbox 2259 2851 2326 2871; x_wconf 88' lang='lat' dir='ltr'>cum</span> <span class='ocrx_word' id='word_1_1417' title='bbox 2348 2851 2416 2880; x_wconf 78' lang='lat' dir='ltr'>gau-</span> 
     </span>
     <span class='ocr_line' id='line_1_176' title="bbox 1360 2877 2416 2919; baseline -0.001 -8"><span class='ocrx_word' id='word_1_1418' title='bbox 1360 2883 1410 2913; x_wconf 87' lang='lat' dir='ltr'>dio</span> <span class='ocrx_word' id='word_1_1419' title='bbox 1432 2884 1466 2915; x_wconf 83' lang='lat'>&amp;</span> <span class='ocrx_word' id='word_1_1420' title='bbox 1489 2882 1597 2919; x_wconf 84' lang='lat' dir='ltr'>ingenti</span> <span class='ocrx_word' id='word_1_1421' title='bbox 1617 2880 1753 2910; x_wconf 79' lang='lat' dir='ltr'>desiderio</span> <span class='ocrx_word' id='word_1_1422' title='bbox 1773 2879 1995 2917; x_wconf 66' lang='lat' dir='ltr'>praestolaremur</span> <span class='ocrx_word' id='word_1_1423' title='bbox 2006 2877 2178 2917; x_wconf 85' lang='lat' dir='ltr'>adventurn,</span> <span class='ocrx_word' id='word_1_1424' title='bbox 2197 2879 2416 2916; x_wconf 88' lang='lat' dir='ltr'>supervenerunt</span> 
     </span>
     <span class='ocr_line' id='line_1_177' title="bbox 1361 2916 2416 2957; baseline -0.003 -6"><span class='ocrx_word' id='word_1_1425' title='bbox 1361 2921 1506 2951; x_wconf 88' lang='lat' dir='ltr'>Rumores</span> <span class='ocrx_word' id='word_1_1426' title='bbox 1526 2918 1718 2957; x_wconf 87' lang='lat' dir='ltr'>displicibiles,</span> <span class='ocrx_word' id='word_1_1427' title='bbox 1736 2916 1881 2947; x_wconf 85' lang='lat' dir='ltr'>Citharam</span> <span class='ocrx_word' id='word_1_1428' title='bbox 1906 2917 2078 2947; x_wconf 85' lang='lat' dir='ltr'>exultationis</span> <span class='ocrx_word' id='word_1_1429' title='bbox 2099 2917 2127 2946; x_wconf 93' lang='lat' dir='ltr'>in</span> <span class='ocrx_word' id='word_1_1430' title='bbox 2149 2917 2258 2947; x_wconf 66' lang='lat' dir='ltr'>luctum</span> <span class='ocrx_word' id='word_1_1431' title='bbox 2282 2917 2416 2956; x_wconf 87' lang='lat' dir='ltr'>tristitiae,</span> 
     </span>
     <span class='ocr_line' id='line_1_178' title="bbox 1361 2954 2417 2996; baseline -0.003 -7"><span class='ocrx_word' id='word_1_1432' title='bbox 1361 2969 1414 2996; x_wconf 87' lang='lat' dir='ltr'>pro</span> <span class='ocrx_word' id='word_1_1433' title='bbox 1432 2958 1535 2988; x_wconf 89' lang='lat' dir='ltr'>dolor!</span> <span class='ocrx_word' id='word_1_1434' title='bbox 1562 2964 1777 2993; x_wconf 85' lang='lat' dir='ltr'>convertentes,</span> <span class='ocrx_word' id='word_1_1435' title='bbox 1803 2956 1929 2992; x_wconf 88' lang='lat' dir='ltr'>(scilicet)</span> <span class='ocrx_word' id='word_1_1436' title='bbox 1952 2955 2032 2993; x_wconf 82' lang='lat' dir='ltr'>quod</span> <span class='ocrx_word' id='word_1_1437' title='bbox 2053 2954 2180 2992; x_wconf 71' lang='lat' dir='ltr'>praediffl</span> <span class='ocrx_word' id='word_1_1438' title='bbox 2202 2965 2261 2985; x_wconf 90' lang='lat' dir='ltr'>non</span> <span class='ocrx_word' id='word_1_1439' title='bbox 2287 2957 2417 2986; x_wconf 89' lang='lat' dir='ltr'>venirent</span> 
     </span>
     <span class='ocr_line' id='line_1_179' title="bbox 1361 2993 2420 3034; baseline -0.003 -7"><span class='ocrx_word' id='word_1_1440' title='bbox 1361 2997 1397 3027; x_wconf 93' lang='lat' dir='ltr'>N</span> <span class='ocrx_word' id='word_1_1441' title='bbox 1400 2998 1492 3034; x_wconf 87' lang='lat' dir='ltr'>uncii,</span> <span class='ocrx_word' id='word_1_1442' title='bbox 1510 3006 1564 3026; x_wconf 91' lang='lat' dir='ltr'>nec</span> <span class='ocrx_word' id='word_1_1443' title='bbox 1580 2996 1642 3025; x_wconf 91' lang='lat' dir='ltr'>illos</span> <span class='ocrx_word' id='word_1_1444' title='bbox 1654 2994 1700 3025; x_wconf 91' lang='lat' dir='ltr'>vel</span> <span class='ocrx_word' id='word_1_1445' title='bbox 1714 2995 1780 3024; x_wconf 81' lang='lat' dir='ltr'>alios</span> <span class='ocrx_word' id='word_1_1446' title='bbox 1794 2995 1907 3024; x_wconf 88' lang='lat' dir='ltr'>mittere</span> <span class='ocrx_word' id='word_1_1447' title='bbox 1920 2993 2099 3031; x_wconf 58' lang='lat' dir='ltr'>intendebam</span> <span class='ocrx_word' id='word_1_1448' title='bbox 2119 2994 2151 3024; x_wconf 90' lang='lat'>&amp;</span> <span class='ocrx_word' id='word_1_1449' title='bbox 2164 2993 2362 3023; x_wconf 90' lang='lat' dir='ltr'>nichilominus</span> <span class='ocrx_word' id='word_1_1450' title='bbox 2374 2994 2420 3024; x_wconf 88' lang='lat' dir='ltr'>alii</span> 
     </span>
     <span class='ocr_line' id='line_1_180' title="bbox 1361 3030 2421 3103; baseline -0.002 -38"><span class='ocrx_word' id='word_1_1451' title='bbox 1361 3036 1400 3065; x_wconf 89' lang='lat' dir='ltr'>tui</span> <span class='ocrx_word' id='word_1_1452' title='bbox 1414 3035 1542 3103; x_wconf 53' lang='grc' dir='ltr'>Βέυηεὶί,</span> <span class='ocrx_word' id='word_1_1453' title='bbox 1562 3035 1610 3073; x_wconf 89' lang='lat' dir='ltr'>qui</span> <span class='ocrx_word' id='word_1_1454' title='bbox 1623 3042 1691 3065; x_wconf 92' lang='lat' dir='ltr'>tunc</span> <span class='ocrx_word' id='word_1_1455' title='bbox 1704 3042 1798 3071; x_wconf 88' lang='lat' dir='ltr'>erant,</span> <span class='ocrx_word' id='word_1_1456' title='bbox 1815 3041 1845 3063; x_wconf 89' lang='lat' dir='ltr'>ut</span> <span class='ocrx_word' id='word_1_1457' title='bbox 1858 3033 2052 3070; x_wconf 82' lang='lat' dir='ltr'>praemittitur,</span> <span class='ocrx_word' id='word_1_1458' title='bbox 2070 3032 2099 3061; x_wconf 92' lang='lat' dir='ltr'>in</span> <span class='ocrx_word' id='word_1_1459' title='bbox 2127 3030 2230 3069; x_wconf 75' lang='lat' dir='ltr'>Curia,</span> <span class='ocrx_word' id='word_1_1460' title='bbox 2247 3031 2421 3063; x_wconf 73' lang='lat' dir='ltr'>recess&#39;erunt</span> 
     </span>
     <span class='ocr_line' id='line_1_181' title="bbox 1361 3074 1481 3104; baseline -0.017 0"><span class='ocrx_word' id='word_1_1461' title='bbox 1361 3074 1436 3104; x_wconf 90' lang='lat' dir='ltr'>abin</span> <span class='ocrx_word' id='word_1_1462' title='bbox 1458 3083 1481 3103; x_wconf 91' lang='lat' dir='ltr'>e.</span> 
     </span>
    </p>

    <p class='ocr_par' dir='ltr' id='par_1_40' title="bbox 1361 3108 2420 3224">
     <span class='ocr_line' id='line_1_182' title="bbox 1400 3108 2420 3149; baseline -0.002 -8"><span class='ocrx_word' id='word_1_1463' title='bbox 1400 3111 1540 3141; x_wconf 89' lang='lat' dir='ltr'>Ponderet</span> <span class='ocrx_word' id='word_1_1464' title='bbox 1553 3110 1635 3149; x_wconf 87' lang='lat' dir='ltr'>igitur</span> <span class='ocrx_word' id='word_1_1465' title='bbox 1649 3109 1876 3146; x_wconf 70' lang='lat' dir='ltr'>Circumsped‘tio</span> <span class='ocrx_word' id='word_1_1466' title='bbox 1894 3108 2004 3146; x_wconf 81' lang='lat' dir='ltr'>Regia,</span> <span class='ocrx_word' id='word_1_1467' title='bbox 2019 3109 2124 3147; x_wconf 86' lang='lat' dir='ltr'>cogitet</span> <span class='ocrx_word' id='word_1_1468' title='bbox 2143 3108 2177 3138; x_wconf 68' lang='grc' dir='ltr'>δε</span> <span class='ocrx_word' id='word_1_1469' title='bbox 2200 3109 2337 3148; x_wconf 82' lang='lat' dir='ltr'>recogitet</span> <span class='ocrx_word' id='word_1_1470' title='bbox 2358 3108 2420 3139; x_wconf 90' lang='lat' dir='ltr'>dili-</span> 
     </span>
     <span class='ocr_line' id='line_1_183' title="bbox 1361 3146 2418 3189; baseline -0.004 -9"><span class='ocrx_word' id='word_1_1471' title='bbox 1361 3158 1476 3189; x_wconf 88' lang='lat' dir='ltr'>genter,</span> <span class='ocrx_word' id='word_1_1472' title='bbox 1494 3150 1556 3186; x_wconf 92' lang='lat' dir='ltr'>cui,</span> <span class='ocrx_word' id='word_1_1473' title='bbox 1575 3148 1594 3178; x_wconf 91' lang='lat' dir='ltr'>si</span> <span class='ocrx_word' id='word_1_1474' title='bbox 1607 3148 1640 3178; x_wconf 93' lang='lat' dir='ltr'>ad</span> <span class='ocrx_word' id='word_1_1475' title='bbox 1654 3148 1808 3186; x_wconf 75' lang='lat' dir='ltr'>praemissa,</span> <span class='ocrx_word' id='word_1_1476' title='bbox 1827 3148 1922 3185; x_wconf 88' lang='lat' dir='ltr'>utique</span> <span class='ocrx_word' id='word_1_1477' title='bbox 1944 3146 2062 3184; x_wconf 66' lang='lat' dir='ltr'>Sancta,</span> <span class='ocrx_word' id='word_1_1478' title='bbox 2080 3146 2210 3185; x_wconf 78' lang='lat' dir='ltr'>salubria,</span> <span class='ocrx_word' id='word_1_1479' title='bbox 2228 3147 2418 3185; x_wconf 81' lang='lat' dir='ltr'>honorabilia,</span> 
     </span>
     <span class='ocr_line' id='line_1_184' title="bbox 1363 3184 2372 3224; baseline -0.005 -5"><span class='ocrx_word' id='word_1_1480' title='bbox 1363 3190 1396 3220; x_wconf 90' lang='lat'>&amp;</span> <span class='ocrx_word' id='word_1_1481' title='bbox 1411 3188 1491 3218; x_wconf 87' lang='lat' dir='ltr'>valde</span> <span class='ocrx_word' id='word_1_1482' title='bbox 1505 3188 1594 3224; x_wconf 88' lang='lat' dir='ltr'>utilia,</span> <span class='ocrx_word' id='word_1_1483' title='bbox 1614 3185 1781 3216; x_wconf 84' lang='lat' dir='ltr'>Proceffum</span> <span class='ocrx_word' id='word_1_1484' title='bbox 1796 3196 1855 3216; x_wconf 90' lang='lat' dir='ltr'>non</span> <span class='ocrx_word' id='word_1_1485' title='bbox 1868 3187 1975 3223; x_wconf 90' lang='lat' dir='ltr'>extitit,</span> <span class='ocrx_word' id='word_1_1486' title='bbox 1994 3186 2098 3214; x_wconf 84' lang='lat' dir='ltr'>merito</span> <span class='ocrx_word' id='word_1_1487' title='bbox 2112 3184 2214 3215; x_wconf 90' lang='lat' dir='ltr'>debeat</span> <span class='ocrx_word' id='word_1_1488' title='bbox 2227 3186 2372 3222; x_wconf 87' lang='lat' dir='ltr'>imputari:</span> 
     </span>
    </p>

    <p class='ocr_par' dir='ltr' id='par_1_41' title="bbox 1362 3223 2420 3418">
     <span class='ocr_line' id='line_1_185' title="bbox 1399 3223 2420 3264; baseline -0.002 -8"><span class='ocrx_word' id='word_1_1489' title='bbox 1399 3225 1476 3264; x_wconf 85' lang='lat' dir='ltr'>Etfi,</span> <span class='ocrx_word' id='word_1_1490' title='bbox 1491 3226 1600 3256; x_wconf 88' lang='lat' dir='ltr'>attentis</span> <span class='ocrx_word' id='word_1_1491' title='bbox 1612 3225 1663 3254; x_wconf 89' lang='lat' dir='ltr'>hiis</span> <span class='ocrx_word' id='word_1_1492' title='bbox 1678 3234 1741 3263; x_wconf 86' lang='lat' dir='ltr'>quae</span> <span class='ocrx_word' id='word_1_1493' title='bbox 1752 3224 1873 3262; x_wconf 86' lang='lat' dir='ltr'>superius</span> <span class='ocrx_word' id='word_1_1494' title='bbox 1885 3232 1990 3253; x_wconf 88' lang='lat' dir='ltr'>narrata</span> <span class='ocrx_word' id='word_1_1495' title='bbox 2005 3223 2081 3259; x_wconf 84' lang='lat' dir='ltr'>sunt,</span> <span class='ocrx_word' id='word_1_1496' title='bbox 2100 3223 2217 3253; x_wconf 89' lang='lat' dir='ltr'>veritate</span> <span class='ocrx_word' id='word_1_1497' title='bbox 2230 3225 2326 3261; x_wconf 90' lang='lat' dir='ltr'>utique</span> <span class='ocrx_word' id='word_1_1498' title='bbox 2344 3223 2420 3255; x_wconf 88' lang='lat' dir='ltr'>fultis</span> 
     </span>
     <span class='ocr_line' id='line_1_186' title="bbox 1363 3261 2420 3302; baseline -0.004 -7"><span class='ocrx_word' id='word_1_1499' title='bbox 1363 3265 1396 3296; x_wconf 92' lang='lat'>&amp;</span> <span class='ocrx_word' id='word_1_1500' title='bbox 1414 3264 1636 3302; x_wconf 76' lang='lat' dir='ltr'>subfistentibus,</span> <span class='ocrx_word' id='word_1_1501' title='bbox 1654 3262 1723 3293; x_wconf 91' lang='lat' dir='ltr'>sicut</span> <span class='ocrx_word' id='word_1_1502' title='bbox 1740 3271 1787 3293; x_wconf 89' lang='lat' dir='ltr'>tua</span> <span class='ocrx_word' id='word_1_1503' title='bbox 1810 3261 1959 3292; x_wconf 90' lang='lat' dir='ltr'>Prudentia</span> <span class='ocrx_word' id='word_1_1504' title='bbox 1974 3261 2063 3300; x_wconf 80' lang='lat' dir='ltr'>Regia</span> <span class='ocrx_word' id='word_1_1505' title='bbox 2077 3261 2095 3280; x_wconf 67' lang='lat'>*²</span> <span class='ocrx_word' id='word_1_1506' title='bbox 2112 3261 2194 3298; x_wconf 78' lang='lat' dir='ltr'>plene</span> <span class='ocrx_word' id='word_1_1507' title='bbox 2209 3263 2306 3300; x_wconf 90' lang='lat' dir='ltr'>novit,</span> <span class='ocrx_word' id='word_1_1508' title='bbox 2324 3261 2420 3292; x_wconf 90' lang='lat' dir='ltr'>Treu-</span> 
     </span>
     <span class='ocr_line' id='line_1_187' title="bbox 1362 3298 2420 3341; baseline -0.004 -7"><span class='ocrx_word' id='word_1_1509' title='bbox 1362 3312 1407 3341; x_wconf 78' lang='lat' dir='ltr'>gae</span> <span class='ocrx_word' id='word_1_1510' title='bbox 1423 3302 1565 3340; x_wconf 67' lang='lat' dir='ltr'>praedietae</span> <span class='ocrx_word' id='word_1_1511' title='bbox 1579 3311 1628 3339; x_wconf 89' lang='lat' dir='ltr'>per</span> <span class='ocrx_word' id='word_1_1512' title='bbox 1642 3309 1749 3338; x_wconf 89' lang='lat' dir='ltr'>partem</span> <span class='ocrx_word' id='word_1_1513' title='bbox 1765 3300 1852 3339; x_wconf 86' lang='lat' dir='ltr'>Regis</span> <span class='ocrx_word' id='word_1_1514' title='bbox 1866 3299 1983 3337; x_wconf 78' lang='lat' dir='ltr'>ejusdem</span> <span class='ocrx_word' id='word_1_1515' title='bbox 1995 3299 2052 3329; x_wconf 90' lang='lat' dir='ltr'>dici</span> <span class='ocrx_word' id='word_1_1516' title='bbox 2069 3298 2190 3336; x_wconf 78' lang='lat' dir='ltr'>poffint,</span> <span class='ocrx_word' id='word_1_1517' title='bbox 2205 3308 2288 3337; x_wconf 90' lang='lat' dir='ltr'>prout</span> <span class='ocrx_word' id='word_1_1518' title='bbox 2301 3301 2331 3329; x_wconf 91' lang='lat' dir='ltr'>in</span> <span class='ocrx_word' id='word_1_1519' title='bbox 2346 3310 2420 3338; x_wconf 80' lang='lat' dir='ltr'>prae-</span> 
     </span>
     <span class='ocr_line' id='line_1_188' title="bbox 1363 3337 2419 3377; baseline -0.002 -6"><span class='ocrx_word' id='word_1_1520' title='bbox 1363 3341 1444 3371; x_wconf 66' lang='lat' dir='ltr'>dietis</span> <span class='ocrx_word' id='word_1_1521' title='bbox 1458 3342 1510 3371; x_wconf 87' lang='lat' dir='ltr'>tuis</span> <span class='ocrx_word' id='word_1_1522' title='bbox 1524 3340 1637 3370; x_wconf 85' lang='lat' dir='ltr'>Litteris</span> <span class='ocrx_word' id='word_1_1523' title='bbox 1648 3339 1790 3376; x_wconf 87' lang='lat' dir='ltr'>scribitur,</span> <span class='ocrx_word' id='word_1_1524' title='bbox 1808 3338 1935 3377; x_wconf 83' lang='lat' dir='ltr'>violatae,</span> <span class='ocrx_word' id='word_1_1525' title='bbox 1954 3338 2090 3375; x_wconf 87' lang='lat' dir='ltr'>nobisque</span> <span class='ocrx_word' id='word_1_1526' title='bbox 2104 3339 2222 3377; x_wconf 84' lang='lat' dir='ltr'>impingi</span> <span class='ocrx_word' id='word_1_1527' title='bbox 2239 3338 2326 3369; x_wconf 84' lang='lat' dir='ltr'>valeat</span> <span class='ocrx_word' id='word_1_1528' title='bbox 2341 3337 2419 3377; x_wconf 90' lang='lat' dir='ltr'>quod</span> 
     </span>
     <span class='ocr_line' id='line_1_189' title="bbox 1362 3375 2312 3418; baseline -0.004 -8"><span class='ocrx_word' id='word_1_1529' title='bbox 1362 3379 1533 3418; x_wconf 73' lang='lat' dir='ltr'>negligentes</span> <span class='ocrx_word' id='word_1_1530' title='bbox 1545 3378 1589 3409; x_wconf 93' lang='lat' dir='ltr'>vel</span> <span class='ocrx_word' id='word_1_1531' title='bbox 1607 3377 1709 3407; x_wconf 86' lang='lat' dir='ltr'>remiffi</span> <span class='ocrx_word' id='word_1_1532' title='bbox 1725 3376 1860 3407; x_wconf 90' lang='lat' dir='ltr'>fuerimus</span> <span class='ocrx_word' id='word_1_1533' title='bbox 1872 3376 1952 3414; x_wconf 91' lang='lat' dir='ltr'>super</span> <span class='ocrx_word' id='word_1_1534' title='bbox 1968 3375 2116 3406; x_wconf 88' lang='lat' dir='ltr'>Remediis</span> <span class='ocrx_word' id='word_1_1535' title='bbox 2128 3376 2312 3414; x_wconf 77' lang='lat' dir='ltr'>apponendis:</span> 
     </span>
    </p>

    <p class='ocr_par' dir='ltr' id='par_1_42' title="bbox 1359 3413 2419 3646">
     <span class='ocr_line' id='line_1_190' title="bbox 1400 3413 2418 3452; baseline -0.003 -4"><span class='ocrx_word' id='word_1_1536' title='bbox 1400 3417 1436 3448; x_wconf 86' lang='lat' dir='ltr'>Et</span> <span class='ocrx_word' id='word_1_1537' title='bbox 1450 3418 1469 3447; x_wconf 90' lang='lat' dir='ltr'>si</span> <span class='ocrx_word' id='word_1_1538' title='bbox 1485 3418 1567 3448; x_wconf 88' lang='lat' dir='ltr'>etiarn</span> <span class='ocrx_word' id='word_1_1539' title='bbox 1583 3417 1624 3446; x_wconf 89' lang='lat' dir='ltr'>tui</span> <span class='ocrx_word' id='word_1_1540' title='bbox 1637 3415 1793 3445; x_wconf 88' lang='lat' dir='ltr'>Consiliarii</span> <span class='ocrx_word' id='word_1_1541' title='bbox 1808 3415 1873 3445; x_wconf 86' lang='lat' dir='ltr'>sano</span> <span class='ocrx_word' id='word_1_1542' title='bbox 1888 3415 1939 3445; x_wconf 89' lang='lat' dir='ltr'>tibi</span> <span class='ocrx_word' id='word_1_1543' title='bbox 1956 3413 2086 3445; x_wconf 82' lang='lat' dir='ltr'>Consilio</span> <span class='ocrx_word' id='word_1_1544' title='bbox 2097 3414 2329 3452; x_wconf 87' lang='lat' dir='ltr'>suasei·int,quod</span> <span class='ocrx_word' id='word_1_1545' title='bbox 2347 3424 2418 3446; x_wconf 80' lang='lat' dir='ltr'>con-</span> 
     </span>
     <span class='ocr_line' id='line_1_191' title="bbox 1362 3452 2419 3493; baseline -0.003 -6"><span class='ocrx_word' id='word_1_1546' title='bbox 1362 3464 1403 3487; x_wconf 90' lang='lat' dir='ltr'>tra</span> <span class='ocrx_word' id='word_1_1547' title='bbox 1421 3455 1530 3486; x_wconf 86' lang='lat' dir='ltr'>easdem</span> <span class='ocrx_word' id='word_1_1548' title='bbox 1550 3455 1691 3493; x_wconf 86' lang='lat' dir='ltr'>Treugas,</span> <span class='ocrx_word' id='word_1_1549' title='bbox 1709 3463 1759 3491; x_wconf 87' lang='lat' dir='ltr'>per</span> <span class='ocrx_word' id='word_1_1550' title='bbox 1779 3461 1808 3483; x_wconf 92' lang='lat' dir='ltr'>te</span> <span class='ocrx_word' id='word_1_1551' title='bbox 1817 3454 1916 3491; x_wconf 90' lang='lat' dir='ltr'>juratas</span> <span class='ocrx_word' id='word_1_1552' title='bbox 1950 3453 1987 3483; x_wconf 92' lang='lat' dir='ltr'>sic</span> <span class='ocrx_word' id='word_1_1553' title='bbox 2002 3452 2158 3483; x_wconf 79' lang='lat' dir='ltr'>inconsulte</span> <span class='ocrx_word' id='word_1_1554' title='bbox 2173 3454 2297 3491; x_wconf 88' lang='lat' dir='ltr'>venires,</span> <span class='ocrx_word' id='word_1_1555' title='bbox 2315 3453 2419 3492; x_wconf 88' lang='lat' dir='ltr'>Teque</span> 
     </span>
     <span class='ocr_line' id='line_1_192' title="bbox 1359 3476 2417 3533; baseline -0.002 -9"><span class='ocrx_word' id='word_1_1556' title='bbox 1359 3493 1491 3532; x_wconf 88' lang='lat' dir='ltr'>Judicem</span> <span class='ocrx_word' id='word_1_1557' title='bbox 1511 3493 1632 3530; x_wconf 86' lang='lat' dir='ltr'>faceres,</span> <span class='ocrx_word' id='word_1_1558' title='bbox 1656 3502 1704 3529; x_wconf 88' lang='lat' dir='ltr'>per</span> <span class='ocrx_word' id='word_1_1559' title='bbox 1724 3491 1837 3530; x_wconf 88' lang='lat' dir='ltr'>Regem</span> <span class='ocrx_word' id='word_1_1560' title='bbox 1857 3476 2003 3532; x_wconf 72' lang='lat' dir='ltr'>praefatum</span> <span class='ocrx_word' id='word_1_1561' title='bbox 2024 3499 2115 3527; x_wconf 87' lang='lat' dir='ltr'>ruptas</span> <span class='ocrx_word' id='word_1_1562' title='bbox 2138 3490 2203 3533; x_wconf 77' lang='lat' dir='ltr'>ipsas</span> <span class='ocrx_word' id='word_1_1563' title='bbox 2222 3491 2365 3530; x_wconf 80' lang='lat' dir='ltr'>Treugas,</span> <span class='ocrx_word' id='word_1_1564' title='bbox 2387 3493 2417 3522; x_wconf 91' lang='lat' dir='ltr'>in</span> 
     </span>
     <span class='ocr_line' id='line_1_193' title="bbox 1362 3529 2418 3568; baseline -0.002 -6"><span class='ocrx_word' id='word_1_1565' title='bbox 1362 3531 1465 3562; x_wconf 88' lang='lat' dir='ltr'>eisdem</span> <span class='ocrx_word' id='word_1_1566' title='bbox 1485 3532 1538 3562; x_wconf 86' lang='lat' dir='ltr'>tuis</span> <span class='ocrx_word' id='word_1_1567' title='bbox 1559 3531 1670 3561; x_wconf 90' lang='lat' dir='ltr'>Litteris</span> <span class='ocrx_word' id='word_1_1568' title='bbox 1689 3529 1852 3567; x_wconf 71' lang='lat' dir='ltr'>afferendo,</span> <span class='ocrx_word' id='word_1_1569' title='bbox 1872 3529 2023 3567; x_wconf 79' lang='lat' dir='ltr'>prazsertim</span> <span class='ocrx_word' id='word_1_1570' title='bbox 2047 3529 2133 3566; x_wconf 86' lang='lat' dir='ltr'>curn,</span> <span class='ocrx_word' id='word_1_1571' title='bbox 2151 3534 2220 3559; x_wconf 83' lang='lat' dir='ltr'>licut</span> <span class='ocrx_word' id='word_1_1572' title='bbox 2241 3530 2418 3568; x_wconf 80' lang='lat' dir='ltr'>praerniffum</span> 
     </span>
     <span class='ocr_line' id='line_1_194' title="bbox 1362 3566 2418 3608; baseline -0.002 -7"><span class='ocrx_word' id='word_1_1573' title='bbox 1362 3570 1421 3608; x_wconf 87' lang='lat' dir='ltr'>est,</span> <span class='ocrx_word' id='word_1_1574' title='bbox 1437 3579 1553 3608; x_wconf 88' lang='lat' dir='ltr'>utraque</span> <span class='ocrx_word' id='word_1_1575' title='bbox 1568 3569 1633 3599; x_wconf 93' lang='lat' dir='ltr'>Pars</span> <span class='ocrx_word' id='word_1_1576' title='bbox 1645 3577 1880 3606; x_wconf 86' lang='lat' dir='ltr'>conquereretur,</span> <span class='ocrx_word' id='word_1_1577' title='bbox 1898 3568 1930 3598; x_wconf 83' lang='lat'>&amp;</span> <span class='ocrx_word' id='word_1_1578' title='bbox 1945 3567 2087 3598; x_wconf 86' lang='lat' dir='ltr'>exhiberet</span> <span class='ocrx_word' id='word_1_1579' title='bbox 2102 3566 2262 3605; x_wconf 85' lang='lat' dir='ltr'>Articulos,</span> <span class='ocrx_word' id='word_1_1580' title='bbox 2277 3568 2357 3606; x_wconf 87' lang='lat' dir='ltr'>super</span> <span class='ocrx_word' id='word_1_1581' title='bbox 2365 3568 2418 3600; x_wconf 87' lang='lat' dir='ltr'>At-</span> 
     </span>
     <span class='ocr_line' id='line_1_195' title="bbox 1360 3605 1923 3646; baseline -0.007 -7"><span class='ocrx_word' id='word_1_1582' title='bbox 1360 3609 1500 3646; x_wconf 81' lang='lat' dir='ltr'>temptatis</span> <span class='ocrx_word' id='word_1_1583' title='bbox 1513 3609 1547 3639; x_wconf 72' lang='grc' dir='ltr'>ὃς</span> <span class='ocrx_word' id='word_1_1584' title='bbox 1560 3606 1778 3637; x_wconf 88' lang='lat' dir='ltr'>Reformatione</span> <span class='ocrx_word' id='word_1_1585' title='bbox 1793 3605 1923 3643; x_wconf 84' lang='lat' dir='ltr'>ipsorum.</span> 
     </span>
    </p>

    <p class='ocr_par' dir='ltr' id='par_1_43' title="bbox 1361 3643 2416 3945">
     <span class='ocr_line' id='line_1_196' title="bbox 1398 3643 2416 3683; baseline -0.006 -6"><span class='ocrx_word' id='word_1_1586' title='bbox 1398 3646 1436 3677; x_wconf 90' lang='lat' dir='ltr'>Et</span> <span class='ocrx_word' id='word_1_1587' title='bbox 1457 3646 1476 3676; x_wconf 82' lang='lat' dir='ltr'>si</span> <span class='ocrx_word' id='word_1_1588' title='bbox 1499 3646 1599 3683; x_wconf 86' lang='lat' dir='ltr'>nobis,</span> <span class='ocrx_word' id='word_1_1589' title='bbox 1616 3646 1682 3682; x_wconf 87' lang='lat' dir='ltr'>qui,</span> <span class='ocrx_word' id='word_1_1590' title='bbox 1701 3644 1765 3674; x_wconf 88' lang='lat' dir='ltr'>licet</span> <span class='ocrx_word' id='word_1_1591' title='bbox 1786 3643 2013 3674; x_wconf 88' lang='lat' dir='ltr'>insufficientibus</span> <span class='ocrx_word' id='word_1_1592' title='bbox 2035 3644 2157 3682; x_wconf 86' lang='lat' dir='ltr'>meritis,</span> <span class='ocrx_word' id='word_1_1593' title='bbox 2176 3643 2293 3674; x_wconf 90' lang='lat' dir='ltr'>Locum</span> <span class='ocrx_word' id='word_1_1594' title='bbox 2316 3654 2416 3676; x_wconf 84' lang='lat' dir='ltr'>tenen-</span> 
     </span>
     <span class='ocr_line' id='line_1_197' title="bbox 1361 3681 2416 3750; baseline -0.001 -35"><span class='ocrx_word' id='word_1_1595' title='bbox 1361 3693 1401 3716; x_wconf 90' lang='lat' dir='ltr'>tes</span> <span class='ocrx_word' id='word_1_1596' title='bbox 1414 3687 1442 3714; x_wconf 92' lang='lat' dir='ltr'>in</span> <span class='ocrx_word' id='word_1_1597' title='bbox 1453 3685 1551 3714; x_wconf 89' lang='lat' dir='ltr'>Terris</span> <span class='ocrx_word' id='word_1_1598' title='bbox 1566 3684 1653 3750; x_wconf 46' lang='lat' dir='ltr'>ReinDs</span> <span class='ocrx_word' id='word_1_1599' title='bbox 1664 3681 1771 3720; x_wconf 88' lang='lat' dir='ltr'>pacifici</span> <span class='ocrx_word' id='word_1_1600' title='bbox 1784 3683 1818 3713; x_wconf 70' lang='grc' dir='ltr'>δε</span> <span class='ocrx_word' id='word_1_1601' title='bbox 1831 3682 1945 3720; x_wconf 84' lang='lat' dir='ltr'>excelsi,</span> <span class='ocrx_word' id='word_1_1602' title='bbox 1964 3682 2132 3720; x_wconf 77' lang='lat' dir='ltr'>praedicare,</span> <span class='ocrx_word' id='word_1_1603' title='bbox 2148 3692 2316 3721; x_wconf 77' lang='lat' dir='ltr'>procurare,</span> <span class='ocrx_word' id='word_1_1604' title='bbox 2333 3684 2416 3714; x_wconf 91' lang='lat' dir='ltr'>fove-</span> 
     </span>
     <span class='ocr_line' id='line_1_198' title="bbox 1362 3719 2414 3761; baseline -0.001 -7"><span class='ocrx_word' id='word_1_1605' title='bbox 1362 3733 1393 3753; x_wconf 88' lang='lat' dir='ltr'>re</span> <span class='ocrx_word' id='word_1_1606' title='bbox 1407 3746 1416 3761; x_wconf 95' lang='lat'>,</span> <span class='ocrx_word' id='word_1_1607' title='bbox 1444 3733 1477 3753; x_wconf 88' lang='lat' dir='ltr'>ac</span> <span class='ocrx_word' id='word_1_1608' title='bbox 1497 3723 1603 3752; x_wconf 90' lang='lat' dir='ltr'>nutrire</span> <span class='ocrx_word' id='word_1_1609' title='bbox 1649 3729 1730 3751; x_wconf 88' lang='lat' dir='ltr'>acem</span> <span class='ocrx_word' id='word_1_1610' title='bbox 1750 3720 1888 3751; x_wconf 84' lang='lat' dir='ltr'>debemus</span> <span class='ocrx_word' id='word_1_1611' title='bbox 1909 3721 1981 3750; x_wconf 92' lang='lat' dir='ltr'>inter</span> <span class='ocrx_word' id='word_1_1612' title='bbox 2003 3720 2122 3750; x_wconf 62' lang='lat' dir='ltr'>cunnos</span> <span class='ocrx_word' id='word_1_1613' title='bbox 2142 3719 2347 3760; x_wconf 87' lang='lat' dir='ltr'>Christicolas,</span> <span class='ocrx_word' id='word_1_1614' title='bbox 2380 3732 2414 3753; x_wconf 89' lang='lat' dir='ltr'>ac</span> 
     </span>
     <span class='ocr_line' id='line_1_199' title="bbox 1364 3758 2416 3799; baseline -0.001 -7"><span class='ocrx_word' id='word_1_1615' title='bbox 1364 3762 1499 3799; x_wconf 86' lang='lat' dir='ltr'>Guerras,</span> <span class='ocrx_word' id='word_1_1616' title='bbox 1517 3759 1723 3797; x_wconf 76' lang='lat' dir='ltr'>DiffenlioneS,</span> <span class='ocrx_word' id='word_1_1617' title='bbox 1743 3759 1777 3789; x_wconf 89' lang='lat'>&amp;</span> <span class='ocrx_word' id='word_1_1618' title='bbox 1799 3758 1875 3789; x_wconf 90' lang='lat' dir='ltr'>Odia</span> <span class='ocrx_word' id='word_1_1619' title='bbox 1893 3768 2022 3790; x_wconf 88' lang='lat' dir='ltr'>tenemur</span> <span class='ocrx_word' id='word_1_1620' title='bbox 2043 3766 2181 3796; x_wconf 86' lang='lat' dir='ltr'>quantum</span> <span class='ocrx_word' id='word_1_1621' title='bbox 2203 3759 2347 3797; x_wconf 88' lang='lat' dir='ltr'>possumus</span> <span class='ocrx_word' id='word_1_1622' title='bbox 2368 3770 2416 3791; x_wconf 86' lang='lat' dir='ltr'>ex-</span> 
     </span>
     <span class='ocr_line' id='line_1_200' title="bbox 1362 3796 2415 3839; baseline 0 -9"><span class='ocrx_word' id='word_1_1623' title='bbox 1362 3801 1506 3839; x_wconf 84' lang='lat' dir='ltr'>tinguere,</span> <span class='ocrx_word' id='word_1_1624' title='bbox 1522 3808 1555 3828; x_wconf 90' lang='lat' dir='ltr'>ac</span> <span class='ocrx_word' id='word_1_1625' title='bbox 1567 3799 1602 3828; x_wconf 90' lang='lat' dir='ltr'>de</span> <span class='ocrx_word' id='word_1_1626' title='bbox 1615 3797 1712 3828; x_wconf 89' lang='lat' dir='ltr'>medio</span> <span class='ocrx_word' id='word_1_1627' title='bbox 1727 3796 1865 3827; x_wconf 90' lang='lat' dir='ltr'>Fidelium</span> <span class='ocrx_word' id='word_1_1628' title='bbox 1881 3807 2030 3827; x_wconf 89' lang='lat' dir='ltr'>removere</span> <span class='ocrx_word' id='word_1_1629' title='bbox 2044 3820 2053 3835; x_wconf 90' lang='lat'>,</span> <span class='ocrx_word' id='word_1_1630' title='bbox 2079 3798 2183 3835; x_wconf 86' lang='lat' dir='ltr'>quique</span> <span class='ocrx_word' id='word_1_1631' title='bbox 2203 3808 2255 3836; x_wconf 90' lang='lat' dir='ltr'>pro</span> <span class='ocrx_word' id='word_1_1632' title='bbox 2271 3798 2347 3829; x_wconf 88' lang='lat' dir='ltr'>Pace</span> <span class='ocrx_word' id='word_1_1633' title='bbox 2369 3799 2415 3830; x_wconf 62' lang='lat' dir='ltr'>tufi</span> 
     </span>
     <span class='ocr_line' id='line_1_201' title="bbox 1363 3834 2415 3875; baseline -0.001 -7"><span class='ocrx_word' id='word_1_1634' title='bbox 1363 3839 1396 3868; x_wconf 86' lang='lat'>&amp;</span> <span class='ocrx_word' id='word_1_1635' title='bbox 1417 3838 1485 3868; x_wconf 66' lang='lat' dir='ltr'>dicti</span> <span class='ocrx_word' id='word_1_1636' title='bbox 1505 3837 1608 3875; x_wconf 78' lang='lat' dir='ltr'>Regis,</span> <span class='ocrx_word' id='word_1_1637' title='bbox 1627 3835 1697 3866; x_wconf 90' lang='lat' dir='ltr'>sicut</span> <span class='ocrx_word' id='word_1_1638' title='bbox 1717 3836 1891 3873; x_wconf 78' lang='lat' dir='ltr'>praemissum</span> <span class='ocrx_word' id='word_1_1639' title='bbox 1913 3834 1969 3872; x_wconf 84' lang='lat' dir='ltr'>est,</span> <span class='ocrx_word' id='word_1_1640' title='bbox 1989 3835 2145 3866; x_wconf 86' lang='lat' dir='ltr'>cordialiter</span> <span class='ocrx_word' id='word_1_1641' title='bbox 2159 3838 2192 3866; x_wconf 90' lang='lat'>&amp;</span> <span class='ocrx_word' id='word_1_1642' title='bbox 2207 3836 2324 3867; x_wconf 83' lang='lat' dir='ltr'>fideliter</span> <span class='ocrx_word' id='word_1_1643' title='bbox 2337 3838 2415 3867; x_wconf 78' lang='lat' dir='ltr'>labo-</span> 
     </span>
     <span class='ocr_line' id='line_1_202' title="bbox 1361 3873 2414 3945; baseline -0.002 -39"><span class='ocrx_word' id='word_1_1644' title='bbox 1361 3877 1502 3945; x_wconf 52' lang='lat' dir='ltr'>gagmus’</span> <span class='ocrx_word' id='word_1_1645' title='bbox 1526 3876 1560 3907; x_wconf 91' lang='lat'>&amp;</span> <span class='ocrx_word' id='word_1_1646' title='bbox 1580 3875 1704 3905; x_wconf 85' lang='lat' dir='ltr'>laborare</span> <span class='ocrx_word' id='word_1_1647' title='bbox 1725 3874 1913 3912; x_wconf 82' lang='lat' dir='ltr'>intendimus,</span> <span class='ocrx_word' id='word_1_1648' title='bbox 1936 3874 2016 3904; x_wconf 90' lang='lat' dir='ltr'>scribi</span> <span class='ocrx_word' id='word_1_1649' title='bbox 2037 3873 2134 3904; x_wconf 89' lang='lat' dir='ltr'>debuit</span> <span class='ocrx_word' id='word_1_1650' title='bbox 2156 3874 2307 3907; x_wconf 87' lang='lat' dir='ltr'>Diffidatio</span> <span class='ocrx_word' id='word_1_1651' title='bbox 2323 3876 2414 3913; x_wconf 87' lang='lat' dir='ltr'>supra-</span> 
     </span>
    </p>

    <p class='ocr_par' dir='ltr' id='par_1_44' title="bbox 1382 3925 1449 3945">
     <span class='ocr_line' id='line_1_203' title="bbox 1382 3925 1449 3945; baseline 0.015 -1"><span class='ocrx_word' id='word_1_1652' title='bbox 1382 3925 1389 3944; x_wconf 93' lang='lat' dir='ltr'>i</span> <span class='ocrx_word' id='word_1_1653' title='bbox 1421 3925 1449 3945; x_wconf 89' lang='lat' dir='ltr'>a·</span> 
     </span>
    </p>

    <p class='ocr_par' dir='ltr' id='par_1_45' title="bbox 1364 3939 2416 4132">
     <span class='ocr_line' id='line_1_204' title="bbox 1401 3939 2415 3989; baseline -0.004 -6"><span class='ocrx_word' id='word_1_1654' title='bbox 1401 3939 1452 3983; x_wconf 70' lang='lat' dir='ltr'>Et³</span> <span class='ocrx_word' id='word_1_1655' title='bbox 1462 3951 1680 3989; x_wconf 88' lang='lat' dir='ltr'>nichilominus,</span> <span class='ocrx_word' id='word_1_1656' title='bbox 1699 3951 1717 3981; x_wconf 83' lang='lat' dir='ltr'>fi</span> <span class='ocrx_word' id='word_1_1657' title='bbox 1735 3950 1913 3982; x_wconf 86' lang='lat' dir='ltr'>attendebant</span> <span class='ocrx_word' id='word_1_1658' title='bbox 1934 3951 2105 3981; x_wconf 85' lang='lat' dir='ltr'>Litterarum</span> <span class='ocrx_word' id='word_1_1659' title='bbox 2125 3952 2330 3989; x_wconf 84' lang='lat' dir='ltr'>compositores</span> <span class='ocrx_word' id='word_1_1660' title='bbox 2345 3960 2415 3987; x_wconf 71' lang='lat' dir='ltr'>pne-</span> 
     </span>
     <span class='ocr_line' id='line_1_205' title="bbox 1364 3988 2416 4030; baseline -0.006 -7"><span class='ocrx_word' id='word_1_1661' title='bbox 1364 3991 1520 4030; x_wconf 58' lang='lat' dir='ltr'>dffitarum,</span> <span class='ocrx_word' id='word_1_1662' title='bbox 1537 3989 1672 4028; x_wconf 88' lang='lat' dir='ltr'>ponendo</span> <span class='ocrx_word' id='word_1_1663' title='bbox 1685 3989 1790 4019; x_wconf 68' lang='lat' dir='ltr'>di&amp;am</span> <span class='ocrx_word' id='word_1_1664' title='bbox 1805 3988 2024 4019; x_wconf 84' lang='lat' dir='ltr'>Diffidationem</span> <span class='ocrx_word' id='word_1_1665' title='bbox 2036 3990 2064 4018; x_wconf 89' lang='lat' dir='ltr'>in</span> <span class='ocrx_word' id='word_1_1666' title='bbox 2087 3990 2142 4029; x_wconf 78' lang='lat' dir='ltr'>eis,</span> <span class='ocrx_word' id='word_1_1667' title='bbox 2161 3989 2240 4027; x_wconf 80' lang='lat' dir='ltr'>quod</span> <span class='ocrx_word' id='word_1_1668' title='bbox 2263 3988 2348 4025; x_wconf 78' lang='lat' dir='ltr'>Nos,</span> <span class='ocrx_word' id='word_1_1669' title='bbox 2367 3989 2416 4026; x_wconf 86' lang='lat' dir='ltr'>qui</span> 
     </span>
     <span class='ocr_line' id='line_1_206' title="bbox 1366 4026 2415 4066; baseline -0.006 -5"><span class='ocrx_word' id='word_1_1670' title='bbox 1366 4031 1471 4061; x_wconf 90' lang='lat' dir='ltr'>Pacem</span> <span class='ocrx_word' id='word_1_1671' title='bbox 1486 4029 1676 4066; x_wconf 88' lang='lat' dir='ltr'>evangelizare</span> <span class='ocrx_word' id='word_1_1672' title='bbox 1688 4029 1816 4065; x_wconf 89' lang='lat' dir='ltr'>cupimus</span> <span class='ocrx_word' id='word_1_1673' title='bbox 1832 4028 1865 4058; x_wconf 92' lang='lat'>&amp;</span> <span class='ocrx_word' id='word_1_1674' title='bbox 1878 4027 2028 4064; x_wconf 77' lang='lat' dir='ltr'>debemus,</span> <span class='ocrx_word' id='word_1_1675' title='bbox 2047 4028 2080 4058; x_wconf 93' lang='lat'>&amp;</span> <span class='ocrx_word' id='word_1_1676' title='bbox 2096 4028 2245 4066; x_wconf 80' lang='lat' dir='ltr'>specialiter</span> <span class='ocrx_word' id='word_1_1677' title='bbox 2259 4026 2293 4056; x_wconf 88' lang='lat' dir='ltr'>ad</span> <span class='ocrx_word' id='word_1_1678' title='bbox 2309 4026 2415 4056; x_wconf 82' lang='lat' dir='ltr'>Pacem</span> 
     </span>
     <span class='ocr_line' id='line_1_207' title="bbox 1365 4064 2416 4132; baseline -0.01 -31"><span class='ocrx_word' id='word_1_1679' title='bbox 1365 4068 1531 4109; x_wconf 64' lang='lat' dir='ltr'>praedictam</span> <span class='ocrx_word' id='word_1_1680' title='bbox 1545 4067 1703 4099; x_wconf 89' lang='lat' dir='ltr'>cordialiter</span> <span class='ocrx_word' id='word_1_1681' title='bbox 1716 4065 1874 4105; x_wconf 86' lang='lat' dir='ltr'>afficimur,</span> <span class='ocrx_word' id='word_1_1682' title='bbox 1892 4074 1922 4098; x_wconf 91' lang='lat' dir='ltr'>ut</span> <span class='ocrx_word' id='word_1_1683' title='bbox 1935 4066 2080 4105; x_wconf 78' lang='lat' dir='ltr'>praefertur</span> <span class='ocrx_word' id='word_1_1684' title='bbox 2088 4089 2099 4105; x_wconf 86' lang='lat'>,</span> <span class='ocrx_word' id='word_1_1685' title='bbox 2118 4065 2290 4097; x_wconf 86' lang='lat' dir='ltr'>Guerrarum</span> <span class='ocrx_word' id='word_1_1686' title='bbox 2303 4066 2336 4097; x_wconf 86' lang='lat'>&amp;</span> <span class='ocrx_word' id='word_1_1687' title='bbox 2346 4064 2416 4132; x_wconf 49' lang='lat' dir='ltr'>igis·</span> 
     </span>
    </p>

    <p class='ocr_par' dir='ltr' id='par_1_46' title="bbox 2366 4111 2417 4132">
     <span class='ocr_line' id='line_1_208' title="bbox 2366 4111 2417 4132; baseline 0 0"><span class='ocrx_word' id='word_1_1688' title='bbox 2366 4111 2417 4132; x_wconf 78' lang='lat' dir='ltr'>en·-</span> 
     </span>
    </p>
   </div>
   <div class='ocr_carea' id='block_1_10' title="bbox 2310 196 2386 250">
    <p class='ocr_par' dir='ltr' id='par_1_47' title="bbox 2310 196 2386 250">
     <span class='ocr_line' id='line_1_209' title="bbox 2310 196 2386 250; baseline -0.013 -14"><span class='ocrx_word' id='word_1_1689' title='bbox 2310 196 2386 250; x_wconf 85' lang='lat'>183</span> 
     </span>
    </p>
   </div>
   <div class='ocr_carea' id='block_1_11' title="bbox 2410 278 2540 313">
    <p class='ocr_par' dir='ltr' id='par_1_48' title="bbox 2410 278 2540 313">
     <span class='ocr_line' id='line_1_210' title="bbox 2410 278 2540 313; baseline -0.008 -1"><span class='ocrx_word' id='word_1_1690' title='bbox 2410 279 2487 312; x_wconf 88' lang='lat' dir='ltr'>Ann.</span> <span class='ocrx_word' id='word_1_1691' title='bbox 2495 278 2540 313; x_wconf 87' lang='lat' dir='ltr'>D.·</span> 
     </span>
    </p>
   </div>
   <div class='ocr_carea' id='block_1_12' title="bbox 2410 327 2524 392">
    <p class='ocr_par' dir='ltr' id='par_1_49' title="bbox 2410 327 2524 392">
     <span class='ocr_line' id='line_1_211' title="bbox 2410 327 2524 392; baseline 0.018 -9"><span class='ocrx_word' id='word_1_1692' title='bbox 2410 327 2524 392; x_wconf 60' lang='lat'>2223432</span> 
     </span>
    </p>
   </div>
   <div class='ocr_carea' id='block_1_13' title="bbox 2407 395 2541 430">
    <p class='ocr_par' dir='ltr' id='par_1_50' title="bbox 2407 395 2541 430">
     <span class='ocr_line' id='line_1_212' title="bbox 2407 395 2541 430; baseline 0 -7"><span class='ocrx_word' id='word_1_1693' title='bbox 2407 395 2422 411; x_wconf 63' lang='lat'><strong><em>⁴</em></strong></span> <span class='ocrx_word' id='word_1_1694' title='bbox 2435 395 2541 430; x_wconf 86' lang='lat' dir='ltr'>V.469.</span> 
     </span>
    </p>
   </div>
   <div class='ocr_carea' id='block_1_14' title="bbox 2436 3276 2562 3314">
    <p class='ocr_par' dir='ltr' id='par_1_51' title="bbox 2436 3276 2562 3314">
     <span class='ocr_line' id='line_1_213' title="bbox 2436 3276 2562 3314; baseline 0.016 -2"><span class='ocrx_word' id='word_1_1695' title='bbox 2436 3276 2452 3294; x_wconf 62' lang='lat'><em>⁶</em></span> <span class='ocrx_word' id='word_1_1696' title='bbox 2463 3279 2562 3314; x_wconf 67' lang='lat' dir='ltr'>V·470i</span> 
     </span>
    </p>
   </div>
  </div>
 </body>
</html>
