2562 4279
795 153 906 196 ET
990 148 1258 194 ACTA

85 240 161 272 Ann.
170 236 213 268 D.
236 241 418 274 Canonicum
431 241 637 274 Cicestrensem
646 265 655 280 ,
670 240 765 272 Sacrae
777 239 935 277 Thologiae
949 237 1233 276 Do&orem,virum
1249 237 1303 267 uti-

110 276 194 318 1328·
237 291 293 319 que
306 281 440 312 Terrenis
456 282 569 320 Opibus
582 289 748 319 pauperem,
764 278 802 309 set
814 278 963 309 virtutibus
977 277 1167 315 locupletem,
1185 275 1293 319 direxe-

85 318 152 347 Ζάν·
172 325 199 345 ²·
235 327 301 350 runt
323 321 490 352 unanimiter
510 328 577 351 vota
597 319 641 350 sua
654 342 663 356 .,
684 318 836 355 >ipsumque
850 317 880 346 in
894 316 973 346 suurn
988 315 1132 354 elegerunt
1145 314 1294 350 Arcbiepi—

232 357 353 395 scopum
374 358 556 390 concorditer
570 381 580 396 ,
603 357 660 387 fine
679 356 840 395 cujusquam
862 352 1087 385 contradifflone
1102 374 1112 391 ,
1135 353 1168 383 ὃς
1190 351 1290 382 Pasto-

232 406 309 428 rem:

273 435 292 455 ³¹²
313 435 374 474 Qui
387 434 583 473 subsequenter
592 433 652 472 (etsi
668 431 715 463 diu
729 431 887 463 consentire
899 428 1217 473 renuisset,rnultorurri
1231 436 1292 458 tan-

233 473 301 504 dem
316 474 446 505 devi6ms
460 471 607 510 instantia,
625 473 658 502 &
673 481 710 501 ne
729 471 842 502 vocanti
854 469 873 499 S
895 468 967 498 iritui
981 476 1155 506 pertinaciter
1169 465 1292 496 resistere

234 512 376 543 videretur
392 513 507 550 (invitus
523 508 738 549 quodammodo
759 507 863 539 consen
875 515 925 536 um
948 506 1068 543 praebuit
1085 505 1228 536 Eleffloni
1249 505 1293 548 su-

234 550 370 589 pradistae
384 574 394 589 ,
417 551 450 581 &
470 549 504 580 ad
524 558 576 579 nos
598 547 710 579 acceffit
723 569 733 585 ,
750 547 827 585 juxta
849 553 981 582 morem,
996 552 1050 582 pro
1064 543 1183 574 Affensu
1197 543 1292 583 Regio

235 588 404 628 optinendo,

272 627 344 658 Nos
355 628 453 667 igitur,
665 662 670 667 ·
687 661 692 667 ¹
1113 659 1120 665 θ

272 664 470 696 Desiderantes
490 673 554 702 quae
575 661 613 693 fic
633 661 736 692 initiata
751 659 802 690 sint
815 658 850 689 ad
863 666 991 697 optatum
1005 658 1122 697 perduci
1137 657 1274 689 effeetum
1283 681 1294 696 ,

235 704 270 735 δε
291 714 328 734 eo
342 703 458 742 amplius
480 712 539 740 quo
559 701 621 730 haec
643 708 677 729 ex
697 697 772 728 nuda
791 697 962 728 EIectorum
982 697 1156 729 conscientifi⁴
1170 698 1292 734 (remota

234 743 359 780 qualibet
382 739 537 772 affeetione
556 739 614 769 reci
634 736 714 775 roca)
730 738 863 767 novimus
878 736 1028 775 prodiisse,
1044 735 1237 774 sperantesque
1250 735 1293 772 ip-

237 781 290 811 sius
302 779 522 810 Promotionem
535 786 594 807 non
620 775 702 805 olum
712 775 762 813 ipsi
777 774 969 806 Cantuariensi
984 774 1120 806 Ecclefiae
1131 798 1140 813 ,
1156 774 1195 804 set
1207 774 1292 804 etiam

237 819 292 849 toti
307 817 412 848 Reono
425 815 541 853 nostt0‚
558 813 708 844 utilitatem
723 813 912 852 multiplicem
925 813 1082 851 allaturam,

274 842 419 886 Sanuitati
432 853 532 885 vestrae
546 851 655 882 devotis
668 850 797 889 precibus
811 851 1012 891 supplicamus,
1029 851 1156 891 quatinus
1170 849 1292 881 eundem

235 892 370 925 Elecfilutn
405 893 453 930 qui
466 891 501 921 ad
514 889 740 931 prosequendum
752 890 908 921 Eleffionis
922 891 977 921 suae
991 891 1154 930 negotium,
1168 896 1199 919 ut
1213 897 1293 919 tene-

236 940 299 970 tur,
317 917 493 970 persbnaliter
512 928 546 958 ad
568 927 742 966 praesentiam
755 928 856 960 vestrae
869 928 1040 960 Clementiae
1053 928 1079 960 se
1092 927 1222 967 divertit,
1239 926 1294 958 Pa-

237 978 338 1008 terno,
355 969 376 999 fi
390 967 497 1006 placet,
514 967 688 1004 suscipientes
700 965 823 1006 affetfffl,
840 968 948 1006 ipsum,

275 1007 332 1038 Cui
349 1006 386 1036 de
404 1007 471 1037 vitae
493 1005 645 1036 Sanetitate
658 1028 667 1043 ‚
693 1005 726 1036 &
748 1005 973 1037 Conversatione
993 1004 1101 1036 decora
1114 1028 1124 1044 ,
1149 1004 1294 1035 eminente

237 1044 375 1083 Scientifi‚
393 1045 428 1075 &
448 1045 587 1075 variarum
611 1043 759 1074 Virtutum
780 1045 967 1075 carismatibus
980 1068 990 1083 ,
1007 1045 1037 1074 in
1050 1044 1137 1082 locis,
1156 1043 1206 1073 ubi
1220 1053 1293 1073 con-

236 1083 355 1116 versatus
368 1083 473 1120 extitit,
490 1084 525 1113 ab
537 1083 672 1113 omnibus
685 1082 821 1114 laudabile
834 1083 1050 1114 Testimonium
1063 1081 1226 1120 perhibetur

267 1121 375 1159 Jubere
386 1121 560 1161 dignemini,
578 1131 647 1151 cum
659 1120 762 1152 favoris
775 1123 809 1153 &
825 1124 923 1159 gratiae
937 1120 1112 1160 plenitudine
1125 1144 1135 1160 ,
1153 1129 1223 1158 expe
1244 1120 1292 1159 iri,

235 1167 283 1198 ut,
301 1159 467 1190 desideratus
485 1160 520 1190 ab
541 1160 697 1197 omnibus,
716 1159 751 1190 ad
763 1159 920 1190 Ecclesiam
933 1160 1042 1196 redeat,
1060 1159 1095 1189 ad
1110 1159 1187 1198 cujus
1201 1158 1293 1196 Regi-

234 1207 335 1266 rlzg‘ien,d
340 1207 462 1229 vocante
477 1198 629 1237 Domino,
647 1198 705 1229 tarn
722 1199 791 1237 pura
804 1200 962 1229 intentione
975 1197 1015 1228 est
1024 1196 1157 1235 Elestus,
1175 1197 1294 1228 feliciter

263 1245 316 1274 xpe
337 1245 398 1267 itus.
1194 1271 1197 1275 .

270 1275 341 1305 Nec
355 1276 438 1313 finat,
454 1276 627 1313 quaesumus,
645 1274 737 1306 vestra
751 1275 796 1313 pia
809 1274 961 1305 Paternitas
976 1275 1036 1305 tam
1051 1274 1183 1305 Sandiam
1198 1275 1231 1306 &
1241 1284 1293 1312 pu-

234 1323 296 1344 ram
311 1313 507 1351 Eledtionem,
527 1322 665 1352 praetextu
678 1313 791 1351 alicujus
800 1313 1023 1351 Refer-«ationis,
1040 1312 1085 1343 seu
1099 1311 1207 1343 alterius
1216 1313 1293 1342 Prae-

235 1352 386 1390 peditionis
427 1359 527 1389 optato
548 1352 669 1382 frustrari
685 1351 790 1382 effeetu
800 1375 810 1390 ,
827 1352 872 1382 seu
886 1353 915 1381 in
928 1350 1105 1390 dispendium
1118 1352 1202 1382 dic‘tae
1216 1350 1294 1381 Can-

234 1391 375 1422 tuariensis
394 1375 529 1422 Ecclesiae
570 1390 611 1421 lus
630 1390 728 1421 debito
740 1391 886 1429 protelari,
905 1400 941 1420 ne
957 1389 1047 1428 (quod
1060 1390 1139 1428 absit)
1153 1390 1253 1420 exinde
1265 1391 1294 1420 in

234 1428 370 1468 Populis,
386 1430 434 1466 qui
447 1428 536 1466 ipsum
564 1428 683 1459 'lestum
693 1453 702 1466 ,
721 1437 836 1466 propter
851 1431 919 1460 vitae
934 1428 1101 1460 munditiam
1116 1452 1126 1466 ,
1144 1428 1294 1459 Pastorem

236 1467 287 1497 fibi
301 1467 359 1498 dari
371 1467 525 1497 desiderant
541 1475 604 1498 toto
617 1466 722 1506 corde,
738 1467 878 1498 suscitetur
892 1468 1073 1506 commotio,
1090 1467 1141 1505 δε,
1158 1476 1219 1497 non
1232 1467 1295 1497 abs-

234 1516 292 1544 que
308 1507 398 1545 gravis
410 1506 542 1536 Scissurae
558 1505 702 1544 periculo,
720 1516 840 1536 enorme
854 1505 1024 1537 Scandalum
1036 1507 1150 1536 oriatur.

272 1581 447 1622 Conservet,
465 1583 527 1614 &c.

84 439 101 456 ³
122 439 175 465 IV.

87 485 149 514 333-

270 1656 338 1690 Dat.
357 1658 432 1698 apud
444 1658 628 1700 Notingham
637 1684 647 1698 ,
665 1659 742 1691 stxto
757 1659 803 1691 die
812 1659 945 1699 Januarii.

404 1784 512 1816 Litera
526 1779 657 1827 ejustien‘o
675 1783 859 1828 Argumenti
873 1780 918 1814 ad
931 1779 1118 1814 Cardimzlcs.

87 1864 163 1900 Ann.
177 1867 220 1899 D.
235 1864 449 1929 VEnerabili
468 1867 497 1896 in
517 1865 643 1910 Christo
659 1865 738 1911 Patri
787 1866 933 1912 Domino.
946 1866 988 1898 G.
1010 1865 1069 1897 Dei
1087 1861 1174 1911 gratia
1187 1890 1197 1905 ,
1223 1865 1297 1911 tituli

108 1907 192 1947 1328.
322 1906 493 1936 Sandiorum
513 1904 677 1935 Marcellini
696 1906 729 1936 ὅτ,
750 1891 826 1936 l'etri
839 1906 996 1948 Presbitero
1012 1904 1169 1948 Cardinali,
1189 1904 1296 1935 Amico

86 1950 139 1975 An.
160 1955 183 1974 1.
234 1945 284 1976 suo
299 1943 455 1982 catissimo,
473 1942 642 1982 Edwardu3‚
662 1945 724 1976 &c-
742 1944 884 1983 Salutem,
901 1946 936 1976 &
958 1946 1073 1975 iincerae
1086 1943 1244 1974 dileci'donis
1255 1943 1296 1974 af-

86 1988 190 2051 ξέὶιιξῆι.
234 1983 399 2052 fedst'llrrixiiam
412 2022 483 2060 gerit
497 2020 534 2051 de
547 2013 642 2051 vestr&
655 2020 808 2052 sinceritate
828 2020 962 2052 fiduciam
986 2020 1172 2052 consideratio
1193 2021 1296 2051 mentis

235 2059 359 2098 nostrae,
378 2059 458 2097 quod
470 2061 500 2089 in
514 2059 581 2096 hiis,
601 2069 665 2097 quae
678 2059 782 2092 honori
799 2060 833 2090 &
845 2060 954 2091 utilitati
968 2061 1145 2091 conveniunt
1162 2055 1312 2090 Ecclesiae'

236 2099 404 2135 Anglicanae
413 2121 422 2134 ,
439 2107 470 2127 ut
484 2098 655 2135 extirpentur
667 2108 682 2128 a
698 2098 805 2137 Regno
821 2098 921 2129 nostro
933 2097 1063 2135 plantaria
1076 2097 1279 2129 Scandalorum
1288 2122 1298 2137 ,
1311 2121 1313 2123 -

236 2136 373 2167 Precibus
388 2134 491 2166 nostris
505 2135 625 2166 libenter
638 2146 775 2174 annuere,

237 2174 291 2205 litis
306 2176 334 2204 in
347 2174 583 2212 oportunitatibus
599 2184 688 2212 opem
703 2175 785 2205 ferre.

276 2212 357 2244 Cum
370 2215 463 2250 itaque
477 2220 594 2243 vacante
608 2223 696 2251 nuper
709 2237 719 2251 ,
738 2212 931 2244 Cantuariensi
944 2213 1086 2252 Ecclesia,
1106 2223 1156 2251 per
1171 2222 1298 2245 mortem

235 2251 470 2320 {Walterignuper
485 2250 700 2290 Archiepiscopi
712 2252 772 2283 loci
785 2252 932 2291 praediffi,
943 2251 1003 2288 &c.
1015 2259 1099 2291 prout
1111 2252 1199 2292 supra
1209 2252 1298 2293 ‚usque

258 2301 295 2320 aec
309 2301 360 2320 vei·
379 2299 413 2326 115
434 2300 496 2320 vzz.

274 2329 367 2366 Ipsum
388 2329 539 2359 Simonem
561 2335 678 2367 paterno
696 2328 885 2367 amplexantes
904 2329 1027 2368 affectu,
1047 2330 1077 2360 in
1092 2329 1296 2367 promovendo

236 2366 322 2398 dietae
341 2367 495 2398 Eleetiouis
518 2369 638 2404 negotio
653 2391 663 2406 ,
690 2367 811 2398 consiliis
827 2369 860 2399 δε
875 2368 978 2398 auxiliis
993 2367 1082 2400 velitis
1096 2368 1232 2408 dirigere,
1250 2369 1283 2399 &
1292 2392 1301 2407 ,

238 2414 270 2436 ut
292 2406 327 2435 ad
347 2414 476 2443 optatum
495 2405 621 2436 celeriter
641 2406 810 2443 perducatur
832 2405 971 2436 effestum
990 2429 1000 2445 ,
1026 2416 1110 2444 penes
1132 2407 1298 2437 Dominum

236 2444 392 2474 Summum
414 2443 586 2474 Pontificem
606 2446 785 2483 interponere
805 2455 874 2476 cum
897 2443 1022 2476 efficacia
1036 2468 1046 2484 ,
1072 2445 1140 2476 sicut
1159 2445 1194 2476 de
1209 2445 1300 2478 vestra

237 2478 407 2513 Dilectione
420 2482 607 2521 confidimus,
624 2491 714 2521 partes
729 2482 844 2514 vestras.

278 2520 349 2551 Nec
369 2521 437 2551 sinat
455 2520 639 2559 (quaesumus)
661 2521 753 2553 vestra
771 2521 890 2553 Paterna
933 2521 1059 2552 rudentia
1074 2546 1083 2561 ,
1109 2531 1245 2562 quantum
1266 2523 1300 2554 ad

237 2569 293 2590 vos
306 2560 420 2597 attinet,
439 2558 519 2598 quod
534 2560 594 2589 ram
608 2559 727 2599 Sandis,
746 2562 779 2592 ὃς
801 2571 870 2599 pura
890 2559 915 2590 E
927 2561 1003 2591 estio
1013 2584 1022 2599 ,
1039 2569 1174 2599 praetextu
1188 2562 1303 2600 alicujus

238 2597 448 2629 Reservationis
461 2622 471 2636 ,
495 2598 542 2628 seu
563 2598 672 2628 alterius
694 2599 863 2630 voluntariae
887 2598 1117 2637 Praepeditionis,
1133 2600 1232 2631 debito
1246 2601 1304 2631 fru-

206 2671 209 2673 ,
239 2636 341 2668 stretur
356 2635 481 2674 effeetu,
497 2646 535 2666 ne
549 2635 667 2666 fortassis
682 2637 714 2674 (fi
728 2636 816 2675 fieret)
838 2639 926 2677 gravis
947 2637 1048 2668 exinde
1058 2636 1088 2668 in
1104 2638 1240 2678 Populis,
1255 2641 1304 2678 qui

239 2675 330 2713 ipsum
353 2676 552 2712 proptetivitae
573 2675 741 2706 munditiam
758 2675 907 2714 Pastorem
929 2675 980 2707 fibi
999 2676 1057 2706 dari
1072 2676 1227 2709 defidera‘nt
1240 2686 1304 2709 toto

242 2713 347 2751 corde,
365 2714 468 2743 oriatur
484 2712 677 2751 Commotio,
694 2714 728 2745 &
741 2723 860 2745 enorme
874 2713 1048 2745 scandalum
1057 2716 1215 2755 suscitetur,
1229 2717 1302 2748 crim

241 2751 324 2781 valde
345 2750 451 2781 durum·
467 2750 520 2788 sit,
540 2752 574 2781 &
595 2761 610 2781 a
631 2753 711 2782 redio
723 2752 842 2790 Judicio
866 2753 1009 2792 alienum,
1026 2754 1122 2785 nostra
1136 2755 1306 2794 &ipsorum

244 2789 411 2820 Eletstorum
422 2790 484 2827 jura
499 2798 515 2817 a
529 2790 611 2819 nobis
624 2791 658 2820 ὃς
670 2789 733 2828 ipsis
744 2791 853 2821 auferre
865 2791 955 2822 taliter
966 2791 1069 2831 absque
1083 2792 1193 2832 Causa,
1209 2795 1287 2833 quod
1296 2820 1306 2834 ,

244 2828 266 2870 s¹.
278 2826 437 2871 aliquando
449 2826 609 2871 toleratum
621 2829 729 2866 extitit,
746 2839 807 2859 non
818 2831 922 2869 poterit
936 2839 1031 2862 tamen
1040 2854 1051 2870 ‚
1069 2831 1126 2862 sine
1139 2834 1238 2872 grandi
1253 2833 1306 2864 Pe—

244 2865 353 2902 nculo,
370 2865 473 2895 diutifis
487 2863 621 2895 sustineri.
816 2880 818 2885 ·

794 2137 845 2175 &‚
863 2145 894 2167 ut
908 2137 1057 2168 sortiantur
1072 2135 1228 2176 effestum,
1248 2146 1298 2169 ve-

280 2939 371 2972 Teste
386 2939 471 2980 Rege
485 2947 517 2971 ut
531 2940 618 2980 supra.

378 3014 494 3048 Eodem
506 3017 598 3049 modo
612 3017 778 3051 mandatum
793 3020 835 3050 est
849 3020 1021 3061 subscriptis3
1037 3023 1183 3062 videlicet,

281 3093 398 3124 Domino
411 3095 447 3124 G.
462 3093 538 3124 tituli
552 3096 647 3124 Sanffi
664 3099 762 3126 Ciriaci
775 3099 805 3126 in
819 3099 920 3127 Termis
934 3098 1084 3129 Pmbitero
1101 3099 1261 3140 Cardindi,

284 3135 398 3162 Domino
413 3136 448 3163 G.
462 3134 572 3163 Sari-6312
587 3137 681 3164 Luciae
695 3138 723 3164 in
738 3134 814 3165 Silice
829 3139 950 3166 Diacono
965 3137 1123 3176 Cardinali,

283 3174 400 3201 Domino
412 3174 447 3201 G.
463 3171 584 3215 Epzsfopo
597 3172 734 3213 Sabinenfi
747 3175 854 3204 sancia
870 3177 999 3205 Romana>
1011 3175 1134 3214 Eccleftae
1149 3176 1307 3216 Cardinali,

286 3212 401 3239 Domino
418 3212 451 3240 P.
461 3211 583 3248 Episcopo
596 3212 733 3252 Portuenfi
746 3214 853 3242 Sandlae
871 3216 1000 3243 Romame
1015 3214 1135 3255 Ecclefiae
1148 3216 1290 3246 Cardinali
1298 3241 1308 3256 ,

283 3250 400 3277 Domino
414 3251 448 3277 R.
460 3248 491 3277 de
504 3252 600 3286 Farges
610 3251 719 3279 Santft'ae
735 3253 838 3280 Maria>
851 3253 944 3281 Novae
956 3256 1076 3283 Dracone
1092 3253 1249 3292 Cardinali,

282 3289 396 3354 1)σὲιῖΖο
414 3288 458 3316 W.
477 3285 600 3326 Epifiopo
615 3287 767 3329 Albanensz
782 3288 906 3330 Epifiopo
923 3294 1049 3321 Romame
1064 3292 1188 3333 Ecclcfiae
1209 3294 1308 3324 Cardi-

392 3347 403 3362 9

287 3364 402 3393 Domino
417 3365 454 3392 L.
469 3364 578 3393 Sanaeae
594 3367 699 3394 Maria·
710 3368 740 3393 in
754 3367 810 3395 Via
824 3365 884 3395 lata
898 3370 1019 3399 Diacono
1037 3369 1195 3409 cardinali,

287 3404 404 3432 Domino
418 3403 450 3430 P.
465 3402 558 3430 Sancti
569 3402 672 3439 Angeli
688 3405 810 3433 Diacono
827 3405 987 3445 cardinali,

287 3441 305 3461 ³*
322 3443 436 3470 Domino
451 3441 492 3469 A.
501 3440 595 3469 Sancti
608 3440 749 3480 Eustachii
764 3444 885 3472 Diacono
899 3444 1059 3484 Cardmali',

287 3481 402 3509 Domino
417 3481 450 3508 A
466 3479 573 3507 SanHae
588 3482 690 3509 Μανία)
707 3482 736 3508 in
752 3482 859 3510 Porticu
874 3484 994 3511 Diacono
1010 3483 1169 3524 Cardimzli,

288 3520 404 3547 Domino
420 3520 453 3547 P.
469 3515 551 3546 tituli*
560 3518 668 3547 Sanes‘i‘ae
682 3516 810 3557 Sustmnae
824 3519 976 3550 Presbitero
989 3522 1148 3561 eardwalf,

288 3559 404 3587 Domino
417 3559 451 3585 Β,
467 3556 573 3584 Sasfflae
588 3558 691 3585 Mariae
704 3559 733 3585 in
747 3560 857 3597 Aquiro
869 3560 989 3588 Diacono
1005 3560 1162 3599 cardinali,

287 3598 405 3626 Domino
417 3596 459 3631 N.
471 3595 566 3624 Sana}
574 3594 698 3623 Adriani
711 3597 832 3626 Diacono
846 3597 995 3627 Cardinali.

288 3637 405 3664 Domino
418 3632 454 3672 J.
469 3633 563 3663 Saneli
576 3631 709 3662 Theodori
722 3636 843 3664 Diacono
857 3636 1014 3675 cardinali,

288 3675 405 3703 Domino
418 3670 549 3702 Arnaldo
562 3670 593 3700 de
608 3673 692 3700 Doza
707 3673 817 3702 Domini
828 3676 930 3704 Summi
941 3675 1079 3716 Por-afficis
1094 3678 1246 3715 Germano,

287 3715 404 3743 Domino
420 3713 502 3740 Petro
515 3710 546 3740 de
561 3713 617 3740 Via
631 3712 741 3740 Domini
754 3715 855 3742 Summi
868 3712 1007 3755 Pontificis
1019 3716 1128 3754 Nepoti.

103 3444 120 3462 ⁶
140 3445 193 3473 IV.

103 3491 170 3519 334-

107 3813 181 3843 Ann.
198 3812 237 3843 D.

127 3851 212 3890 1328.

105 3894 158 3918 An.
175 3900 199 3918 ι.

104 3932 136 3956 Ε.
157 3937 181 3965 3·

102 3971 169 3994 Scot.
183 3975 212 3994 ἵ.

104 4008 217 4042 E.3.m.

110 4051 135 4070 ii.

261 3845 310 3877 De
327 3843 480 3891 honorifice
510 3844 668 3891 recipiendo
695 3847 819 3878 Centum
842 3847 984 3892 Personas
1006 3844 1042 3880 de
1057 3850 1177 3891 scotia,
1202 3859 1311 3883 ventu-

464 3906 518 3928 ras
534 3894 577 3927 ad
593 3892 788 3927 trattamlum
799 3894 891 3940 fhper
900 3894 993 3939 finali
1014 3899 1104 3930 Pace.

323 3975 409 4016 EX,
426 3977 587 4016 Venerabili
599 3983 628 4011 in
643 3978 761 4010 Christo
775 3979 875 4018 Patri,
901 3979 937 4010 L.
951 3979 1051 4012 eadem
1064 3980 1152 4022 grati&
1164 4007 1176 4022 ,
1191 3976 1311 4015 Dunol-

337 4016 424 4049 menfi
435 4015 540 4059 Episco
560 4030 597 4058 o,
614 4019 749 4050 Salutem.

290 4049 374 4099 Qum
386 4051 520 4087 Centum
566 4058 674 4090 ersonae
689 4081 699 4095 ,
729 4056 846 4096 Equites
861 4055 899 4088 de
912 4057 1026 4099 Scotia,
1043 4058 1313 4100 infiaRegnumno-

1341 150 1821 198 PUBLICA.
2363 171 2385 211 5

1338 235 1428 266 strui-n
1444 238 1529 275 usque
1541 239 1688 284 Eborum,
1703 241 1737 272 ad
1751 240 1929 274 tradtandum
1942 242 2023 281 super
2034 241 2189 281 aliquibus,
2205 240 2319 273 finalem
2331 241 2388 274 Pa-
2404 240 2482 271 Anii„
2492 242 2536 273 D.

1331 284 1396 304 cern
1411 275 1446 304 &
1458 275 1654 319 Concordiam
1665 280 1736 309 inter
1750 290 1820 318 nos,
1836 282 1870 312 &
1883 280 1994 320 nostros
2007 280 2150 319 subditos,
2167 290 2201 312 ac
2217 281 2384 320 Magnam,
2426 281 2512 319 1328..

1333 313 1367 342 &
1385 312 1510 380 Nobiles
1523 337 1533 352 ,
1558 317 1729 355 caeterosque
1745 318 1782 349 de
1803 319 1896 351 Terra
1917 319 2022 351 Scotiae
2034 343 2046 358 ,
2068 320 2316 359 contingentibus,
2334 320 2387 351 sint
2404 321 2471 347 flav.
2486 328 2518 354 30

1332 360 1387 381 ven
1403 361 1478 390 urae,

1372 388 1463 419 Vobis
1484 391 1647 438 mandamus
1662 394 1747 431 'quod
1768 396 1913 432 praedie‘tas
1925 418 1935 434 ‚
1957 396 2086 428 Centum
2107 396 2256 434 petronas,
2274 396 2344 427 crim
2357 395 2393 427 ad

1331 435 1420 470 partes
1440 427 1624 473 Episcopatus
1648 431 1733 461 vestri
1758 433 1960 466 declinaverint
1974 460 1984 473 ,
2004 435 2163 466 honorifice
2177 435 2335 473 recipiatis,
2352 435 2387 466 &

1332 465 1397 509 ipsas
1412 475 1461 505 per
1474 466 1608 511 Subditos
1622 470 1728 501 vestros
1743 470 1845 502 faciatis
1857 472 1977 503 honeste
1991 475 2025 505 ὅτ
2038 473 2227 504 favorabiliter
2238 473 2389 511 peritnen-

1331 513 1354 533 τι
1367 515 1377 541 .·,
1393 514 1453 548 non
1467 514 1659 542 permittentes
1672 509 1775 551 eisdem
1790 509 1918 541 Personis
1927 535 1936 549 ,
1954 512 1999 542 seu
2013 522 2108 543 earum
2122 511 2314 543 Garcionibus
2329 534 2339 550 ,
2358 513 2388 542 in

1334 541 1479 586 Personis,
1496 552 1543 574 aut
1558 544 1654 575 Rebus
1669 546 1738 586 suis,
1757 547 1906 588 injuriam,
1926 549 2110 588 Molestum,
2128 550 2388 588 Impedimentum‚

1336 579 1514 619 Vuuperium
1532 606 1542 620 ,
1564 591 1610 614 aut
1631 584 1793 615 Gravamen
1816 586 1933 624 inferri,
1964 588 2002 619 set
2021 590 2059 618 eis
2078 589 2185 620 salvum
2206 590 2239 620 &
2261 588 2390 619 securum

1335 617 1546 658 Conduetum,
1572 631 1621 658 per
1643 622 1845 661 Episcopatum
1863 624 1989 656 vestrum
2004 627 2190 665 praedictum,
2207 627 2228 657 fi
2242 636 2314 668 opus
2328 626 2390 658 fue-

1335 659 1370 688 rit
1378 680 1388 695 ,
1403 658 1507 689 habere
1519 661 1632 689 faciatis.

1372 733 1463 765 Teste
1475 734 1562 774 Rege
1573 735 1648 774 apud
1661 735 1807 776 Eborum,
1825 739 1962 771 vicesimo
1976 740 2099 771 secundo
2113 740 2159 772 die
2169 741 2303 780 Januarii.

2016 819 2070 846 Per
2084 816 2164 856 ipficm
2177 820 2281 855 Regem.

1338 884 1454 916 Eodem
1475 887 1566 919 modo
1586 889 1751 921 mandatum
1770 888 1824 958 estd
1833 889 2013 958 siilibscriptis3
2035 893 2148 923 mutatis
2166 892 2304 924 mutandis
2318 915 2328 931 ‚
2345 892 2390 924 vi*

1825 938 1841 959 e
1862 937 1922 966 cet,

1375 1004 1527 1033 Vicecomiti
1540 1004 1679 1044 Eborum,

1375 1043 1404 1070 V
1402 1045 1529 1071 icecomiti
1543 1042 1738 1072 Norhumbriae

1375 1079 1481 1118 Majori
1496 1077 1534 1114 &0
1547 1080 1670 1111 Ballivis
1684 1084 1712 1111 V
1712 1066 1766 1112 ilde
1782 1082 1861 1111 Novi
1873 1080 1962 1121 castri
1968 1080 2047 1121 sieper
2061 1084 2173 1123 Tynam.

1523 1204 1572 1237 De
1592 1203 1746 1238 Conduflu
1761 1215 1816 1251 pro
1835 1203 1922 1237 ditiis
1940 1214 2056 1237 centum
2073 1205 2216 1252 Personis.

1339 1287 1474 1349 REX
1511 1288 1644 1320 universis
1658 1290 1692 1321 ὅτ.
1706 1288 1819 1329 singulis
1830 1288 2073 1327 Vicecomitibus,
2092 1288 2219 1329 Ballivis,
2238 1290 2395 1330 Ministris,
2417 1286 2493 1318 Anna
2506 1287 2552 1319 D.

1338 1365 1372 1395 ἃ
1418 1312 1598 1395 ξζιέἀεῑὼυε
1617 1328 1687 1367 suiS,
1704 1329 1765 1360 tarn
1779 1328 1854 1359 infra
1866 1327 2039 1366 LibertateS,
2058 1328 2147 1366 quam
2161 1337 2254 1367 extra,
2271 1330 2306 1360 ad
2322 1341 2394 1368 quos
2423 1327 2526 1392 Alssss-

1374 1375 1399 1395 c.
1441 1374 1553 1397 autem.
2449 1377 2473 1393 ⁷1·
2493 1375 2517 1392 ln

1376 1403 1473 1435 Sciatis
1495 1404 1576 1442 quod
1593 1405 1760 1444 suscepimus
1780 1406 1810 1435 in
1828 1404 2045 1436 Proteffionem
2066 1405 2101 1436 &
2121 1404 2330 1436 Defensionern
2345 1416 2399 1437 no-
2420 1408 2451 1431 Ε·
2472 1413 2498 1439 3·

1339 1441 1424 1472 stram
1433 1465 1443 1481 ,
1458 1453 1575 1474 necnon
1588 1444 1693 1475 salvum
1709 1445 1743 1476 δε
1758 1444 1887 1475 securum
1900 1443 2090 1474 Condueium
2102 1442 2234 1475 nostrum
2270 1442 2400 1475 Centum
2419 1442 2522 1470 Ibidmo

1339 1479 1493 1524 Personas,
1510 1481 1626 1520 Equites
1647 1483 1683 1513 de
1700 1482 1799 1513 Scotifi
1810 1506 1820 1521 ,
1837 1482 2039 1520 cujuscumque
2054 1481 2147 1512 Status
2159 1482 2206 1513 seu
2219 1468 2402 1514 (fonditionis

1340 1518 1457 1550 ex1stant
1465 1542 1474 1557 ,
1492 1530 1525 1550 ac
1539 1530 1640 1551 eorum
1650 1521 1810 1552 Garciones
1834 1522 1862 1551 in
1874 1520 2017 1552 veniendo
2029 1520 2101 1551 infra
2113 1520 2255 1558 Regnum
2270 1521 2400 1552 nostrum

1339 1557 1427 1595 usque
1442 1557 1590 1597 Eborum,
1608 1569 1676 1589 cum
1689 1559 1794 1598 Equis,
1811 1545 1955 1589 f-lernesiis
1989 1559 2023 1590 &
2038 1558 2138 1589 Rebus
2149 1559 2202 1590 suis
2217 1559 2401 1598 quibuscum·

1338 1605 1396 1638 que
1403 1618 1418 1634 ,.
1427 1596 1461 1626 ad
1480 1597 1657 1627 tra&mdum
1675 1597 1755 1635 super
1774 1598 1931 1635 aliquibus,
1949 1581 2061 1628 fi'nalem
2077 1596 2184 1629 Pacem
2206 1598 2241 1629 ὃς·
2263 1597 2402 1629 Concor-

1338 1634 1430 1672 diam,
1451 1635 1522 1664 inter
1543 1645 1594 1665 nos
1610 1660 1620 1673 ,
1638 1637 1672 1666 &
1686 1636 1799 1666 nostros
1814 1635 1963 1673 SubditOS,
1980 1645 2013 1666 ac
2028 1634 2191 1675 Magnam,
2206 1637 2241 1668 δε
2253 1636 2401 1676 Nobiles,

1340 1672 1514 1711 caeterosque
1533 1673 1569 1704 de
1590 1674 1681 1705 Terra
1702 1674 1812 1705 Scotiae
1827 1698 1837 1713 ,
1854 1674 2101 1713 contingentibus,
2119 1674 2228 1706 ibidem
2242 1675 2401 1716 morando,

1340 1711 1375 1742 &
1388 1711 1489 1742 exinde
1500 1712 1654 1743 redeundo.

1377 1749 1416 1780 Et
1428 1750 1494 1781 ideo
1510 1751 1592 1782 vobis
1607 1752 1641 1782 &
1652 1751 1783 1782 vestrum
1797 1750 1914 1782 cuilibet
1924 1749 2049 1782 distriae
2062 1750 2241 1790 inhibemus,
2258 1749 2403 1791 &aproni

1339 1787 1411 1818 alids
1426 1792 1456 1818 in
1471 1789 1642 1830 confimilihus
1656 1793 1769 1820 Literis.

1377 1826 1413 1857 In
1435 1828 1513 1866 cujus
1521 1851 1530 1866 ‚
1544 1828 1604 1859 &c.
1622 1829 1709 1867 usque
1727 1829 1762 1859 ad
1773 1829 1852 1860 diem
1861 1827 2050 1859 Dominicam
2064 1829 2093 1859 in
2105 1827 2204 1859 medio
2213 1827 2404 1868 Qadragefi-

1340 1875 1398 1896 mae
1413 1868 1547 1903 proximo
1562 1867 1683 1898 futuram
1700 1867 1849 1898 duraturas.

1378 1941 1468 1973 Teste
1480 1942 1564 1982 Rege
1575 1942 1647 1981 apud
1661 1942 1793 1973 Eborum
1801 1967 1811 1982 ,
1828 1942 1968 1975 vicesimo
1981 1942 2105 1974 secundo
2121 1941 2168 1973 die
2175 1942 2308 1987 Januarii.

2032 2021 2086 2049 Per
2099 2018 2181 2057 ipfitm
2193 2021 2301 2056 Regem.

1553 2148 1600 2180 De
1618 2146 1820 2187 Providenriis
1835 2144 1986 2191 faciendis
1996 2157 2051 2192 pro
2070 2144 2185 2191 iisdem.

1342 2232 1436 2294 RE
1445 2232 1495 2270 X,
1513 2232 1648 2264 universis
1663 2233 1698 2264 &
1712 2232 1822 2270 singulis
1836 2232 2082 2270 vicecomitibus,
2100 2229 2231 2268 Ballivis,
2243 2228 2403 2270 Ministris,
2427 2228 2504 2259 Ann.
2516 2228 2559 2261 D.

1342 2311 1376 2341 ἃ
1423 2271 1612 2340 {SSchidelibus
1627 2271 1697 2315 suis,
1716 2272 1777 2303 tam
1789 2270 1861 2301 infra
1875 2271 2046 2309 Libertates,
2064 2269 2152 2309 quam
2166 2277 2260 2307 eXtta,
2276 2269 2312 2299 ad
2327 2279 2401 2308 quos
2448 2269 2534 2308 1328.

1378 2320 1404 2340 c.
1444 2320 1458 2340 a
1470 2319 1557 2341 utem.

1383 2347 1464 2379 Cum
1480 2349 1594 2387 quidam
1611 2348 1775 2388 Magnates,
1793 2349 1826 2380 ὃς
1841 2348 1986 2386 Nobiles,
2001 2346 2037 2377 de
2050 2346 2144 2378 Terra
2156 2345 2278 2385 Scotiae,
2296 2348 2345 2386 qui
2361 2347 2404 2380 in-
2425 2350 2455 2373 E·
2477 2355 2503 2384 3·

1343 2387 1384 2417 fra
1398 2387 1445 2417 Re
1464 2397 1535 2417 num
1548 2387 1678 2417 nostrum
1693 2389 1779 2425 usque
1792 2387 1922 2418 Eborum
1933 2409 1943 2425 ,
1960 2386 1996 2416 ad
2009 2385 2186 2416 tradi-andum
2206 2384 2286 2422 super
2306 2385 2406 2423 aliqui·
2425 2384 2532 2422 Ibidem,

1344 2426 1396 2456 bus
1405 2448 1416 2464 ‚
1454 2426 1548 2456 nalem
1562 2423 1668 2456 Pacem
1689 2426 1723 2456 ὃς
1742 2424 1962 2463 Concordiam,
1979 2426 2051 2454 inter
2063 2433 2117 2453 nos
2129 2424 2163 2455 ὅτ,
2177 2422 2290 2454 nostros
2303 2423 2408 2454 Subdi-

1344 2472 1389 2495 tos
1400 2487 1410 2503 ,
1435 2474 1468 2495 ac
1492 2464 1566 2502 ipsos
1589 2463 1738 2504 Magnates
1750 2486 1760 2502 ,
1779 2465 1812 2495 δε
1827 2463 1969 2501 Nobiles,
1986 2461 2159 2500 caeterosque
2175 2461 2212 2492 de
2224 2461 2300 2492 dieta
2312 2461 2408 2494 Tertii

1345 2502 1469 2540 Scotiae,
1486 2503 1714 2541 contingentibus
1727 2525 1737 2541 ,
1762 2502 1824 2532 sunt
1839 2503 1970 2539 venturi,
1988 2502 2102 2531 mittant
2124 2499 2295 2530 Duodecim
2308 2499 2408 2532 Perso-

1346 2550 1394 2572 nas
1410 2564 1419 2579 ‚
1440 2541 1555 2580 Equites
1575 2542 1612 2571 de
1631 2541 1730 2572 Scotia
1742 2563 1752 2579 ,
1774 2540 1864 2579 usque
1883 2541 1903 2560 ’κ
1928 2540 2039 2570 dicium
2068 2539 2169 2569 locum
2192 2538 2326 2570 Eborum
2341 2563 2351 2578 ,
2374 2539 2409 2572 ad
2430 2544 2446 2561 ¹*
2464 2546 2516 2572 IV,

1346 2579 1465 2612 diversas
1488 2579 1678 2618 providentias
1692 2604 1701 2618 ,
1726 2588 1826 2610 contra
1845 2577 1999 2610 adventum
2017 2577 2162 2620 diCtorum
2183 2576 2235 2619 Ma
2255 2586 2352 2609 natum
2375 2579 2409 2610 &
2433 2592 2496 2621 335·

1347 2618 1504 2649 Nobilium
1543 2618 1649 2649 ibidem
1663 2618 1842 2656 faciendum,
1861 2617 2029 2655 suscepimus
2045 2640 2055 2656 ,
2076 2617 2144 2655 ipias
2158 2614 2230 2646 Duo
2252 2625 2327 2646 ecim
2340 2616 2410 2647 Per-

1346 2658 1426 2688 sonas
1449 2658 1478 2688 in
1500 2641 1716 2688 ssroteffionem
1737 2657 1769 2688 δί
1791 2655 2001 2687 Defensionem
2014 2654 2156 2698 nostram,
2174 2664 2291 2684 necnon
2304 2655 2411 2687 salvum

1348 2696 1520 2729 &securum
1538 2696 1728 2727 Conduffmm
1740 2694 1871 2726 nostrum
1905 2693 1965 2729 &a
1984 2701 2065 2732 prout
2079 2697 2108 2723 in
2119 2691 2242 2732 ejusmodi
2257 2695 2371 2724 Laeris.
2406 2707 2409 2709 ·

1384 2734 1419 2766 In
1434 2735 1529 2773 cujus,
1542 2736 1603 2767 &c.
1623 2735 1708 2773 usque
1721 2734 1756 2764 ad
1775 2733 1852 2764 diem
1865 2717 2055 2764 bominicam
2068 2732 2098 2762 in
2111 2730 2208 2761 medio
2218 2731 2406 2772 Quadragefi-

1350 2783 1407 2805 mae
1421 2774 1558 2814 proximo
1571 2774 1697 2804 futuram
1711 2773 1861 2804 duraturas,

2403 2321 2406 2325 >
2426 2310 2479 2335 An.
2498 2317 2524 2335 ι.

1363 2880 1366 2882 ,
1387 2850 1476 2883 Teste
1492 2850 1575 2890 Rege
1588 2850 1662 2889 apud
1676 2849 1828 2888 Eborum,
1845 2847 1981 2880 vicesimo
1993 2845 2118 2879 secundo
2133 2846 2179 2878 die
2189 2845 2323 2886 Januarii.

2033 2926 2088 2954 Per
2103 2922 2184 2964 ipfitm
2198 2925 2306 2962 Regem.

1582 3053 1631 3084 De
1651 3051 1770 3097 ‘Treuga
1786 3061 1855 3082 cum
1870 3051 1964 3082 Scotis
1980 3046 2178 3095 observanda.

1350 3133 1483 3196 REX
1493 3158 1504 3174 ,
1522 3135 1630 3166 diieffis
1643 3136 1677 3166 ει
1693 3134 1819 3167 fideiibus
1830 3116 1900 3174 suis}

1349 3214 1467 3243 Henrico
1481 3214 1513 3242 de
1527 3215 1626 3252 Percy,

1350 3251 1489 3290 Radulpho
1500 3253 1531 3281 de
1545 3248 1663 3291 Nevill‚

1349 3293 1448 3326 Rogero
1467 3293 1578 3329 Heron,

2426 3139 2558 3172 Ann.D⁴²

1897 3211 2004 3242 Thomae
2034 3210 2066 3239 de
2092 3203 2343 3249 Fetherstanhalgh'
2356 3212 2405 3240 Se-
2423 3181 2533 3248 „417323'

1896 3260 2014 3318 Thzlr‘lzlss’
2030 3286 2061 3316 de
2082 3285 2324 3326 Fetheaestanhalgh
2343 3285 2403 3325 Ju-
2420 3261 2525 3325 {ias-,32-

1350 3328 1473 3359 Gilberto
1483 3329 1515 3359 de
1526 3329 1704 3371 Bourondon,
1931 3328 2016 3362 niori,
2057 3366 2062 3372 .
2422 3338 2454 3362 Ε.
2471 3344 2495 3371 3,
2507 3341 2534 3372 Ρ·

1350 3367 1465 3397 Roberto
1479 3369 1510 3397 de
1525 3367 1674 3406 Hornclyf,
1898 3366 1939 3393 Et
1954 3366 2062 3401 Hugom
2075 3363 2107 3394 de
2124 3363 2230 3402 Wales,
2427 3380 2437 3399 1
2465 3382 2500 3401 m,
2514 3379 2561 3410 374

1350 3406 1464 3436 Roberto
1477 3407 1509 3436 de
1525 3409 1639 3436 splanerx
1647 3429 1658 3445 ‚
1898 3402 2032 3434 Salutem.

1387 3483 1485 3515 Sciatis
1520 3483 1580 3514 uod
1715 3505 1718 3510 .

1390 3522 1471 3553 Cum
1491 3494 1672 3559 filiper'inter
1690 3519 1803 3553 nostros
1817 3518 1954 3549 Nuncios
1975 3527 2009 3548 ex
2022 3525 2100 3555 parte
2110 3516 2166 3546 una
2175 3538 2184 3554 ‚
2197 3525 2231 3559 ae
2244 3513 2406 3556 Magnatae,

1353 3561 1387 3591 &
1401 3560 1526 3591 Nobiles
1540 3584 1549 3598 ,
1568 3559 1742 3597 caeterosque
1755 3558 1792 3591 de
1805 3556 1919 3595 Scotia,
1938 3555 2067 3594 qufflam
2081 3554 2249 3598 Sufferentia
2262 3554 2404 3595 Guerrae,

1353 3600 1398 3630 seu
1413 3599 1545 3638 Treuga,
1563 3608 1651 3636 nuper
1666 3598 1732 3628 inita
1743 3596 1852 3633 fuiffet,
1869 3596 1901 3626 δε
1918 3594 2041 3632 firmata,
2059 3593 2145 3632 usque
2157 3592 2192 3622 ad
2204 3592 2280 3622 diem
2296 3593 2404 3624 Domi-

1353 3639 1465 3676 nicam,
1483 3639 1513 3669 in
1524 3636 1623 3668 medio
1635 3634 1866 3674 Qiadragefimae
1875 3657 1884 3671 ,
1902 3634 2039 3670 proximo
2053 3632 2176 3675 futuram
2186 3631 2326 3675 duraturas
2337 3657 2347 3671 ,

1390 3677 1459 3708 Nos
1474 3676 1673 3707 Suffetentiam
1686 3674 1719 3704 &
1734 3674 1882 3709 Treugam
1895 3671 2056 3709 praedictas,
2074 3680 2103 3699 in
2117 3670 2252 3713 omnibus
2264 3671 2299 3701 ὃς
2313 3670 2406 3711 fingu-

1350 3715 1382 3746 lis
1405 3716 1457 3746 suis
1478 3714 1608 3745 Articulis
1621 3737 1631 3751 ,
1655 3720 1789 3751 quatenus
1811 3710 1846 3741 ad
1867 3708 1936 3739 Nos
1954 3710 1988 3739 &
2007 3707 2119 3739 nostros
2134 3707 2269 3752 Subditos
2283 3709 2404 3749 attinet,

1348 3753 1476 3785 volentes
1492 3752 1686 3783 inviolabiliter
1701 3749 1854 3787 observari,
1872 3758 1904 3778 ac
1919 3747 1956 3777 de
1966 3746 2220 3785 circumspeetione
2233 3746 2326 3778 vestra
2358 3758 2407 3779 ro·-

1349 3791 1418 3823 vida
1432 3792 1537 3830 plenius
1550 3789 1741 3826 confidentes,
1758 3786 1957 3824 assignavimus
1971 3795 2040 3823 vos,
2058 3785 2160 3824 Οξὶο,
2178 3785 2314 3824 Septem,
2353 3795 2406 3826 ex,

1352 3830 1506 3869 Quique,
1524 3830 1669 3866 Quatuor,
1687 3827 1774 3863 Tres,
1792 3826 1826 3859 &
1842 3825 1926 3856 Duos
1940 3823 2069 3856 vestrum
2080 3847 2092 3863 ,
2109 3823 2142 3855 ad
2155 3823 2243 3855 dietas
2257 3823 2404 3856 Sufferen-

1350 3870 1418 3900 tiam
1432 3869 1466 3900 &
1479 3868 1624 3906 Treugam
1638 3867 1668 3896 in
1684 3864 1834 3895 Comitatu
1848 3863 2088 3901 Northumbriae,
2106 3863 2165 3894 tam
2186 3862 2257 3894 infra
2270 3862 2404 3894 Libertas

1350 3914 1391 3938 tes
1405 3931 1415 3946 ‚
1441 3906 1528 3944 quarn
1550 3913 1625 3935 exrra
1641 3927 1650 3943 ,
1673 3905 1707 3935 ὃς
1719 3903 1842 3941 partibus
1854 3902 1997 3934 Marchiae
2009 3901 2081 3932 illius
2114 3900 2349 3941 custodiendum,
2366 3903 2402 3933 δε

1349 3945 1384 3976 ad
1411 3944 1543 3976 Subditos
1571 3943 1682 3973 nostros
1697 3966 1707 3980 ,
1732 3941 1856 3981 Transgr
1876 3939 1961 3971 ssores
1983 3949 2079 3971 earum
2100 3949 2148 3970 em
2167 3939 2348 3971 Sufferentiae
2365 3941 2400 3970 δε

1349 3983 1474 4022 Treugae
1491 4006 1500 4021 ‚
1526 3981 1720 4018 castigandum
1734 4004 1744 4019 ,
1760 3981 1794 4011 &
1809 3980 1987 4018 puniendum
1996 3978 2074 4018 juxta
2086 3977 2211 4010 formam
2222 3978 2402 4010 Sufferentiae

1352 4023 1386 4054 &
1399 4023 1524 4060 Treugae
1538 4019 1753 4059 praedietarum,
1776 4038 1778 4040 v
1812 4036 1815 4041 -

1390 4059 1428 4092 Et
1441 4059 1509 4091 ideo
1525 4060 1608 4092 vobis
1623 4057 1790 4091 mandamus
1805 4055 1886 4126 qugd
1905 4055 2107 4090 Sufferentiam
2125 4057 2161 4090 ὅτ
2172 4057 2319 4095 Treugam
2332 4061 2403 4121 prg-
