2562 4279
161 162 210 213 78

2 243 78 275 Anu.
95 242 137 275 D.
197 244 234 275 Et
249 242 282 275 ad
298 242 500 280 Colligationes
514 244 546 274 &
556 236 1212 277 Cmifoederationesspecialesinterpraedistum

27 291 110 321 ¹332·
157 283 318 314 Dominum
334 281 444 320 Regem
456 282 489 311 &
505 281 572 311 Nos
584 279 760 316 faciendum,

2 322 69 348 Σάιν.
91 332 116 358 3.
195 322 298 352 Dietos
312 319 483 357 Epii‘copos,
502 318 708 354 W'illielmum,
727 317 945 355 &johannem
961 325 1080 354 omnes,
1097 313 1211 357 tresfssx‘

156 359 228 390 duos
248 368 349 388 eorum
371 359 505 395 (quorum
530 357 658 394 praefatus
679 355 867 386 Cancellarius
888 354 984 385 noster
999 354 1031 385 sit
1045 354 1127 389 unus)
1144 352 1211 382 faci-

158 407 237 434 mus,
255 396 435 433 ordinamus,
456 396 489 425 &
504 395 703 426 constituimus
719 394 831 424 nostros
845 393 1045 423 Procuratores
1065 394 1099 423 &
1121 391 1155 421 N
1159 400 1211 421 un-

157 437 215 466 cio<
231 434 366 472 speciales.

193 473 301 503 Dantes
315 473 371 510 eis,
387 471 511 509 Tribus,
526 472 560 502 &
575 471 699 502 Duobus
712 480 812 501 eorum
830 471 967 508 (quorum
983 469 1110 507 praefatus
1132 466 1211 510 Can7

156 512 279 541 cellarius
294 510 389 540 noster
404 510 435 539 sit
448 510 530 547 unus)
547 510 658 548 plenam
673 510 706 540 &
721 509 867 547 specialem
887 507 1060 538 Potestatem
1083 505 1210 537 firmandi

155 559 203 587 ea,
221 559 284 587 quae
300 550 417 579 nomine
432 548 532 578 nostro
545 551 573 578 in
589 549 641 579 hac
655 558 732 587 parte
745 548 859 577 trac'tata
874 547 977 577 fuerint
998 547 1031 576 ὅσ
1053 543 1211 576 concorda-

154 595 198 625 ta,
218 588 311 618 modis
322 588 420 625 licitis,
437 588 535 625 quibus
551 586 690 618 videbitur
704 586 833 624 expedire
846 597 856 624 ·,
874 584 980 616 Rarum
994 585 1028 615 &
1040 583 1155 615 firmum
1162 581 1211 612 ha-

152 626 236 656 bituri
250 625 468 664 quicquid‚&c.
484 626 614 665 utsupra.

191 701 258 733 Dat.
274 711 304 733 ut
316 701 403 740 supra.

378 833 438 869 Ad
450 832 658 867 Trafilandum
681 834 772 880 fhper
786 831 983 880 Sponshlibus.

224 921 567 962 Niverfis,&c.utficpra
581 923 658 963 usque
670 921 706 951 ibi
720 922 765 953 seu
780 920 942 960 deputandis
953 920 989 951 ab
1001 918 1062 957 ipso
1071 916 1208 957 ,tun-estc,

241 963 319 1001 super
335 962 542 999 Matrimonio,
560 962 594 992 &
608 960 771 999 sponsaliis,
790 962 860 991 inter
874 959 1045 990 Edwardum
1058 954 1209 988 Comitem

154 1002 274 1034 Cestrize
289 1025 299 1038 ,
323 1001 425 1030 Filium
446 999 576 1030 nostrum
597 999 824 1036 primogenitum
837 1023 845 1035 ,
870 999 903 1029 δε
922 997 1084 1036 johannam
1110 995 1207 1025 Filiam

155 1042 225 1072 dic‘ti
241 1039 331 1076 Regis
346 1039 369 1068 F
371 1040 473 1069 tanciae
489 1039 715 1075 (matrimonium
729 1039 816 1069 etiarn
831 1037 876 1067 seu
884 1035 1035 1074 sponsalia)
1046 1033 1208 1064 nornine&

154 1082 221 1112 vice
234 1079 300 1109 dieti
316 1078 377 1108 Filii
388 1077 478 1110 nostri
493 1076 706 1113 contrahendis,

192 1118 237 1149 Ac
259 1119 342 1148 etiam
365 1115 445 1154 super
467 1115 549 1146 Dote
571 1115 617 1145 seu
635 1114 792 1154 Dotalitio,
810 1114 903 1144 eidem
920 1112 1060 1152 Johannae
1070 1109 1210 1148 affignan-

153 1157 188 1189 da

190 1181 418 1232 fitiitismodique
434 1192 670 1229 Matrimonium,
688 1191 733 1221 seu
747 1190 885 1228 Sponsalia
898 1189 1082 1228 juramento,
1101 1188 1134 1219 δε
1154 1187 1210 1217 aliis

153 1234 248 1273 poenis
262 1233 363 1271 licitis,
381 1231 540 1261 vallandum
555 1231 587 1261 ὃς
607 1229 793 1267 firmandum,

192 1272 260 1302 Nec
284 1281 344 1301 non
365 1271 444 1308 super
462 1269 595 1299 omnibus
615 1268 670 1298 aliis
686 1269 719 1298 &
736 1267 861 1307 singulis,
879 1275 943 1304 quae
957 1266 986 1295 in
999 1265 1052 1295 hac
1069 1272 1146 1302 parte
1160 1273 1210 1293 ne-

155 1310 270 1343 cessaria
284 1309 386 1339 fuerint
400 1310 433 1339 &
446 1316 602 1346 oportuna,
1169 1340 1174 1345 .

194 1347 350 1378 Praedieios
364 1346 535 1384 Episcopos,
553 1344 760 1381 Willielmum,
778 1344 811 1373 δε
830 1341 1011 1380 johannem,
1029 1340 1208 1378 conjunEbm

155 1388 188 1418 &
203 1386 330 1423 divisim,
347 1385 478 1421 facimus,
495 1383 714 1419 ordinamus,&
730 1379 1079 1418 constituimus,uostros,
1097 1380 1209 1416 &prae-

155 1425 225 1455 dieii
240 1424 301 1454 Filii
316 1423 417 1459 nostri,
436 1422 635 1452 Procuratores
649 1422 682 1450 &
699 1419 834 1450 Nuncios
850 1418 994 1456 speciales,

156 1480 158 1482 v
193 1463 391 1493 promittentes
407 1471 459 1491 nos
474 1460 582 1490 Rarum
597 1460 628 1490 &
644 1458 757 1489 firmum
772 1459 930 1495 habituros,
949 1455 1083 1495 quicquid
1098 1465 1148 1493 pet
1167 1454 1211 1485 di-

156 1502 233 1538 &03,
250 1501 438 1537 Episcopum,
456 1499 498 1528 W
502 1498 667 1531 illielmum,
690 1498 723 1527 &
736 1497 917 1534 johannem,
935 1495 980 1525 vel
994 1505 1083 1525 unum
1100 1503 1133 1524 ex
1154 1495 1209 1532 eis,

159 1542 278 1570 nomine
296 1538 416 1576 nostro,
434 1538 466 1568 &
487 1536 615 1574 praediffl
637 1536 699 1565 Filii
718 1534 822 1572 nostri,
839 1535 1023 1572 Tractatum,
1040 1532 1211 1563 Concorda-

158 1587 218 1609 tum
228 1601 236 1616 ,
254 1577 428 1614 Firmatum,
446 1576 479 1606 &
495 1575 634 1605 Vallatum
650 1574 730 1604 fuerit
743 1574 771 1602 iri
785 1571 939 1611 praemiffis.

190 1615 225 1646 In
239 1616 335 1655 cujus,
353 1615 414 1646 &c.
428 1623 459 1645 ut
472 1613 558 1651 supra.

0 939 77 972 Ann.
90 939 131 971 D.

28 989 112 1019 1332.

0 1022 50 1046 An.
70 1022 96 1046 6.

0 1066 77 1122 [6ῑῖ

192 1692 262 1724 Dat.
275 1701 307 1723 ut
317 1692 404 1731 supra.

3 1775 90 1811 Claus.
105 1776 133 1802 6.

2 1819 32 1841 ΣΕ.
44 1824 67 1850 3.
81 1824 117 1842 m.

5 1854 48 1880 26.
191 1848 281 1880 Teste
295 1847 377 1884 Rege
388 1846 460 1884 apud
474 1846 657 1886 Notingham
666 1869 676 1882 ,
694 1845 787 1882 punio
800 1843 845 1873 die
861 1841 940 1872 Maii.

239 1773 298 1803 Pro
323 1772 434 1803 Comite
451 1768 485 1802 de
505 1767 615 1814 Julers
634 1766 670 1800 de
688 1767 817 1810 Pensz'one
834 1775 903 1807 900
923 1767 1121 1797 Marcarum.

153 1992 246 2035 Super
268 1990 505 2021 Incarceratione
528 1983 723 2019 Subdnorum
754 1987 839 2032 Regis
860 1994 915 2030 per
941 1983 1100 2028 splinislros
1123 1988 1209 2032 Regis

607 2036 747 2066 Franciae.

1 2124 79 2156 fflin.
90 2123 130 2155 D.

22 2173 108 2204 1332.

1 2207 54 2231 An.
68 2206 95 2231 6.

0 2245 29 2269 E.
54 2251 65 2277 3

153 2123 266 2181 REX
286 2122 512 2153 Vicecomitibus
529 2119 690 2151 Londoniae
709 2119 840 2151 Salutem.

246 2163 337 2202 Qia,
355 2163 384 2191 in
406 2160 568 2199 quibusdam
589 2159 792 2196 Petitionibus,
810 2169 860 2196 per
874 2182 884 2196 ‚
901 2158 1038 2189 dilectum
1059 2157 1207 2189 Clericum

154 2200 299 2239 nostrum,
320 2199 491 2238 Magistrum
502 2199 664 2238 johannem
681 2197 883 2235 Mounfichet,
901 2197 1000 2228 Nobis
1018 2198 1052 2228 &
1071 2197 1208 2229 Concilio

72 2262 78 2268 .
153 2239 252 2270 nostro
267 2239 362 2278 fastis,
380 2239 451 2268 inter
466 2248 580 2276 caetera,
598 2237 773 2273 continetur,

0 2281 66 2307 Clau
82 2302 88 2308 .
191 2278 285 2316 Quod
306 2276 433 2308 nonnulli
454 2276 540 2306 Cives
558 2275 689 2305 Civitatis
712 2274 816 2304 nostr-„e
836 2275 854 2293 ²¹²
875 2274 1034 2313 praedi&ae,
1053 2275 1087 2305 ὅ(
1107 2284 1208 2305 eorum

1 2319 30 2343 6.
45 2322 74 2345 Ε.
90 2328 115 2355 3.
154 2315 329 2346 Mercatores
343 2339 352 2353 ,
378 2316 411 2345 &
435 2314 600 2351 Marinarii,
618 2315 646 2343 in
669 2314 790 2349 partibus
814 2312 967 2343 Xantoniae
989 2314 1022 2343 &
1046 2313 1209 2351 Britannice,

2 2365 39 2384 m.
50 2358 93 2384 26.
107 2356 133 2384 d.
152 2355 213 2385 tam
228 2364 277 2392 per
289 2354 412 2383 Franciae
425 2353 533 2390 Regis,
550 2352 636 2390 quam
652 2351 744 2381 Ducis
761 2351 925 2388 Britanniae,
945 2350 1208 2388 Ministros,incar-

3 2396 19 2410 ⁸·
42 2398 94 2422 1V.
154 2395 238 2422 cerati
251 2401 328 2422 erant
343 2390 461 2429 injuste,
479 2392 512 2421 <Sc
527 2390 562 2420 de
577 2390 661 2419 Bonis
677 2389 729 2419 suis
742 2389 863 2426 spoliati,
882 2389 945 2428 post
967 2390 1001 2419 &
1024 2399 1120 2419 contra
1144 2391 1209 2420 ulti-

2 2440 70 2468 520.
155 2440 232 2460 main
246 2430 460 2465 Concordiam,
478 2430 549 2458 inter
563 2428 631 2458 Nos
649 2429 681 2458 ὃ(
696 2427 804 2457 dietum
820 2427 944 2457 Franciae
957 2427 1069 2466 Regem
1090 2428 1208 2467 fastam,

156 2470 259 2499 virtute
274 2467 415 2505 cujusdam
432 2465 599 2504 ProcessuS,
619 2465 782 2495 auctoritate
796 2465 939 2495 di&orum
955 2465 1040 2505 Regis
1055 2467 1087 2497 &
1103 2466 1209 2505 Ducis,

155 2507 242 2537 habiti
263 2505 342 2543 super
363 2504 582 2542 Depraedatione
605 2503 720 2533 duarum
746 2503 894 2541 Navium,
913 2512 943 2534 ut
959 2505 1076 2542 dicitur,
1091 2505 1165 2536 facta
1180 2507 1209 2535 in

154 2545 222 2575 loco
238 2555 295 2583 quo
310 2543 477 2574 omnimoda
488 2542 648 2580 Juriffiiffio
661 2542 695 2572 ad
710 2541 778 2571 Nos
793 2543 913 2580 spec'tat,
932 2552 1014 2579 prout
1030 2545 1056 2573 in
1073 2544 1154 2574 literis
1176 2544 1209 2573 si-

155 2584 252 2627 gillatis
267 2583 392 2626 Fra—riche
405 2581 496 2619 Regis
510 2582 543 2611 &
558 2580 703 2611 Britannice
719 2580 810 2610 Ducis
824 2580 1025 2619 praedietorum
1042 2581 1150 2619 plenius
1167 2582 1209 2612 di-

156 2631 228 2653 citur
243 2630 399 2656 contineri,

195 2659 343 2698 Qiodque
359 2659 405 2689 alii
425 2656 512 2688 Cives
530 2657 563 2687 δε
586 2656 759 2686 Mercatores
781 2656 865 2686 dic‘tae
885 2656 1012 2687 Civitatis
1030 2657 1134 2688 nostrae
1147 2682 1156 2695 ,
1174 2658 1208 2689 &

155 2698 266 2730 aliunde
279 2698 314 2728 de
330 2698 433 2736 Regno
447 2695 563 2734 nostro,
583 2696 616 2726 &
631 2696 737 2725 caeteris
752 2695 864 2733 Terris,
883 2695 1027 2725 Dominio
1041 2696 1139 2726 nostro
1146 2696 1210 2726 sub-

154 2738 252 2776 jeetis,
268 2746 337 2767 cum
349 2735 430 2766 Vinis
444 2735 494 2765 suis
506 2744 555 2772 per
571 2733 688 2763 Flumen
706 2732 852 2763 Gerundae
867 2733 1081 2772 descendentes,
1100 2734 1134 2764 ad
1156 2735 1209 2764 sol-

157 2775 285 2805 vendum
305 2775 406 2804 decern
429 2773 542 2803 Soiidos
563 2771 744 2801 Turonenses—
759 2794 768 2809 ,
786 2781 838 2808 pro
881 2772 987 2802 uolibet
1010 2772 1102 2802 Dolio
1123 2772 1207 2810 Vini,

157 2823 207 2851 per
222 2813 345 2843 Franciae
361 2812 448 2850 Regis
466 2809 630 2848 Ministros,
647 2809 721 2849 apud
733 2809 837 2839 Villam
879 2821 894 2840 e
915 2810 1080 2849 Lingonio,
1098 2810 1210 2840 distrin-

156 2860 278 2891 guntur,
295 2858 394 2880 contra
407 2849 529 2887 antiquas
545 2857 626 2878 tetrae
640 2848 742 2877 nostrae
758 2848 905 2878 Vasconiae
918 2849 1090 2886 Libertates,
1109 2851 1136 2879 iri
1156 2849 1209 2880 hu-

152 2890 277 2930 jusmodi
290 2887 455 2919 Concordia
469 2886 659 2922 confirmatas,
678 2888 706 2915 in
721 2886 842 2923 ipsorum
857 2886 991 2925 Civium,
1007 2888 1040 2919 &
1063 2887 1209 2919 Mercato-

158 2938 222 2959 rum
237 2951 246 2966 ,
270 2927 303 2957 &
329 2925 568 2962 Marinariorum,
594 2925 748 2961 dampnum
772 2935 830 2955 non
852 2925 999 2956 modicum
1016 2949 1025 2964 ,
1048 2927 1081 2957 &
1103 2926 1206 2956 nostrae

155 2966 360 3035 {uperioritatis
372 2963 582 3004 praejudicium,
601 2964 633 2994 δε
646 2963 731 2993 diet-„c
744 2962 919 2994 Concordiae
931 2965 1076 2995 laesionem
1089 2965 1208 2996 manife-

184 3015 228 3034 am

195 3027 285 3073 Vo'bis
307 3042 485 3082 praecipimus
508 3039 605 3078 quod,
622 3040 728 3070 vocatis
750 3041 779 3069 in
800 3040 872 3071 Aula
895 3039 1055 3071 Communi
1078 3040 1207 3072 Civitatis

155 3081 260 3112 nostrae
275 3080 418 3119 praedidiae
434 3080 568 3109 omnibus
582 3078 714 3116 Civibus,
733 3078 957 3116 Mercatoribus,
976 3081 1008 3110 &
1032 3080 1207 3119 Marinadis,

155 3118 315 3157 hujusmodi
331 3118 438 3149 Literas
472 3117 616 3147 dierorum
630 3116 717 3154 Regis
733 3118 766 3146 &
780 3116 870 3146 Ducis
885 3117 983 3153 Sigillis
1006 3118 1143 3157 sigillatas,
1160 3120 1206 3149 vel

153 3158 218 3188 alias
229 3156 416 3195 quascumque
430 3140 615 3186 Probationes
633 3154 784 3191 legitimas,
803 3157 880 3192 super
904 3156 1059 3192 huiusmodi
1078 3156 1206 3188 incarce-

155 3197 263 3226 ratione
284 3196 316 3225 Sc
335 3195 510 3233 Spoliatione
523 3219 532 3231 ,
551 3194 715 3223 habentibus
729 3217 738 3230 ,
758 3203 805 3230 per
825 3203 890 3231 quas
907 3193 1018 3224 Nuncii
1039 3194 1128 3224 nostri
1143 3218 1153 3232 ,
1170 3195 1204 3225 ad

155 3243 244 3274 partes
264 3233 286 3263 F
289 3235 387 3263 ranciae
407 3232 550 3270 destinati,
567 3231 601 3261 ad
612 3230 686 3269 Juris
697 3230 785 3261 nostri
800 3232 832 3261 ὃ(
845 3231 1028 3262 Subditorum
1043 3232 1205 3263 nostrorum

154 3273 396 3303 conservationem
415 3271 523 3301 valeant
540 3270 708 3307 informari,
734 3270 767 3300 ὃς
788 3269 937 3306 specialiter
958 3269 1106 3300 Vinetariis
1119 3293 1128 3308 ,
1152 3281 1205 3308 pro

153 3309 314 3347 huiusmodi
329 3309 506 3339 Mala-Tollit
520 3309 634 3339 Decem
656 3307 818 3338 Solidorum
840 3308 1051 3338 Turonensium
1065 3308 1207 3347 tollenda,

153 3349 283 3387 prosequi
305 3348 464 3378 volentibus
477 3371 486 3385 ,
505 3347 566 3386 iplis
588 3347 722 3376 omnibus
737 3369 746 3383 ,
766 3355 799 3375 ex
820 3355 896 3383 parte
914 3345 1009 3375 nostra
1025 3369 1034 3384 ,
1061 3347 1206 3384 injungatis

177 3388 236 3417 uod
250 3387 449 3417 Procuratores
463 3385 633 3415 constituant
649 3385 699 3426 sub
714 3383 822 3420 forma,
842 3394 890 3421 per
911 3384 1126 3414 Thesaurarium
1153 3395 1206 3414 no-

155 3398 244 3455 strum
257 3425 338 3456 vobis
353 3424 508 3461 liberanda,
528 3424 560 3454 &
576 3422 735 3460 hujusmodi
752 3422 857 3452 Literas
872 3422 904 3453 &
918 3421 1106 3453 Probationes
1123 3422 1206 3453 dietis

155 3462 388 3494 Procuratoribus
400 3462 500 3492 faciant
514 3462 646 3492 exhiberi.

191 3547 282 3577 Teste
295 3547 377 3586 Rege
391 3546 463 3584 apud
477 3546 662 3584 Wodestok,
679 3544 802 3575 secundo
816 3545 863 3575 die
877 3544 959 3574 Maii.

474 3688 531 3718 Pro
547 3683 701 3718 Ambaldo
728 3683 898 3717 Cara'innle.

7 3783 84 3814 Arm·
99 3780 140 3812 D·
158 3768 357 3824 RAdulphus
372 3770 408 3799 de
423 3770 562 3800 Yarewell
579 3769 700 3799 Persona
714 3767 847 3798 Ecclefiae
861 3768 898 3798 de
911 3767 1037 3806 Cotum,
1056 3768 1158 3798 Simon
1172 3767 1208 3798 de

231 3806 363 3836 Stautiton
379 3807 498 3837 Persona
516 3807 647 3837 Ecclesiae
662 3807 698 3836 de
712 3806 869 3843 Staunton,
888 3806 1018 3837 Thomas
1039 3807 1074 3836 de
1095 3806 1208 3836 Outhe-

7 3830 112 3888 ‘41233'
160 3843 197 3880 by
209 3841 326 3884 Persona
341 3844 523 3887 Ecclesiaene
544 3844 776 3884 Estbriggeford,
793 3846 826 3875 &
849 3845 1020 3875 willielmus
1039 3844 1075 3886 de
1096 3844 1207 3874 Gonal-

6 3902 36 3925 E.
59 3907 84 3933 3·
160 3880 224 3910 ston
248 3880 364 3909 Perlona
385 3881 521 3926 Ecclelie·
537 3884 577 3926 'de
600 3882 777 3925 Knyveton,
792 3882 922 3925 Eborum
938 3882 1089 3919 Dicet-ele,
1106 3891 1208 3917 recog-

7 3936 94 3968 Clauf.
158 3918 295 3954 noscunt,
314 3918 458 3956 Videlicet,
477 3921 590 3957 quilibet
603 3930 703 3950 eorum
717 3930 748 3949 in
762 3921 900 3958 solidum,
918 3921 945 3950 se
965 3921 1068 3950 debere
1088 3920 1207 3950 Amral-

159 3957 214 3994 do,
232 3955 302 3986 tituli
318 3955 411 3998 Sanffl
428 3957 567 3987 Laurentii
581 3960 608 3987 in
626 3957 736 3987 Lucina
750 3956 910 3988 Presbitero
927 3958 1086 3995 Cardinali,
1103 3957 1208 3988 Archi—

157 3996 280 4026 diacono
292 3992 527 4036 Notinghamiae,
545 3995 690 4025 Ducentas
705 3996 737 4025 ὃς
753 3996 961 4035 Qiaterviginti
977 3996 1088 4029 Libras,

194 4032 285 4064 Unde
299 4031 407 4064 solvent
419 4041 461 4069 ei,
479 4033 508 4061 iii
524 4032 608 4063 Festo
623 4032 786 4064 Nativitatis
801 4034 1041 4072 Sanetijohannis
1062 4031 1207 4075 Baptistae,

9 3976 35 3999 6.
53 3978 80 3999 Ε.
98 3982 121 4008 3.

8 4021 99 4047 ⁷²²·23·
116 4011 142 4039 al.

606 143 1852 198 CONVENTioNES‚·L1TERAE‚

1256 232 1392 269 proximo
1407 232 1518 270 futuro,
1538 230 1750 270 Quadraginta,
1767 230 1801 261 &
1816 230 1871 260 Sex
1885 228 1984 263 Libras
1990 228 2176 268 ,Tresdecim
2189 230 2312 270 Solidos,
2334 226 2411 258 Ann.
2424 226 2466 260 D.

1257 271 1292 301 &
1310 270 1441 308 Qatuor
1456 270 1611 307 Denarios,
2357 275 2442 307 1332.

1295 308 1334 339 Et
1348 331 1358 346 ,
1387 310 1416 338 iii
1435 309 1521 339 Festo
1542 308 1639 338 SanCti
1658 307 1776 337 Martini
1798 307 1826 336 in
1848 305 1956 336 Hieme
1970 328 1980 344 ,
2003 307 2138 343 proximo
2158 306 2289 345 sequente
2302 332 2312 347 ,
2336 311 2403 334 Ἐάν.
2424 315 2448 343 3.

1259 347 1451 391 Qiadragitita
1466 348 1500 378 &
1514 347 1569 377 Sex
1585 346 1697 383 Libras,
1715 345 1880 376 Tresdecini
1893 345 2024 384 Solidos,
2040 345 2073 375 ὃς
2095 344 2227 383 Qatuor
2249 345 2314 376 De-

1256 395 1347 415 nanos

1293 423 1332 453 Et
1352 409 1390 453 iic
1405 447 1415 460 ,
1433 422 1470 453 de
1492 433 1566 453 anno
1586 424 1615 452 in
1637 432 1743 452 annum
1757 445 1768 460 ,
1784 421 1819 451 ad
1841 420 1955 451 eosdem
1976 421 2113 453 terminos
2125 443 2136 458 ,
2161 419 2315 459 Qatervi-

1255 462 1325 500 ginti
1341 462 1374 491 &
1387 461 1553 492 Tresdecim
1571 461 1744 498 Libras,Sex
1757 459 1928 496 Sohdos,&
1941 459 2023 489 Octo
2039 458 2197 498 Denarios,
2210 469 2314 497 quous-

1256 509 1312 537 que
1330 500 1474 567 praedititae
1492 500 1636 530 Ducentae
1659 500 1692 530 &
1714 498 1927 536 Quaterviginti
1946 497 2043 527 Librae
2066 497 2188 535 plenarie
2209 498 2313 529 fuerint

1256 538 1336 575 perso
1348 547 1410 568 utae.

1291 576 1345 613 Et,
1363 576 1413 605 nisi
1427 575 1561 613 fecerint,
1580 574 1743 606 concedunt
1756 575 1835 613 quod
1849 573 1983 612 praedista
2002 573 2125 604 Pecunia
2145 573 2251 605 levetur
2269 574 2307 605 de

1255 614 1354 644 Terris
1376 615 1410 645 ὅ(
1430 613 1560 651 Catallis,
1577 624 1610 644 ac
1630 613 1715 644 Bonis
1736 614 1787 644 suis
1801 612 2018 651 Ecclesiastsscis,
2037 613 2066 642 in
2078 611 2228 643 Comitatu
2241 612 2312 644 No-

1256 653 1435 692 tinghamiae,
1453 653 1487 683 &
1499 652 1573 681 alibi.

1292 737 1382 768 Teste
1396 736 1482 774 Rege
1495 737 1569 775 apud
1584 737 1747 768 Wodestok
1756 762 1766 776 ‚
1780 737 1894 768 decimo
1908 736 1956 768 die
1971 736 2052 768 Maii.

1380 876 1438 910 Ad
1455 880 1590 922 Papam,
1610 888 1665 922 pro
1686 880 1876 923 Adargareta
1894 878 2043 924 Comitiffa
2062 881 2188 913 Kantiae.

1306 972 1401 1004 APAE
1419 973 1484 1003 Rex
1499 972 1601 1003 devota
1614 971 1724 1002 Pedum
1742 972 1833 1002 oscula
1846 973 2001 1004 beatorum.
2330 966 2407 1007 Ann,
2423 968 2466 999 D.

1340 1011 1439 1042 Efficit
1455 1011 1582 1041 Dilectio
1598 1011 1700 1040 merito
1717 1009 1855 1049 specialis,
1893 1021 1958 1041 uam
1974 1012 2008 1042 ad
2023 1012 2187 1051 personam,
2205 1013 2308 1045 Nobi·
2351 1016 2436 1046 1332·

1254 1048 1285 1078 lis
1299 1051 1438 1088 mulieris,
1454 1049 1642 1087 Margaretae,
1660 1048 1782 1078 Reliciae
1795 1059 1873 1086 quon
1910 1059 1938 1079 tn
1954 1049 2096 1082 Avunculi
2115 1052 2204 1083 nostri
2224 1055 2308 1084 caris-
2329 1049 2383 1073 An.
2399 1050 2427 1075 ⁶·

1255 1087 1334 1127 simi,
1352 1088 1495 1118 Edmundi
1517 1087 1642 1118 Comitis
1664 1085 1794 1124 Kamiae,
1810 1088 1950 1126 gerimus,
1965 1096 1995 1118 ut
2015 1097 2160 1128 tenemur,
2175 1101 2208 1122 ac
2229 1091 2307 1122 Prae-
2330 1088 2358 1110 E.
2381 1094 2405 1121 3·

1255 1128 1398 1157 minentiae
1410 1128 1443 1158 δε
1457 1126 1640 1157 Conditionis
1653 1125 1734 1163 ipsius
1749 1124 1935 1156 conlideratio
1944 1126 2018 1164 justa
2041 1127 2183 1167 deposcit,
2202 1139 2249 1169 ut,
2268 1139 2309 1160 at·
2328 1127 2397 1150 ΠΜ)-
2411 1123 2439 1151 ⁶·

1254 1167 1338 1195 tentis
1360 1165 1594 1203 Oppressionibus
1615 1165 1648 1195 ὃ(
1670 1163 1799 1202 InjuriiS,
1817 1173 1866 1204 per
1885 1163 1959 1194 falsas
1977 1163 2205 1203 Conspirationes
2218 1191 2227 1207 ,
2254 1169 2305 1198 fibi
2331 1165 2360 1188 Ε·
2378 1170 2404 1198 3·
2425 1170 2464 1190 '⁷¹-

1255 1204 1289 1234 &
1303 1204 1354 1234 suis
1367 1204 1464 1242 fadtis,
1483 1213 1546 1242 quae
1561 1203 1642 1241 ipsius
1656 1202 1690 1233 &
1705 1203 1818 1233 suorum
1840 1202 1982 1232 honorem
2001 1213 2198 1244 concernunt,
2214 1206 2309 1237 cordi·
2330 1208 2359 1234 4-

1255 1249 1296 1272 ter
1311 1241 1492 1280 affectemus,
1510 1242 1543 1272 δε
1558 1251 1642 1279 penes
1654 1241 1837 1272 Sanititatem
1848 1240 1971 1272 vestram
1985 1251 2036 1279 pto
2054 1241 2158 1274 eisdem
2178 1244 2311 1276 instemus

1256 1281 1456 1311 interventibus
1471 1281 1628 1318 oportunis.

1292 1318 1405 1357 Itaque,
1423 1319 1505 1349 Pater
1520 1319 1639 1356 San&e,
1657 1318 1729 1349 cum
1745 1317 1820 1348 dieta
1832 1316 1984 1348 Comitissa
2000 1318 2130 1357 quaedam
2143 1321 2254 1359 negotia
2269 1331 2312 1352 ar-

1255 1357 1325 1394 dua,
1343 1358 1428 1395 ipsam
1451 1359 1485 1388 ὃς
1507 1357 1644 1395 quosdam
1665 1356 1700 1387 de
1721 1356 1773 1387 suis
1792 1356 1944 1394 specialiter
1967 1359 2124 1397 tangentia,
2142 1367 2227 1396 penes
2241 1358 2312 1390 Cle-

1256 1397 1390 1427 mentiam
1407 1395 1527 1427 vestram
1543 1405 1611 1426 cum
1627 1394 1756 1425 instantia
1770 1395 1961 1433 persequatur,
1980 1406 2060 1435 quae,
2077 1396 2195 1426 diledtus
2218 1396 2310 1428 Cleri-

1256 1444 1305 1465 cus
1321 1435 1433 1473 noster,
1452 1433 1591 1472 aflagister
1606 1433 1752 1464 Robertus
1766 1434 1802 1463 de
1817 1432 2007 1473 Luffenham,
2022 1434 2246 1466 Archidiaconus
2265 1436 2314 1466 Sa-

1256 1483 1339 1511 rum,
1357 1483 1498 1512 exponere
1519 1473 1638 1511 poterit,
1656 1472 1676 1502 si
1696 1472 1779 1502 libeat
1795 1495 1804 1510 ,
1827 1471 1928 1502 vestrae
1949 1472 2095 1504 sanctitati
2107 1498 2117 1512 ,
2134 1474 2238 1513 omni,
2259 1474 2314 1513 qua

1255 1512 1417 1550 possumus,
1435 1511 1587 1542 affedtione
1600 1510 1715 1541 cordiali
1735 1511 1753 1530 ²*
1772 1509 1949 1548 deposcimus
1967 1512 2001 1542 &
2020 1521 2167 1551 rogamus,
2185 1515 2314 1550 quatinus
2334 1516 2350 1535 ⁴⁸
2376 1518 2429 1546 IV.

1255 1550 1366 1580 dietum
1387 1550 1631 1593 Archidiaconum
1652 1549 1917 1580 recommendatum
1934 1549 2070 1588 suscipere
2085 1573 2095 1589 ,
2112 1551 2145 1581 &
2164 1551 2258 1581 eidem
2279 1551 2313 1582 fi-
2335 1565 2400 1592 52¹-

1256 1589 1325 1619 dem
1339 1589 1367 1618 in
1384 1592 1421 1619 iic
1437 1588 1609 1626 exponendis
1623 1587 1754 1618 adhibere
1767 1587 1946 1626 dignemini,
1964 1588 2054 1626 adeo,
2072 1589 2092 1618 si
2107 1589 2217 1628 placet,
2234 1598 2264 1621 ut
2283 1592 2312 1621 in

1257 1626 1324 1665 hiis,
1342 1638 1405 1665 quae
1427 1636 1461 1657 ex
1486 1635 1561 1665 parte
1581 1627 1666 1657 dietae
1688 1624 1866 1664 Comitissae,
1885 1626 1930 1657 seu
1950 1629 2068 1667 negotiis
2081 1637 2134 1665 pro
2155 1629 2200 1658 riis
2213 1628 2315 1659 statum

1256 1665 1336 1696 suurn
1359 1666 1533 1705 tangentibus
1547 1689 1557 1703 ,
1582 1664 1651 1695 'uste
1670 1664 1703 1695 ὃ(
1726 1665 1773 1702 pie
1792 1664 1972 1704 postulaverit
1984 1688 1995 1704 ,
2031 1667 2114 1697 sacrae
2134 1638 2212 1697 {edis
2233 1667 2313 1705 Apo—

1256 1703 1366 1773 }iogcae
1384 1705 1501 1742 gratiam
1516 1704 1550 1735 &
1564 1675 1587 1734 fJ
1591 1713 1710 1740 vorem,
1728 1702 1829 1734 nostris
1851 1704 2070 1744 interventibus,
2088 1705 2138 1736 sibi
2157 1705 2251 1736 sentiat
2271 1706 2313 1737 af-

1270 1753 1296 1773 ui
1324 1754 1347 1773 e.

1294 1826 1362 1857 Dat.
1375 1826 1449 1865 apud
1463 1825 1646 1864 Wodestok,
1665 1825 1803 1858 vicesimo
1816 1826 1862 1857 die
1877 1825 1957 1857 Maii.

1310 1968 1359 2000 De
1372 1965 1420 1999 die
1434 1966 1596 1999 Trafbasus
1611 1965 1780 1999 amicabilis
1794 1970 1872 1998 inter
1887 1969 1992 1999 Gentes
2009 1969 2096 2014 Regis
2113 1970 2149 2006 ὠ·
2174 1969 2272 2001 Ducis

1611 2013 1779 2048 Brabamiae
1788 2024 1958 2061 prorogato.

1319 2110 1693 2180 E>151VicecomitiKantiae
1714 2109 1848 2143 Salutem.
2333 2111 2409 2143 Ann.
2426 2114 2468 2146 D:

1394 2162 1411 2181 u
1433 2161 1461 2181 er
2355 2160 2369 2182 1
2413 2163 2442 2183 2.

1293 2189 1340 2220 Ad
1355 2161 1563 2227 reqiiifiti'onern
1572 2212 1582 2227 ,
1597 2188 1701 2220 nobilis
1714 2189 1787 2227 viri,
1803 2187 1936 2226 Iohannis
1947 2186 2026 2218 Duci
2041 2187 2195 2219 Brabantiae
2335 2160 2430 2220 57336.

1292 2228 1392 2258 Nobis
1410 2227 1585 2267 significantis
1602 2228 1672 2257 inter
1686 2236 1782 2267 gentes
1802 2226 1907 2256 nostras
1928 2227 1962 2257 δε
1986 2235 2083 2264 gentes
2107 2227 2189 2264 ipsius
2200 2212 2314 2267 ⁷Ducis,
2336 2233 2363 2256 Ε.
2384 2239 2409 2267 3.

1256 2275 1393 2304 praetextu
1407 2267 1575 2297 diversarum
1590 2266 1818 2304 obligationum,
1836 2275 1869 2296 ac
1881 2265 2073 2303 dampnorum
2087 2265 2156 2296 hinc
2176 2266 2242 2297 inde
2256 2266 2315 2298 ina-
2332 2267 2419 2304 Claus.
2438 2269 2468 2295 62

1257 2314 1372 2343 torum,
1391 2304 1581 2334 Disseniiones
1595 2304 1677 2334 fuiffe
1691 2313 1815 2341 exortas,
2332 2310 2364 2333 Ε.
2381 2315 2406 2342 3.
2427 2316 2465 2334 m.

1294 2344 1339 2411 Af:
1361 2345 1487 2411 petenti}
1498 2353 1528 2373 ut
1543 2353 1592 2381 per
1606 2343 1786 2372 amicabilem
1799 2342 1967 2373 Tradtatum
1981 2342 2141 2381 hujusmodi
2154 2342 2315 2374 Diffenfio—
2335 2353 2382 2381 23·
2393 2344 2419 2372 d.

1256 2391 1305 2412 nes
1327 2392 1400 2419 opiri
1417 2387 1467 2419 pol
1481 2391 1529 2413 ent

1292 2420 1498 2459 Affigmvimus
1513 2405 1589 2450 diem
1601 2418 1692 2450 eidem
1707 2418 1803 2457 Duci,
1819 2418 1966 2457 videlicet,
1984 2419 2014 2449 in
2029 2418 2152 2449 crastino
2165 2417 2313 2448 Ascenfio-

1256 2459 1298 2488 nis
1321 2458 1462 2497 Domini,
1487 2460 1623 2496 proximo
1643 2459 1757 2496 futuro,
1779 2458 1853 2496 apud
1872 2456 2158 2488 Westmonasterium
2209 2464 2241 2486 ut
2262 2466 2314 2494 per

1256 2496 1472 2535 Procuratores,
1496 2497 1665 2528 sufficienter
1687 2497 1856 2533 instruffitos,
1883 2506 1917 2526 ac
1938 2495 2050 2532 plenam
2071 2495 2105 2525 &
2124 2478 2313 2524 sufficientem

1256 2535 1429 2566 Potestatem
1445 2537 1481 2566 ab
1494 2536 1552 2573 ipso
1566 2536 1715 2573 habentes,
1731 2535 1800 2564 effer
1814 2543 1913 2563 coram
1928 2533 2029 2570 nobis,
2046 2532 2094 2562 seu
2108 2531 2284 2571 Deputandis
2297 2534 2314 2563 a

1258 2575 1358 2613 nobis,
1377 2575 1410 2604 ad
1426 2574 1602 2604 tradi-andum
1618 2574 1651 2603 &
1669 2571 1903 2602 concordandum
1917 2571 1997 2607 super
2011 2569 2175 2609 praemiffis,

1294 2611 1331 2643 Et
1347 2613 1414 2649 tibi,
1433 2612 1501 2642 sicut
1515 2612 1623 2642 caeteris
1638 2610 1864 2640 Vicecomitibus
1886 2608 1984 2645 Regni
2004 2608 2093 2638 nostri
2126 2610 2314 2647 praecepimus

1256 2650 1336 2688 quod
1352 2651 1380 2679 in
1396 2650 1499 2680 Balliva
1513 2649 1561 2680 tufi
1576 2648 1691 2687 publice
1714 2648 1881 2685 proclamari
1902 2647 2005 2677 faceres
2025 2631 2110 2684 quod
2129 2657 2230 2678 ornnes
2255 2648 2312 2687 illi,

1256 2690 1304 2726 qui
1325 2687 1461 2726 Qierelas
1483 2687 1528 2717 vel
1553 2687 1688 2717 Actiones
1701 2686 1805 2716 habent
1819 2685 1909 2715 versus
1924 2685 2034 2715 dietum
2048 2684 2185 2724 Ducem,
2202 2685 2248 2717 vel
2262 2686 2312 2716 ali-

1257 2737 1328 2764 quos
1345 2729 1380 2756 de
1396 2725 1531 2764 potestate
1544 2725 1607 2763 sua,
1625 2725 1818 2755 occasionibus
1831 2723 1986 2762 praeditstis,
2004 2722 2109 2762 effent,
2126 2723 2160 2754 ad
2180 2723 2257 2755 diem
2277 2725 2312 2755 &

1255 2765 1353 2795 locum
1370 2765 1536 2802 praedictos,
1553 2764 1587 2793 ad
1608 2763 1821 2793 informandum
1842 2762 1926 2800 Nos,
1945 2761 1990 2792 seu
2010 2761 2198 2800 Deputandos
2219 2763 2235 2792 a
2257 2772 2313 2793 no·

1255 2803 1314 2841 bis,
1336 2803 1415 2841 super
1438 2803 1570 2842 Qierelis
1590 2802 1623 2832 &
1645 2801 1812 2832 Actionibus
1834 2800 1901 2839 suis,
1927 2801 1961 2831 δε
1980 2799 2015 2830 ad
2033 2800 2196 2830 faciendum
2216 2801 2250 2832 ὃς
2269 2811 2314 2831 re-

1254 2842 1417 2879 cipiendum
1433 2841 1510 2879 quod
1525 2850 1592 2871 tunc
1609 2840 1715 2870 ibidem
1729 2839 1909 2870 amicabiliter
1923 2840 2101 2878 contingeret
2114 2839 2251 2878 ordinari;

1294 2881 1370 2919 Qua
1386 2880 1532 2910 Dominus
1548 2879 1633 2917 Dux,
1653 2889 1701 2916 per
1713 2879 1801 2908 literas
1816 2878 1891 2916 suas,
1908 2887 1962 2908 nos
1980 2887 2048 2908 cum
2068 2876 2199 2908 instantia
2216 2878 2313 2916 requi-

1254 2918 1333 2956 sivit,
1351 2928 1382 2949 ut
1403 2918 1481 2948 diem
1502 2918 1582 2948 illum
1601 2918 1687 2955 usque
1708 2916 1742 2947 ad
1757 2915 1872 2947 Festum
1887 2916 1983 2947 Sanffl
1996 2915 2162 2954 Michaelis,
2178 2917 2311 2958 proximo

1255 2958 1398 2995 futurum,
1417 2957 1451 2987 ad
1472 2953 1614 2994 praemiffa
1634 2955 1812 2996 faciendum,
1829 2955 1949 2986 velimus
1966 2964 2052 2993 proro
2101 2963 2134 2992 e,
2150 2954 2270 2984 asserens
2282 2953 2310 2984 se

1255 3005 1305 3036 per
1319 2995 1442 3025 Guenas
1456 2995 1489 3025 &
1504 2995 1555 3025 alia
1565 2994 1768 3032 impedimenta
1781 2994 1967 3032 praepeditum
1986 2992 2027 3022 fui
2051 3001 2084 3029 e,
2104 2992 2256 3029 quominus
2275 2991 2311 3024 ad

1254 3035 1364 3065 diCtum
1380 3033 1539 3064 Crastinum
1556 3032 1692 3063 Nuncios
1705 3032 1842 3063 destinare
1855 3032 1963 3069 potuit,
1981 3038 2013 3060 ut
2025 3029 2169 3069 promisit,

1292 3072 1379 3112 Nos,
1397 3074 1451 3111 ejus
1466 3071 1669 3112 Supplicationi
1683 3072 1714 3101 in
1728 3072 1782 3102 hic
1798 3080 1874 3108 parte
1893 3076 2061 3106 annuentes,
2079 3068 2113 3098 &
2131 3067 2312 3099 desiderantes

1253 3112 1326 3142 inter
1346 3111 1457 3141 nostros
1478 3112 1511 3141 ὅ(
1531 3111 1611 3148 ipsius
1632 3109 1725 3140 Ducis
1744 3110 1879 3140 Subditos
1891 3107 1989 3145 quietis
2002 3107 2035 3137 δε
2049 3106 2211 3137 concordiae
2223 3108 2312 3137 unita-

1253 3158 1314 3180 tem
1336 3150 1497 3186 reformari,
1514 3149 1585 3178 Tibi
1602 3149 1800 3186 praecipimus,
1816 3146 1933 3176 firmiter
1952 3145 2142 3184 injungentes,
2157 3145 2239 3184 quod
2258 3145 2313 3176 sta-

1253 3189 1325 3225 tim,
1343 3188 1405 3218 vifis
1425 3187 1621 3226 praesentibus,
1640 3187 1669 3215 in
1694 3185 1773 3215 Villis
1796 3183 1992 3220 MercatoriiS,
2020 3184 2053 3214 δε
2073 3183 2131 3214 aliis
2150 3184 2237 3222 locis,
2261 3185 2312 3214 ubi

1253 3226 1384 3263 expedire
1395 3226 1514 3262 videris,
1532 3226 1560 3253 in
1576 3223 1680 3253 Balliva
1694 3223 1757 3261 tua,
1773 3223 1833 3253 tam
1848 3222 1921 3252 infra
1934 3222 2106 3260 Libertates,
2125 3222 2212 3261 quam
2227 3230 2312 3262 extra,

1253 3265 1335 3294 facias
1350 3264 1463 3301 publice
1479 3263 1661 3300 proclamari,

1293 3302 1386 3340 Qiod
1399 3310 1501 3331 omnes
1514 3300 1568 3337 illi,
1587 3302 1635 3337 qui
1652 3299 1787 3338 Qerelas
1800 3299 1845 3330 vel
1869 3298 2006 3329 Afflones
2026 3298 2131 3329 habent
2150 3298 2244 3330 versus
2266 3298 2309 3328 di-

1254 3340 1334 3370 &um
1354 3339 1488 3376 Ducem,
1506 3338 1551 3368 vel
1571 3338 1680 3376 aliquos
1699 3338 1735 3368 de
1750 3337 1886 3376 potestate
1900 3338 1960 3375 sua,
1978 3337 2172 3368 occasionibus
2187 3337 2308 3374 supradi-

1254 3378 1306 3408 &is
1320 3402 1329 3414 ,
1355 3378 1407 3407 sint
1423 3376 1496 3415 apud
1516 3375 1807 3407 NVestmonasterium
1828 3378 1857 3406 in
1879 3375 2013 3407 Crastino
2031 3376 2127 3407 Sancti
2145 3374 2309 3412 Michaelis,

1252 3417 1387 3454 proximo
1402 3416 1497 3446 futuro
1532 3424 1601 3445 cum
1616 3415 1716 3445 Literis
1730 3415 1764 3446 &
1778 3414 1932 3445 Evidentiis
1954 3415 2022 3451 suis,
2040 3424 2140 3445 coram
2161 3413 2311 3449 Deputan-

1253 3454 1294 3484 dis
1318 3465 1333 3485 a
1352 3454 1434 3485 nobis
1448 3477 1458 3492 ,
1479 3464 1493 3484 a
1534 3453 1746 3484 informandum
1768 3452 1837 3484 Nos
1854 3454 1934 3491 super
1952 3453 2066 3492 Juribus
2086 3453 2121 3483 &
2140 3450 2309 3480 Aetionibus

1253 3492 1321 3530 suis,
1338 3494 1371 3523 ὃς
1384 3492 1417 3522 ad
1434 3492 1592 3522 faciendum
1606 3492 1640 3522 ὅ(
1654 3491 1848 3530 recipiendum
1870 3491 1948 3530 quod
1966 3500 2035 3522 tunc
2055 3490 2160 3521 ibidem
2179 3489 2310 3529 contige-

1254 3533 1288 3561 rit
1301 3531 1441 3569 ordinari,
1459 3531 1479 3560 fi
1491 3531 1542 3561 sibi
1556 3530 1677 3562 viderint
1691 3530 1837 3568 expedire,
1855 3531 1889 3562 &
1905 3531 2005 3561 habeas
2017 3529 2055 3558 ibi
2069 3528 2126 3558 hoc
2140 3524 2238 3558 Breve.

1289 3616 1378 3648 Teste
1392 3616 1477 3655 Rege
1489 3615 1563 3653 apud
1581 3615 1781 3655 Wodestoke,
1797 3615 1934 3648 vicesimo
1946 3613 2051 3644 octavo
2063 3608 2110 3640 die
2123 3607 2204 3639 Maii.

1753 3694 1808 3723 Per
1818 3695 1911 3722 Breve
1923 3689 1956 3718 de
1968 3689 2087 3717 Pri-vato
2098 3683 2197 3722 sigillo.

1254 3778 1411 3854 gligmcflem
1442 3779 1533 3811 modo
1553 3779 1715 3812 mandatum
1736 3777 1779 3810 est
1798 3775 1908 3817 fingulis
1931 3771 2158 3805 vicecomitibus
2177 3781 2226 3812 per
2243 3772 2307 3805 An-

2257 4064 2314 4096 Ad
