2562 4279
0 232 72 263 Ann.
87 229 128 260 D.

0 277 108 339 22²⁴}

6 1873 138 1906 Ann.D.

35 1923 121 1953 1324.

4 1957 59 1980 Aa.
79 1955 120 1981 ιδ.

4 1996 34 2018 Ξ.
54 2001 78 2019 2.

6 2033 64 2057 Pae.
82 2030 123 2058 18.

5 2072 34 2097 Ε,
58 2077 83 2096 2.

5 2113 32 2143 p.
54 2116 75 2134 1.

6 2154 42 2173 m.
61 2153 106 2182 35.

10 2388 148 2425 *Ἵνα-φ.

10 2522 89 2555 Ὰηη.
104 2522 145 2555 D.

42 2571 126 2601 1324.

13 2605 66 2629 An.
85 2606 126 2630 ιδ.

12 2644 44 2667 Ε.
66 2649 91 2666 2.

12 2683 78 2705 Scct.
104 2678 145 2707 18.

12 2720 44 2742 E.
64 2726 89 2742 2.

13 2763 52 2790 ⁷⁷³9
63 2764 92 2790 4·

145 148 225 184 106

596 132 1402 184 coNVENTIONES‚
1457 133 1845 190 LITERAE‚

147 229 226 267 quod
246 228 279 258 ad
301 227 364 258 loca
385 233 509 261 remota,
527 231 714 260 praeterquam
734 222 776 252 ob
797 221 915 252 eandem
931 221 1058 259 causam,
1075 219 1102 251 se
1114 218 1209 250 diver·
1247 220 1297 250 nio
1312 243 1322 258 ,
1340 220 1361 250 fi
1380 219 1446 258 hiis,
1463 230 1528 260 quae
1547 221 1606 252 talis
1626 221 1722 254 noster
1742 223 1901 263 Nuncius,
1919 222 2067 264 videlicet,
2083 224 2179 259 Frater
2195 228 2308 269 noster,
2321 227 2398 260 Ann.
2414 228 2457 261 D.·

1246 259 1409 304 promiserat
1428 260 1473 303 tali
1497 260 1605 299 modo,
1623 269 1823 301 temptaremus
1842 263 1976 301 obviare,
1996 265 2079 295 etiarn
2094 266 2114 296 fi
2128 266 2204 298 idem
2218 268 2307 300 Nun·
2345 277 2430 308 1324.

1246 307 1308 328 cius
1331 309 1346 329 a
1368 298 1450 328 nobis
1470 299 1549 338 super
1569 299 1626 330 hoc
1642 299 1814 331 Potestatem
1830 302 1983 332 nullatenus
1996 301 2148 342 habuisset,
2164 315 2234 336 cum
2246 318 2308 339 cre·
2323 311 2390 336 Edi..
2409 318 2437 334 2.

147 277 206 299 tant
221 267 276 297 sine
288 265 417 295 mandato
431 263 530 293 nostro
543 261 651 298 speciali
667 271 672 290 :
1157 297 1162 303 .

187 305 223 335 Et
238 314 338 334 omnes
356 304 388 333 &
404 302 517 340 singulas
534 300 650 338 Naves,
669 299 706 329 de
721 298 861 330 Potestate
872 298 942 330 dieti
957 298 1047 337 Regis
1061 297 1209 335 Franciae,

148 353 213 383 quas
233 340 419 382 perpendere,
437 340 481 369 vel
502 338 570 368 scire
591 339 714 376 poteritis
730 338 766 368 de
779 337 891 368 Guerra
907 346 1006 368 contra
1019 346 1072 367 nos
1086 345 1210 374 congre-

148 390 237 422 gataS,
255 381 298 410 seu
313 377 520 417 congregandas
536 376 687 414 (Navibus
701 377 724 406 F
726 376 838 406 landriae
853 377 995 406 dumtaxat
1007 375 1147 414 exceptis)
1161 383 1211 404 ex-

146 429 223 450 nunc
245 429 298 456 pro
318 418 422 448 viribus
444 417 614 455 expugnari,
628 416 662 446 &
681 415 784 446 destrui
806 415 929 453 faciatis,
946 414 1106 454 priusquam
1120 413 1150 443 in
1165 413 1209 442 ni-

147 458 233 487 miam
254 456 397 494 Claflem,
415 455 459 485 seu
479 455 689 484 multitudinem
702 461 932 492 congregentur,
947 463 996 492 per
1012 452 1091 491 quod
1104 451 1211 489 majora

147 496 271 533 dampna
287 503 418 533 poterunt
434 494 560 531 evenire,
578 502 610 523 ut
625 493 662 524 sic
677 493 745 532 ipsi,
765 492 850 530 primi
865 493 993 523 au&ores
1007 491 1090 529 mali,
1108 489 1210 520 exinde

146 535 272 573 primum
287 534 445 571 dampnum
458 532 592 569 sentiant,
610 532 644 563 &
659 531 741 562 nobis
755 532 788 562 ὃς
802 530 901 561 nostris
912 531 948 561 de
961 530 1084 567 ipsorum
1101 528 1211 559 malitiis

145 582 290 610 caveatur,
309 571 507 609 Exploratores
523 569 615 601 fideles
638 571 671 600 ὅ(
690 569 855 600 sufficientes
865 569 944 610 super
957 570 1028 607 hiis,
1045 568 1092 598 die
1105 576 1139 598 ac
1153 576 1208 597 no-

147 613 213 648 ete,
229 611 366 641 continue
381 610 530 648 habentes,
549 620 585 639 ne
599 609 788 647 decipiamini.

187 650 358 689 Accepimus
378 658 502 687 namque
522 658 538 678 a
562 648 724 688 fidedignis,
750 646 845 685 quod,
865 647 895 676 in
916 645 1051 685 plerisque
1068 644 1212 675 Portubus

148 689 183 719 &
200 688 358 718 Littoribus
374 687 583 725 Normanniae,
602 686 700 717 Naves
713 685 748 716 de
764 685 876 716 Guerra
890 686 919 715 in
935 684 1040 722 magnii
1054 683 1211 714 multitudi-

148 737 185 758 ne
199 726 261 756 sunt
275 728 304 756 in
316 725 457 766 parando,
475 726 509 756 &
521 726 649 765 plurimae
663 726 787 755 omnino
806 733 907 761 paratae
921 724 954 755 &
967 729 1090 753 armatae.

186 764 329 796 Volumus
341 765 426 796 etiam
436 787 445 803 ,
463 764 495 794 δε
508 764 589 794 vobis
602 764 777 802 injungimus
786 763 836 802 ,&
850 762 1032 799 mandamus,
1044 760 1215 800 quod,sub-

143 804 204 835 latis
222 804 410 843 cujuscunque
429 803 488 833 odii
511 803 557 833 vel
578 801 692 833 invidiae
712 802 859 832 fomitibus
880 824 890 839 ,
911 803 982 830 inter
1000 809 1052 830 vos
1073 802 1108 832 &
1129 799 1215 838 quos-

147 851 277 880 cumque
290 842 400 873 Nautas
414 841 461 871 Re
481 842 526 880 ni,
544 842 590 871 vel
606 839 752 871 Potestatis
762 840 866 870 nostrae
880 840 915 870 de
931 838 1053 876 Baiona,
1071 837 1118 869 vel
1129 838 1214 876 alibi,

146 890 211 912 ante
231 882 294 912 haec
316 889 444 918 tempora
453 850 572 911 gibonis
591 880 628 917 (si
643 880 691 918 qui
703 881 773 915 lint)
791 877 901 908 firmam
915 878 1073 908 amicitiam
1086 877 1214 908 invicem

147 921 264 951 teneatis
285 920 319 951 &
343 919 512 956 observetis3
531 928 564 949 ac
585 928 685 949 omnes
706 918 739 949 &
760 917 881 947 sinoulos
894 916 1017 947 subditos
1028 916 1108 955 ipsius
1124 915 1215 954 Regis

149 958 297 997 Franciae,
315 958 424 989 Nautas
445 959 478 988 ὃς
501 958 584 995 alios,
602 966 715 987 exnunc
737 955 772 986 de
790 941 901 986 &nerra
921 956 1059 993 gravetis,
1076 954 1145 986 sicut
1163 953 1212 991 ipfi

148 1007 202 1028 nos
216 998 249 1027 &
264 997 374 1028 nostros
387 1006 499 1035 gravare
513 997 655 1034 nituntur,

187 1035 297 1074 Nova,
314 1045 398 1073 penes
419 1045 470 1065 vos
491 1036 680 1074 emergentia,
697 1042 764 1065 cum
780 1032 957 1071 emerserint,
974 1032 1075 1070 nobis,
1092 1032 1128 1063 de
1140 1040 1215 1063 tem-

147 1083 218 1114 pore
231 1075 260 1104 in
275 1084 403 1112 ternpus,
421 1073 612 1113 fignificantes.

189 1113 302 1143 Eodem
323 1112 415 1142 modo
435 1112 630 1142 mandavimus
650 1112 784 1142 omnibus
804 1111 837 1142 &
858 1110 970 1147 lingulis
991 1133 1001 1149 ,
1033 1109 1193 1148 Maioribus
1207 1131 1218 1147 ‚

148 1150 276 1219 Ballstiv'is,
293 1152 326 1182 &
349 1150 613 1182 Communitatibus
635 1150 777 1180 Portuurn
796 1150 830 1180 δε
851 1148 998 1180 Littorum
1014 1148 1103 1179 Maris
1116 1148 1217 1186 Regni

149 1200 190 1220 no
219 1200 262 1219 ri-

192 1214 316 1259 Scie’ntes
337 1228 416 1268 quod
435 1229 598 1258 intentionis
622 1226 726 1257 nostrae
747 1236 806 1255 non
829 1225 944 1265 existit,
968 1225 1048 1265 quod
1069 1224 1215 1255 Homines

151 1266 346 1305 lvlercatores,
363 1267 407 1297 seu
427 1267 489 1305 alii,
507 1268 553 1304 qui
580 1275 641 1296 non
662 1265 723 1295 sunt
737 1265 772 1295 de
784 1263 930 1294 Dominio
946 1265 979 1295 &
993 1263 1134 1295 Potestate
1147 1263 1217 1294 dieti

151 1305 240 1344 Regis
255 1329 264 1344 ,
284 1316 337 1336 nec
358 1306 421 1336 alias
441 1305 476 1335 de
498 1304 591 1335 Terra
606 1327 616 1342 ,
634 1313 733 1334 contra
752 1313 803 1332 nos
826 1302 969 1333 Guerrina
982 1326 991 1342 ,
1016 1304 1049 1333 &
1073 1303 1217 1342 praecipue

153 1343 329 1374 Mercatores
349 1344 384 1374 de
405 1344 509 1382 Regno
531 1343 644 1381 nostro,
664 1352 712 1380 per
736 1341 819 1372 Mare
841 1341 1023 1381 incedentes,
1041 1352 1090 1380 per
1110 1350 1162 1371 vos
1184 1341 1215 1370 in

151 1382 246 1417 aliquo
265 1383 497 1418 occasionentur,
515 1381 559 1411 seu
581 1380 824 1418 dampnificentur.

190 1420 280 1452 Teste
292 1421 376 1459 Rege
388 1421 462 1458 apud
478 1419 681 1457 Porcestriam,
699 1419 835 1451 vicesimo
848 1418 972 1449 secundo
983 1418 1027 1449 die
1036 1418 1112 1457 Julii.

789 1497 844 1525 Per
856 1494 938 1534 ipsimi
950 1498 1054 1534 Regem.

311 1573 425 1604 Eodem
447 1573 537 1604 modo
557 1573 687 1605 scribitur
709 1572 885 1614 subscriptis,
903 1572 1052 1611 videlicet,

190 1649 363 1689 Baronibus,
382 1650 508 1690 Ballivis,
524 1652 558 1683 &
574 1649 786 1682 Communitati
800 1649 874 1681 villae
887 1649 1059 1688 Dovorriae,
1077 1649 1140 1681 &c.

308 1787 490 1831 Repetuntur
513 1788 620 1819 Literae
634 1796 691 1832 pro
714 1787 846 1818 Domino
874 1784 910 1817 de
924 1785 1065 1818 Sulliaco,

158 1869 297 1939 Rlssffl·
311 1870 461 1909 omnibus,
480 1870 604 1910 Bauivis,
622 1870 655 1903 &
677 1870 804 1902 fidelibus
819 1871 888 1910 suis,
905 1871 941 1902 ad
954 1881 1043 1912 qu08,
1064 1871 1124 1903 &c.
1141 1870 1222 1903 Salu-

197 1947 295 1978 Sciatis
315 1947 394 1986 quod
407 1971 417 1986 ,
442 1948 514 1979 cum
536 1948 680 1979 mittamus
693 1972 702 1987 ,
729 1948 867 1979 dileetum
888 1948 922 1979 &
943 1948 1054 1979 fidelem
1076 1947 1224 1987 nostrum,

159 1983 323 2016 Henricum
337 2008 347 2024 ,
380 1986 545 2016 Dominum
564 1987 600 2017 de
618 1987 742 2017 Sulliaco
762 1987 854 2017 versus
877 1995 966 2026 partes
987 1987 1114 2018 Franciae
1126 2009 1139 2026 ,
1163 1985 1225 2021 ὅγε.

152 2031 235 2062 prout
246 2023 332 2063 ficpra
348 2025 381 2054 de
399 2027 433 2055 16
447 2024 508 2063 Jul
529 2024 607 2065 usque
619 2025 675 2054 haec
690 2024 797 2061 verba,·
816 2028 878 2054 viz.

156 2062 464 2134 turltpmci‘iijktlirsaffiirasecc.
480 2063 562 2104 usque
575 2064 609 2094 ad
626 2064 741 2095 Festum
755 2064 851 2095 Sanffl
867 2062 1019 2094 Michaelis
1031 2063 1167 2102 proximo
1182 2063 1227 2095 fu-

195 2140 284 2172 Teste
298 2139 380 2180 Rege
392 2141 466 2180 apud
480 2140 667 2173 Porcestriam
674 2165 685 2181 ,
703 2141 841 2174 vicefimo
855 2140 933 2172 sexto
945 2139 991 2171 die
1001 2140 1079 2180 Julii.

790 2221 845 2250 Per
859 2217 941 2258 ipsicm
955 2220 1061 2257 Regem.

317 2257 417 2297 Duppl.

162 2383 252 2418 *Ad
276 2386 391 2429 Papam
406 2410 415 2425 ‚
437 2384 528 2429 fhper
557 2388 741 2430 attemptatis
765 2387 797 2416 in
822 2384 985 2428 Vasconia,
1009 2386 1046 2422 ὠ
1065 2383 1146 2430 quod
1160 2387 1227 2417 Rex

327 2430 405 2464 nihil
424 2436 604 2464 intentatam
624 2433 746 2479 reliquit
758 2443 813 2478 pro
829 2435 905 2465 Pace
921 2430 1070 2465 habenda.

161 2518 210 2579 P
221 2516 327 2549 APAE
344 2516 409 2547 Rex
422 2517 525 2547 devota
540 2517 647 2556 pedum
658 2516 752 2547 oscula
768 2517 924 2548 beatorum.

266 2555 446 2586 praesentatas
467 2557 549 2586 nobis
572 2566 642 2594 per,
660 2555 811 2586 discretum
833 2555 954 2593 Virum,
974 2555 1145 2594 Magistrum
1164 2556 1228 2588 Hu-

161 2605 268 2635 gonem
282 2595 318 2625 de
333 2593 630 2633 Ingolism0,vestrum
646 2595 679 2625 &
697 2593 873 2633 Apostolicae
887 2594 964 2624 Sedis
978 2595 1007 2624 in
1022 2594 1125 2633 Anglia
1138 2595 1228 2626 Nun-

161 2636 257 2672 cium,
275 2633 413 2665 vicesimo
436 2632 479 2663 die
504 2632 609 2663 Mensis
625 2633 710 2671 Julii,
729 2634 758 2663 in
777 2631 881 2663 Castro
894 2633 991 2663 nostro
1003 2633 1039 2663 de
1054 2633 1228 2671 Porcestria,

162 2673 267 2704 Literas
289 2671 390 2703 vestrae
410 2671 649 2709 Mansuetudinis,
674 2671 710 2701 de
731 2671 798 2702 Dat.
820 2673 847 2702 6.
870 2671 954 2701 Non.
976 2671 1099 2708 ejusdem
1121 2671 1229 2703 Mensis

157 2712 241 2752 Julii,
258 2721 326 2741 cum
341 2709 437 2740 debita
450 2711 606 2748 recepimus
620 2710 792 2748 reverentia,
808 2711 880 2740 inter
894 2709 945 2739 alia
958 2711 1137 2740 continentes
1146 2733 1156 2748 ,

204 2750 351 2788 Qaliter,
372 2757 508 2788 percepto
529 2748 640 2779 dudum
661 2748 739 2786 quod
756 2748 837 2778 Pacis
851 2747 1003 2787 AEmulus,
1022 2749 1093 2779 inter
1108 2758 1177 2787 nos,
1194 2749 1228 2780 &

163 2788 331 2820 Dominum
347 2787 462 2824 Regem
478 2787 601 2817 Franciae
616 2788 649 2817 &
662 2786 802 2817 Navarrae
815 2785 968 2823 illustrem,

201 2826 361 2856 Occalione
374 2825 563 2863 quorumdam
577 2825 768 2862 Excessuum,
787 2826 816 2854 in
831 2824 943 2855 Bastidri
958 2825 1055 2855 Sanffl
1070 2825 1229 2857 Sacerdotis

164 2864 411 2901 Commissorum,
432 2864 465 2894 δε
487 2862 691 2901 Proceffuum,
712 2865 820 2894 ratione
845 2863 1011 2894 eorumdem
1033 2863 1227 2905 Excessuum,

164 2912 264 2934 contra
284 2903 436 2933 nonnullos
457 2900 568 2932 nostros
583 2901 727 2933 Officiales
741 2903 773 2933 &
787 2902 939 2941 Subditos,
957 2912 1005 2940 per
1021 2901 1142 2933 Curiam
1156 2913 1231 2943 prae-

163 2943 212 2973 fati
226 2941 328 2980 Regis,
346 2940 488 2970 fastorum
500 2962 510 2977 ,

202 2980 392 3010 Zizaniorum
411 2979 515 3017 jecerat
534 2977 662 3016 Semina,
682 2989 763 3018 quae,
780 2986 810 3009 ut
831 2980 880 3009 suo
900 2979 1121 3017 praefocarentur
1136 2981 1167 3010 in
1183 2990 1232 3010 or-

165 3028 212 3056 tu,
232 3019 313 3048 nobis
326 3017 422 3057 saepius
438 3016 599 3054 scripseratis
612 3025 641 3046 ut
655 3017 688 3047 ad
705 3027 751 3054 ea,
770 3028 833 3055 quae
849 3017 927 3048 Pacis
940 3018 1018 3056 sunt,
1036 3019 1165 3049 animum
1179 3020 1230 3050 dis-

164 3067 351 3098 poneremus,
369 3065 422 3096 pro
445 3054 657 3085 Dissensionum
678 3054 897 3087 Discriminibus
909 3056 1098 3087 declinandis:

205 3096 262 3134 Et,
282 3096 301 3125 si
323 3105 372 3135 per
390 3093 540 3124 Processus
560 3093 726 3131 praedictos,
744 3095 853 3125 habitos
867 3095 911 3124 vel
927 3095 1089 3133 habendos,
1108 3095 1232 3128 aestima-

168 3145 261 3166 remus
279 3134 340 3172 Juri
358 3133 459 3164 nostro
478 3134 506 3162 in
523 3132 616 3171 aliquo
632 3132 774 3170 derogari,
798 3133 961 3163 instaremus
981 3133 1040 3163 illos
1059 3144 1108 3171 per
1131 3135 1233 3165 modos

168 3173 344 3211 amicabiles,
362 3173 395 3202 &
411 3172 501 3212 licitos
515 3171 656 3208 revocari,
675 3172 709 3200 ad
725 3172 800 3208 quod
812 3194 820 3208 ,
839 3171 910 3208 apud
922 3172 1091 3208 praediEfflm
1108 3172 1233 3212 Regem,

171 3213 218 3244 cui
234 3211 311 3248 super
325 3212 377 3241 hiis
391 3211 441 3241 scii
463 3210 568 3247 ieratis,
586 3219 637 3239 vos
652 3208 790 3248 optulistis
807 3210 899 3239 iedule
915 3210 1072 3240 instituros:

206 3250 246 3280 Et
261 3250 377 3287 qualiter
391 3259 430 3286 po
457 3248 596 3286 modum,

209 3288 359 3319 inteneeto
382 3287 462 3325 quud
484 3286 518 3316 ad
539 3287 620 3322 ipsius
640 3284 728 3325 Regis
742 3285 915 3324 praesentiam
929 3285 1084 3322 solempnes
1098 3286 1234 3317 Nuncios

168 3328 350 3365 miseramus,
366 3326 513 3362 videlicet,
532 3324 730 3355 Venerabilem
753 3324 882 3361 Patrem,
902 3323 1154 3364 Archiep'iscopum
1169 3325 1234 3356 Du-

167 3366 351 3404 bliniensem,
369 3365 420 3401 &,
441 3363 578 3393 dilectum
599 3363 726 3393 Fratrem
745 3364 779 3394 &
796 3363 921 3393 Fidelem
937 3361 1083 3399 nostrum,
1103 3363 1234 3394 Edmun-

169 3405 242 3435 dum
266 3403 419 3434 Comitem
442 3402 572 3439 Kantiae,
591 3403 639 3440 qui
659 3411 727 3432 cum
745 3401 848 3432 eodem
867 3401 949 3441 Rege
962 3401 1145 3431 amicabiliter
1156 3402 1235 3440 super

170 3443 317 3481 praerrslffis
330 3442 496 3473 dicebantur
508 3439 671 3470 convenisse
679 3463 688 3478 ,

208 3481 272 3512 Cor
284 3480 410 3511 vestrum
426 3481 454 3509 iri
471 3478 606 3509 Domino
620 3479 765 3515 exultavit,
783 3477 838 3516 set,
855 3477 1067 3516 subsequenter,
1085 3478 1233 3518 displicen-

170 3528 213 3551 ter
234 3520 356 3558 audivit,
376 3518 457 3557 quod
478 3517 587 3555 praefati
608 3516 696 3546 nostri
716 3517 829 3547 Nuncii
850 3516 955 3547 nedum
975 3517 1151 3555 recusabant,
1170 3528 1235 3555 quae

171 3559 368 3596 promiserant,
386 3557 551 3594 adimplere,
568 3557 661 3585 immo
679 3555 713 3585 ad
735 3555 919 3585 resistendum
940 3555 1014 3593 Regi
1031 3555 1147 3592 praefato
1165 3557 1236 3592 (vo-

172 3598 241 3627 lenti
266 3596 363 3626 Aresta
380 3596 442 3633 sua,
458 3594 562 3635 prolata
577 3602 676 3624 contra
690 3593 782 3624 dietos
794 3593 905 3624 nostros
919 3592 1065 3623 Officiales
1079 3595 1112 3625 &
1131 3593 1235 3624 Subdi-

174 3643 234 3672 tos,
252 3636 369 3674 exequi)
390 3643 459 3664 cum
481 3633 638 3662 Armorum
652 3631 783 3663 Potentia
795 3632 822 3662 se
835 3632 983 3670 parabant:

213 3674 329 3711 Quibus
347 3675 377 3703 in
399 3672 620 3702 consideratione
641 3670 781 3709 deduCtis,
800 3680 832 3701 ac
848 3669 996 3708 dispendiis
1008 3671 1106 3708 variis,
1123 3679 1186 3708 quae
1201 3680 1235 3700 ex

177 3710 341 3740 dissensione
360 3710 518 3748 hujusmodi
537 3709 628 3748 sequi,
646 3719 759 3740 necnon
781 3709 814 3740 &
828 3708 1057 3748 Impedimentis,
1075 3717 1139 3749 quae
1153 3717 1187 3738 ex
1202 3708 1236 3739 ea

179 3749 360 3779 transmarino
372 3749 502 3787 Passagio
517 3749 604 3787 ingeri
616 3748 741 3788 possent,
760 3747 874 3788 pensatis
880 3759 892 3792 ᾖ

218 3785 302 3822 Nos,
318 3796 365 3824 per
379 3787 485 3817 easdem
503 3786 636 3824 Litteras,
655 3786 760 3817 solicite
777 3785 958 3824 exhortastis,
975 3784 1118 3824 quatinus,

181 3860 188 3866 ⁴
214 3822 365 3853 Praemiffis
385 3825 529 3863 diligenter
549 3826 681 3863 attentis,
705 3834 819 3854 necnon
840 3832 976 3864 quantum
1001 3824 1033 3854 sit
1055 3821 1238 3861 reputandum

179 3860 358 3903 indecens&
371 3862 536 3900 absurdum,
554 3862 716 3901 Principes,
735 3863 810 3894 tantii
824 3862 937 3893 Consan
959 3863 1071 3892 uinitate
1088 3862 1121 3892 δε
1134 3860 1238 3891 Affini-

180 3906 236 3940 tate
257 3900 441 3937 conJunCtos,
459 3901 495 3929 sic
517 3910 568 3937 pro
583 3902 707 3930 minimis
721 3901 771 3931 sibi
786 3902 909 3932 invicem
923 3911 936 3930 a
959 3900 1056 3931 versari
1072 3910 1078 3929 z
1098 3901 1181 3938 quam
1203 3909 1238 3929 ue

182 3938 214 3966 iit
236 3937 265 3966 in
285 3935 407 3966 Vassallo
427 3938 630 3976 periculosum,
649 3940 682 3969 ὅτ
702 3940 913 3976 reprehensibile
926 3939 1108 3977 judicandum
1121 3937 1170 3967 suo
1206 3948 1239 3967 u-

182 3975 285 4017 periori
307 3975 343 4004 sic
364 3974 478 4018 Armati
491 3985 575 4017 manu
592 3977 712 4007 reiistere
725 3978 803 4017 super
819 3977 886 4015 hiis,
903 3987 968 4016 quae
982 3987 1029 4013 per
1044 3976 1133 4014 ipsum
1148 3975 1237 4014 Supe-

181 4022 287 4043 riorem
308 4012 368 4043 sunt
381 4012 541 4051 iudicialiter
555 4014 679 4046 ordinata
696 4025 702 4044 z
720 4014 915 4054 quantumque
929 4014 1024 4046 nostra
1035 4023 1164 4054 gravetur
1177 4015 1240 4053 opi-

1244 335 1357 405 gentia,
1373 336 1462 368 effuse
1484 347 1532 376 per
1550 337 1656 370 nostras
1676 339 1781 370 Literas
1802 341 1828 371 ei
1849 340 1929 380 data,
1943 342 2116 373 contrarium
2136 353 2250 383 arguere
2266 348 2309 379 vi-

1265 383 1361 414 eatur,
1682 394 1688 400 ·

1282 413 1368 444 Viam
1382 413 1558 454 hujusmodi,
1576 417 1658 447 tantis
1670 416 1802 447 onustam
1817 417 1962 456 periculis,
1981 418 2117 450 vellemus
2129 421 2251 461 evitare,
2267 424 2311 465 ὃς,

1246 452 1284 492 fi,
1301 462 1352 492 per
1365 452 1471 497 ‚Aresta
1493 456 1648 494 praemissa,
1667 456 1845 487 crederemus
1863 457 1964 487 nostris
1978 457 2094 497 Juribus
2115 461 2312 498 praejudicium

1246 500 1396 536 generari,
1421 502 1481 536 non
1504 493 1616 525 Viribus
1636 495 1675 525 set
1692 495 1806 533 Juribus
1820 518 1830 534 ,
1852 505 1914 526 non
1934 496 2125 536 congreffibus
2143 496 2253 530 Bellicis
2272 501 2311 532 set

1247 540 1300 562 viis
1319 529 1465 575 Pacificis,
1483 531 1610 564 nostram
1628 533 1770 572 Justitiam
1784 533 1912 572 prosequi
1924 544 2100 575 curaremus;

1283 568 1352 613 Nos
1372 570 1584 614 itaqueQPater
1604 573 1725 611 Sancte,
1745 572 1889 611 praemiss‘is
1908 573 1942 605 &
1958 574 2035 614 aliis,
2050 575 2080 605 in
2096 575 2199 607 eisdem
2212 576 2312 609 Literis

1249 606 1348 639 vestris
1367 615 1527 653 contentis,
1541 613 1677 649 recitatis,
1693 612 1727 643 ὃς
1749 611 1842 642 seduli
1861 611 2063 644 deliberatione
2077 615 2244 656 inteneetis,
2262 619 2311 648 etsi

1249 657 1298 691 ea,
1316 655 1350 676 ex
1370 645 1521 692 affedkiorie
1533 649 1692 688 puriffima,
1709 660 1761 690 pro
1775 650 1881 689 nostri,
1897 661 1930 682 ac
1944 651 2132 691 subjeetarum
2147 655 2233 686 nobis
2247 656 2313 687 Na-

1249 694 1364 729 tionum
1380 686 1567 726 tranquilitate
1585 689 1619 720 &
1639 691 1750 728 quiete,
1769 689 1902 730 prodiisse
1913 691 2067 723 nullatenus
2082 694 2245 732 ignoremus
2258 695 2313 729 (de

1250 734 1309 764 quo
1325 724 1413 768 digna
1432 724 1555 771 laudum·
1568 729 1728 767 praeconia,
1744 729 1777 759 &
1800 731 1950 768 gratiarum
1963 731 2062 762 uberes
2075 733 2198 764 actiones
2212 735 2314 766 vestrae

1250 763 1396 807 referimus
1413 763 1575 804 Sanctitati)
1593 766 1692 806 grandi
1710 777 1805 798 tamen
1825 777 1860 798 ex
1872 769 1924 799 hiis
1936 768 2059 810 fuimus,
2074 781 2129 802 nec
2145 773 2313 813 immerito,

1250 801 1435 847 admiratione
1452 806 1596 842 permoti;
1613 805 1764 843 praesertim
1777 806 1866 844 cum,
1881 807 1960 846 super
1973 809 2135 849 praemissis,
2152 812 2245 843 cordis
2259 823 2314 844 no-

1252 840 1300 871 stri
1321 840 1504 878 desiderium,
1524 844 1558 875 &
1579 844 1741 874 intentionis
1759 845 1955 885 propositum,
1971 848 2051 879 simul
2069 858 2137 879 cum
2161 850 2228 889 hiis,
2248 862 2314 890 quae

1251 890 1302 918 per
1319 880 1469 924 praefatum
1489 880 1605 926 Regem
1623 883 1657 913 &
1677 882 1788 913 nostros
1810 883 1950 916 Nuncios
1970 887 2047 926 gesta
2067 887 2196 929 fuerunt,
2214 891 2315 921 vestrae

1253 917 1426 949 Clementiae
1445 919 1633 959 scripserimus
1652 921 1770 951 seriatim
1789 923 1899 954 vicibus
1917 925 2024 956 iteratis.

1290 956 1400 1002 Verum
1417 957 1484 988 illud
1505 959 1613 990 causam
1634 959 1740 990 nostrae
1752 960 1943 992 admirationis
1956 972 2102 1004 extenuat,
2119 968 2183 1004 quia
2197 967 2315 998 firmiter

1252 996 1395 1027 credimus
1411 997 1491 1036 quod
1504 997 1538 1028 ad
1553 997 1675 1029 vestram
1688 999 1820 1029 notitiam
1836 999 1996 1038 hujusmodi
2011 1004 2117 1035 nostrae
2133 1006 2237 1036 Literae
2251 1008 2317 1037 nul-

1252 1035 1359 1066 latenus
1378 1045 1585 1074 pervenerunt,
1599 1037 1772 1067 conicientes
1792 1038 1977 1069 verisimiliter
1994 1043 2090 1081 quod,
2108 1043 2129 1073 si
2142 1055 2184 1075 eas
2197 1048 2316 1086 recepis-

1253 1074 1329 1112 setis,
1346 1075 1427 1105 nobis
1441 1076 1470 1105 in
1486 1075 1579 1106 forma
1592 1074 1727 1113 praeditsta
1740 1086 1800 1105 non
1814 1075 1926 1107 fuissent
1940 1077 2044 1110 dire‹sta
2056 1081 2164 1120 Scripta
2179 1084 2277 1115 vestra.

1291 1113 1347 1152 Et,
1365 1121 1395 1143 ut
1415 1113 1601 1144 nihilominus
1621 1113 1777 1153 diligentia,
1794 1124 1879 1152 quam
1901 1117 2077 1153 apposuimus
2091 1130 2155 1160 erga
2169 1124 2317 1161 praefatum

1255 1151 1388 1196 Regem,
1406 1163 1467 1190 pro.
1479 1152 1553 1184 Pace
1573 1152 1750 1191 obtinendi,
1770 1154 1917 1191 nostraque
1932 1155 2098 1189 Innocentia
2115 1161 2215 1192 vestrae
2231 1162 2321 1193 Beati-

1255 1191 1345 1221 tudini
1367 1192 1468 1222 claritis
1481 1192 1672 1229 innotescant,
1689 1192 1828 1222 diffluum
1846 1192 2001 1224 Literarum
2015 1195 2176 1229 nostrarum
2192 1207 2301 1232 tenores

1255 1239 1289 1260 ex
1312 1229 1446 1269 Registro
1466 1230 1566 1260 nostro
1579 1229 1750 1269 assumptos,
1769 1240 1803 1261 ex
1816 1231 2005 1272 habundanti,
2022 1233 2073 1264 sub
2085 1234 2186 1274 Sigillo
2199 1239 2299 1271 nostro
2309 1225 2319 1239 ³

1254 1267 1355 1300 vestrae
1369 1270 1505 1300 mittimus
1520 1269 1684 1307 Sanetitati3
2307 1263 2318 1279 ²

1292 1306 1472 1338 *Humiliter
1492 1308 1674 1346 supplicantes
1696 1315 1745 1345 ut,
1764 1307 1803 1338 eis
1824 1307 1968 1348 inspeffitis,
1987 1310 2020 1340 δε
2044 1311 2126 1342 rebus
2140 1313 2222 1352 gestis
2234 1326 2319 1356 aequo

1254 1344 1402 1376 libramine
1424 1346 1582 1384 ponderatis
1617 1355 1677 1375 non
1690 1346 1839 1376 arbitretur
1854 1347 1944 1378 vestra
1958 1347 2117 1388 Benignitas
2150 1353 2210 1383 uod
2224 1354 2321 1387 Guer-

1255 1393 1333 1423 ram,
1351 1395 1421 1415 cum
1440 1386 1558 1424 praefato
1578 1369 1677 1429 Rege,
1694 1385 1764 1430 inire
1785 1387 1958 1424 appetimus,
1977 1397 2063 1425 quarn
2080 1362 2174 1421 modis
2186 1394 2322 1425 omnibus

1257 1423 1348 1492 ([31νὲ
1369 1424 1599 1493 εἷςὴεετεάαῑίοηϋ
1619 1424 1736 1462 lnjurla)
1755 1425 1890 1463 quatenus
1910 1426 1993 1456 nobis
2012 1426 2055 1457 est
2077 1429 2223 1470 possibile,
2241 1434 2322 1473 cupi.

1256 1470 1319 1491 mus
1350 1472 1383 1493 ec
1395 1473 1477 1494 inare.

1294 1499 1465 1546 Caeterum,
1480 1511 1515 1532 ne
1536 1502 1686 1541 quicquam
1707 1499 1743 1545 de
1756 1501 1828 1540 hiis,
1845 1511 1910 1542 quae
1924 1502 1989 1542 post
2006 1503 2071 1535 haec
2085 1505 2162 1543 gesta
2178 1507 2255 1547 sunt,
2272 1519 2322 1540 ve-

1257 1537 1323 1568 strae
1337 1541 1585 1578 circumlpeffloni
1596 1542 1777 1579 incognitum
1795 1541 1981 1580 relinquatur,
1998 1542 2035 1573 ad
2048 1543 2125 1574 diem
2141 1544 2321 1579 O&abarum

1257 1576 1425 1610 Nativitatis
1447 1579 1543 1610 Sanc‘ti
1554 1579 1692 1617 Johannis
1703 1578 1851 1619 Baptistae,
1868 1581 1923 1617 jam
1936 1581 2125 1621 praeteritum,

1283 1616 1399 1661 'Qem
1415 1617 1490 1649 idem
1506 1617 1571 1648 Rex
1586 1628 1639 1648 nos
1652 1618 1757 1648 habere
1769 1618 1959 1658 praetendebat
1973 1619 2136 1661 Ambiano,
2152 1623 2188 1654 ad
2204 1623 2321 1656 Homa-

1259 1663 1342 1700 gium
1363 1657 1413 1687 sibi
1426 1657 1603 1693 faciendum,
1620 1665 1790 1695 quamquam
1805 1656 1884 1696 super
1898 1657 1972 1696 hoc,
1986 1668 2074 1703 prout
2092 1663 2178 1692 moris
2190 1662 2232 1693 est
2262 1674 2325 1694 non

1257 1694 1417 1734 fuissemus,
1435 1697 1465 1726 in
1478 1696 1560 1727 dicto
1572 1694 1687 1726 Ducatu
1700 1694 1816 1733 nostre,
1833 1695 1879 1726 seu
1890 1696 1992 1727 alicubi
2028 1697 2156 1738 legitime
2172 1687 2327 1739 praer'nuni.

1258 1734 1298 1770 ti,
1317 1744 1371 1765 nec
1392 1735 1427 1765 ad
1446 1735 1544 1765 locum
1565 1733 1632 1765 illud
1652 1733 1735 1764 nobis
1757 1741 1832 1764 tutus
1847 1735 1964 1774 'patebat
2014 1737 2137 1777 cceffus,
2156 1749 2227 1770 cum
2246 1740 2325 1771 idern

1259 1770 1326 1802 Rex
1348 1783 1417 1804 tunc
1439 1773 1623 1805 Excercitum
1646 1773 1781 1812 grandem
1802 1782 2023 1813 convocaverat,
2039 1776 2072 1806 ad
2094 1777 2278 1816 equitandum
2289 1778 2328 1811 de

1261 1809 1374 1843 Guerra
1392 1813 1421 1843 su
1442 1823 1472 1843 er
1486 1823 1554 1851 nos,
1572 1812 1605 1843 &
1620 1811 1769 1842 Ducatum
1784 1810 1917 1842 nostrum
1931 1813 2099 1850 praedietum

1297 1849 1399 1882 Certos
1414 1821 1614 1882 Ierocuratores
1626 1850 1753 1887 nostrOS,
1772 1859 1840 1880 cum
1853 1850 2002 1883 sufficienti
2017 1838 2178 1893 Potesiate,

1300 1888 1346 1920 Ad
1364 1890 1538 1929 allegandum
1560 1888 1767 1927 impedimenta
1786 1889 1820 1919 &
1836 1889 2034 1921 Excusationes
2049 1901 2103 1930 pro
2115 1894 2213 1932 nobis,
2230 1893 2326 1933 quoad

1262 1938 1323 1959 non
1343 1928 1594 1967 Comparitionem
1614 1927 1738 1958 nostram
1758 1927 1792 1958 ad
1804 1928 1882 1958 diem
1895 1930 1929 1959 &
1943 1929 2042 1960 locum
2053 1931 2219 1971 praedictos,
2239 1934 2273 1965 &
2293 1943 2326 1965 ea

1263 1968 1444 2007 probandum
1463 1968 1492 1997 in
1514 1966 1609 1998 forma
1619 1966 1710 2006 Juris,
1729 1965 1797 1997 loco
1810 1968 1843 1998 &
1857 1974 1986 2004 tempore
1999 1972 2163 2009 oportunis,
2181 1971 2215 2001 &
2230 1971 2264 2001 ad
2278 1971 2326 2001 of-

1263 2006 1411 2037 ferendum
1431 2006 1523 2037 eidem
1545 2006 1618 2045 Regi
1640 2015 1692 2035 nos
1713 2013 1820 2044 paratos
1838 2005 1895 2035 effe
1913 2005 1981 2044 Jiira
1995 2007 2104 2045 nostra,
2119 2009 2212 2046 quoad
2226 2009 2327 2042 Aresta

1262 2044 1307 2075 sua
1328 2045 1479 2083 praedieta,
1495 2046 1528 2076 ὃς
1548 2054 1582 2075 ea
1594 2044 1805 2083 contingentia,
1823 2047 1954 2083 congruis
1969 2045 2037 2076 loco
2052 2047 2084 2076 &
2098 2055 2243 2086 tempore,
2258 2058 2330 2079 curn

1263 2085 1297 2116 ad
1311 2085 1368 2114 hoc
1382 2084 1391 2114 l
1428 2085 1509 2114 {time
1524 2084 1620 2115 vocati
1634 2083 1679 2113 seu
1691 2083 1852 2120 praemuniti
1864 2082 2015 2121 fuerimus,
2033 2093 2209 2124 proponere,
2227 2087 2328 2125 allega-

1264 2134 1310 2162 re,
1328 2122 1409 2154 osten
1430 2133 1494 2161 ere,
1512 2122 1546 2153 &
1564 2122 1684 2159 docere,
1700 2130 1786 2161 prout
1806 2121 1843 2151 de
1861 2122 1919 2159 jure
1940 2130 1988 2153 aut
2001 2123 2205 2154 consuetudine
2221 2133 2329 2157 tenere-

1265 2173 1345 2200 mur,
1364 2163 1397 2193 &
1411 2162 1549 2200 judicium
1563 2160 1660 2191 Curiae
1673 2159 1754 2199 ipsius
1768 2159 1857 2199 Regis
1868 2159 1948 2197 super
1961 2160 2019 2192 hoc
2032 2161 2224 2203 subeundum,

1303 2201 1349 2232 Ad
1360 2201 1533 2240 praesentiam
1547 2200 1628 2238 ipsius
1641 2198 1731 2239 Regis
1743 2197 1953 2229 destinavimus.

1302 2240 1349 2271 Ac
1362 2240 1557 2278 subsequenter
1565 2261 1575 2276 ,

1304 2278 1472 2309 Accedente
1492 2277 1527 2308 ad
1547 2286 1600 2306 nos
1619 2284 1727 2314 nuper,
1745 2274 1852 2306 Nobili
1870 2274 1962 2314 Viro,
1985 2275 2118 2309 Henrico
2138 2278 2274 2309 Domino
2295 2279 2333 2310 de

1264 2317 1406 2355 Sulliaco,
1423 2316 1593 2348 Buticulario
1614 2314 1759 2353 Franciae,
1778 2324 1847 2344 cum
1872 2314 1970 2345 vestris
1992 2316 2094 2348 Literis
2111 2317 2147 2348 de
2160 2317 2331 2358 credentia,

1265 2357 1299 2388 &
1318 2357 1417 2394 nobis,
1436 2365 1501 2394 quae
1514 2355 1565 2385 fibi
1579 2363 1628 2394 per
1641 2362 1693 2384 vos
1706 2352 1832 2391 injunfita
1844 2352 1973 2393 fuerant,
1990 2355 2097 2386 solicite
2109 2364 2285 2394 exponente,

1303 2393 1439 2425 Volentes
1455 2404 1502 2432 ea,
1521 2403 1591 2423 cum
1605 2392 1688 2423 omni
1702 2391 1849 2430 aviditate,
1870 2392 2000 2432 prosequi
2015 2395 2046 2424 in
2061 2392 2183 2429 effectu,
2203 2393 2331 2426 Venera-

1264 2433 1351 2464 bilem
1372 2432 1505 2471 Patrem,
1523 2429 1746 2462 Norwicensem
1768 2429 1962 2470 Episcopum,
1979 2432 2013 2462 δε
2035 2432 2126 2472 ipsum
2149 2431 2331 2473 Henricum,

1264 2472 1429 2504 Hominem
1445 2471 1564 2510 Ligium
1575 2470 1655 2510 ipsius
1670 2469 1776 2509 Regis,

1304 2511 1366 2550 Qii
1387 2511 1573 2540 intentionem
1593 2508 1732 2545 vestram,
1750 2508 1785 2538 &
1804 2507 1984 2537 voluntatem
2006 2507 2151 2547 nostram,
2172 2508 2332 2550 statumque

1264 2550 1362 2589 Regni
1382 2550 1463 2589 ipsius
1485 2548 1592 2586 Regis,
1608 2547 1643 2578 &
1664 2545 1772 2584 nostri,
1789 2555 1822 2576 ac
1844 2544 1977 2577 Ducatfis
1988 2546 2078 2577 nostri
2092 2547 2238 2587 praediciti,
2257 2550 2332 2582 bene

1263 2597 1345 2619 novit

1304 2610 1374 2657 Un’a
1392 2634 1460 2655 cum
1481 2623 1648 2662 quibusdam
1661 2622 1721 2654 aliis
1733 2622 1860 2652 fidelibus
1877 2621 1993 2662 nostris,
2008 2623 2119 2654 nostros
2132 2624 2332 2658 constituimus

1263 2664 1465 2695 Procuratores
1484 2664 1518 2694 &
1539 2662 1693 2700 Nuncios,
1720 2660 1754 2691 ad
1770 2661 1951 2692 tractandum
1972 2672 2040 2692 cum
2062 2663 2167 2693 eodem
2189 2663 2275 2702 Rege
2295 2667 2332 2697 de

1265 2701 1458 2740 Obedientia,
1475 2701 1615 2739 Honore,
1634 2700 1668 2732 δε
1691 2699 1880 2737 Reverentia,
1898 2699 1991 2730 modis
2004 2701 2037 2732 &
2050 2702 2118 2739 viis,
2137 2703 2239 2740 quibus
2251 2705 2332 2736 vide-

1264 2752 1326 2774 rent
1346 2740 1493 2779 expedire,
1510 2739 1644 2770 faciendis
1659 2749 1665 2768 1
1684 2739 1718 2769 &
1739 2739 1774 2769 ad
1796 2739 2025 2769 conveniendum
2038 2739 2157 2770 deloco
2171 2741 2204 2772 &
2219 2751 2333 2781 tempo-

1265 2792 1313 2819 re,
1329 2780 1430 2849 qcpigus
1443 2778 1477 2809 ad
1493 2778 1582 2819 ipsum
1595 2777 1709 2817 Regem
1723 2776 1857 2809 accedere
1871 2777 2030 2817 possemus,
2047 2778 2150 2809 facturi
2162 2780 2241 2819 quod
2254 2783 2281 2812 ei
2294 2782 2334 2814 fa-

1265 2830 1329 2851 cere
1363 2829 1378 2849 e
1399 2827 1522 2848 eremus·

1302 2858 1342 2888 Et
1362 2857 1390 2888 su
1412 2867 1440 2886 er
1462 2841 1525 2887 hoc⁷
1541 2854 1724 2886 amicabiliter
1741 2854 1898 2892 scripsimus
1916 2855 1964 2893 ipsi
1985 2855 2086 2895 Regi,
2102 2855 2131 2886 su
2153 2856 2284 2896 plicando
2302 2866 2334 2890 ut

1266 2897 1348 2927 dietis
1408 2896 1498 2925 unciis
1517 2894 1636 2932 nostris,
1656 2894 1705 2933 qui
1723 2893 1797 2931 apud
1819 2893 1995 2924 Dovorriam
2011 2917 2021 2933 ,
2040 2895 2119 2932 supra
2133 2866 2235 2934 iviare,
2252 2895 2334 2936 super

1266 2936 1341 2974 boc,
1359 2935 1441 2965 suurn
1455 2933 1685 2973 praestolabantur
1699 2931 1894 2971 Responsum,
1914 2932 2019 2963 Literas
2031 2933 2068 2963 de
2087 2931 2244 2963 Conduetu
2259 2943 2334 2965 con-

1267 2974 1367 3005 cedere
1382 2997 1391 3012 ,
1409 2972 1454 3003 vel
1474 2972 1568 3003 saitem
1587 2971 1795 3010 beneplacitum
1814 2971 1896 3002 suum
1908 2995 1919 3009 ,
1944 2971 2023 3009 super
2043 2970 2167 3008 ipsorum
2191 2971 2333 3013 adventu,

1266 3014 1349 3045 nobis
1357 3035 1367 3050 ,
1385 3019 1431 3042 aut
1443 3011 1493 3041 illis
1505 3011 1626 3042 scribere
1639 3009 1811 3049 dignaretur:

1306 3052 1368 3090 Qii
1384 3050 1592 3088 responsionem
1607 3049 1727 3089 aliquam
1741 3048 1809 3079 inde
1821 3047 1914 3080 facere
1928 3056 1989 3078 non
2003 3047 2129 3086 curavit,

1305 3090 1354 3121 Set
1368 3090 1398 3120 in
1412 3089 1523 3120 Gentes
1538 3087 1664 3125 nostras,

1304 3129 1383 3167 Qiae
1398 3151 1408 3167 ,
1433 3129 1482 3159 sub
1504 3125 1679 3157 confidentia
1702 3124 1782 3155 Pacis
1799 3124 1834 3155 &
1854 3130 1963 3167 mutuae
1982 3125 2218 3164 communionis,
2235 3134 2268 3158 ac
2280 3126 2333 3157 sub

1267 3168 1313 3206 spe
1330 3168 1442 3197 Amoris
1457 3167 1551 3196 intimi
1564 3187 1574 3201 ,
1593 3173 1628 3194 ex
1643 3162 1896 3206 Consanguinitatis
1916 3163 1950 3193 &
1970 3161 2123 3194 Affinitatis
2135 3164 2272 3203 vinculis,
2288 3166 2333 3195 in-

1268 3215 1309 3236 ter
1323 3205 1412 3242 ipsum
1429 3205 1542 3235 Reoem
1557 3203 1591 3233 &
1610 3211 1662 3231 nos
1680 3202 1840 3239 contraisti,
1857 3210 1927 3231 cum
1942 3199 2028 3232 Bonis
2040 3202 2074 3233 &
2087 3201 2188 3233 Rebus
2202 3203 2270 3242 suis,
2287 3204 2331 3235 in-

1269 3244 1309 3274 sta
1323 3243 1459 3280 Regnum
1476 3228 1574 3278 flium,
1591 3239 1618 3269 se
1633 3238 1827 3270 transtulerant

1305 3281 1410 3312 Subito
1424 3282 1531 3310 irruens
1544 3302 1554 3318 ,
1573 3277 1645 3316 ipsos
1664 3278 1697 3309 &
1711 3287 1811 3308 eorum
1833 3261 1912 3308 i30na
1929 3278 2021 3317 (quod
2036 3279 2098 3310 alias
2114 3279 2271 3310 inauditum
2289 3277 2332 3310 est

1269 3321 1340 3350 inter
1352 3319 1463 3355 fideles)
1479 3318 1543 3356 capi
1557 3317 1644 3355 fecit,
1662 3316 1741 3347 nullo
1749 3316 1888 3346 dilationis
1901 3318 2043 3356 termino,
2062 3318 2098 3349 de
2113 3317 2333 3354 exeundoReg-

1269 3367 1339 3389 num
1353 3359 1451 3395 suum,
1470 3357 1508 3387 eis
1520 3356 1603 3399 dato,
1621 3355 1752 3395 nullaque
1768 3354 1958 3386 Diffidatione
1973 3355 2129 3397 praemissa,
2144 3357 2214 3388 sicut
2225 3356 2255 3385 in
2273 3355 2333 3386 tali-

1270 3397 1323 3427 bus
1338 3396 1396 3426 fieri
1412 3395 1576 3433 consuevn,

1308 3435 1381 3466 Inter
1403 3444 1467 3472 quae
1486 3434 1587 3464 decem
1605 3432 1722 3472 Naves,
1737 3432 1928 3472 quorumdam
1947 3432 2145 3465 Mercator-um
2159 3431 2261 3462 Terrae
2280 3440 2335 3462 no-

1271 3472 1352 3512 strae,
1377 3473 1488 3504 diversis
1504 3472 1651 3503 Mercibus
1670 3481 1792 3502 oneratae
1807 3496 1817 3511 ,
1840 3473 1868 3502 in
1885 3472 2009 3510 quodam
2033 3472 2122 3503 Portu
2142 3469 2334 3502 Normanniae

1271 3521 1361 3550 captae
1377 3512 1508 3549 fuerunt,
1524 3521 1556 3542 ac
1570 3511 1651 3551 ipsius
1667 3510 1756 3550 Regis
1772 3510 1882 3541 Ufibus
1895 3511 2056 3549 applicatae:

1308 3551 1346 3581 Et
1362 3550 1470 3590 insuper
1486 3550 1586 3581 Portus
1600 3549 1630 3580 R
1667 3550 1696 3580 ni
1710 3551 1750 3580 sui
1764 3549 1902 3580 custodiri
1916 3549 2068 3588 praecepit,
2088 3555 2124 3576 ne
2139 3545 2188 3584 qui
2200 3545 2336 3586 Anglici3

1270 3589 1315 3620 seu
1331 3590 1370 3619 sui
1384 3589 1428 3619 alii
1444 3588 1575 3627 Inimici,
1591 3597 1702 3619 tranire
1716 3589 1955 3626 permitterentur:

1309 3628 1347 3659 Et
1383 3637 1431 3667 per
1444 3627 1550 3658 Literas
1564 3627 1621 3657 suas
1655 3627 1691 3657 de
1698 3626 1762 3657 data
1774 3626 1833 3656 fere
1846 3627 1927 3656 unius
1941 3622 2048 3655 Mensis
2059 3630 2124 3666 ante
2136 3622 2224 3653 dietas
2240 3621 2335 3655 Odia-

1270 3667 1336 3704 bas,
1351 3650 1475 3697 ‘’Terram
1488 3665 1612 3695 nostram
1625 3649 1740 3696 Pontivi
1754 3665 1788 3695 ad
1803 3673 1920 3695 manum
1933 3662 2007 3693 suam
2022 3671 2091 3699 poni
2104 3660 2261 3704 mandavit:

1308 3705 1378 3735 Nec
1401 3704 1545 3734 Prioribus
1565 3703 1691 3734 Nunciis
1707 3703 1889 3734 Audientiam
1905 3699 2066 3732 concedere
2085 3698 2200 3737 voluit3
2222 3709 2278 3731 nec
2295 3699 2336 3731 se-

1273 3743 1382 3773 cundos
1395 3743 1430 3773 ad
1444 3742 1534 3783 ipsum
1547 3742 1682 3773 accedere
1696 3743 1827 3781 permisit.

1310 3780 1524 3812 Considerantes
1543 3781 1635 3820 itaque
1648 3804 1657 3819 ,
1674 3783 1738 3820 quia
1749 3780 1835 3811 nichil
1848 3776 2013 3816 proficimus
2025 3798 2036 3814 ,
2053 3775 2205 3820 Tradimus
2220 3775 2337 3808 Arnim-

1273 3819 1341 3849 biles
1352 3820 1540 3859 exquirendo,
1557 3820 1590 3850 &
1603 3819 1682 3859 quod
1695 3819 1797 3857 injuste
1811 3826 1869 3847 non
1878 3817 1985 3855 egimus
1997 3821 2095 3845 contra
2107 3814 2198 3858 ipsum
2212 3814 2338 3859 Regem,

1272 3858 1309 3888 set
1324 3858 1379 3897 ipse
1398 3858 1490 3898 potius
1508 3867 1607 3889 contra
1627 3868 1678 3888 nos
1690 3857 1820 3888 in'urioie
1834 3855 1891 3893 agit
1905 3877 1917 3897 ,
1932 3851 2074 3896 Guerram
2087 3853 2169 3883 nobis
2185 3853 2273 3883 taliter
2287 3854 2337 3884 ln-

1273 3895 1392 3926 dicendo
1404 3920 1414 3935 ,
1433 3898 1464 3926 in
1485 3896 1559 3935 ipso,
1579 3897 1628 3935 qui
1643 3897 1679 3927 de
1728 3895 1789 3925 oelo
1804 3892 1965 3924 Victoriam
1978 3890 2076 3921 tribuit
2084 3913 2100 3935 ,·
2111 3892 2145 3922 &
2161 3902 2221 3922 non
2235 3892 2264 3922 in
2280 3891 2337 3923 Ar-

1274 3943 1416 3965 matorum
1434 3934 1627 3971 multitudine,
1644 3933 1835 3969 confidentes,
1851 3930 1885 3960 ad
1897 3928 2077 3960 resistendum
2092 3930 2172 3968 ipsius
2187 3930 2338 3968 Potentiae,

1273 3982 1327 4011 pro
1346 3972 1505 4003 defensione
1525 3972 1648 4011 Justitiae
1702 3981 1755 4001 nos
1777 3977 1905 4007 paramus
1920 3989 1930 4005 ‚
1955 3977 2019 4011 non
2032 3967 2189 3999 voluntarie
2203 3992 2213 4008 ,
2237 3969 2275 3999 set
2287 3978 2338 3998 ne-

1275 4010 1396 4043 ccffitate
1413 4011 1525 4049 euasti,
1546 4020 1583 4041 ne
1599 4011 1629 4040 in
1644 3995 1885 4041 Ethaeredationis
1902 4006 2061 4044 periculum
2081 4007 2238 4040 incidamus
2252 4018 2263 4045 ;
2289 4016 2337 4046 pa-

2261 4051 2335 4075 ratos

2337 1315 2467 1350 *IV-75.
