2562 4279
111 136 191 164 100

0 224 46 245 nn,
60 214 101 246 D„
120 208 190 238 infra
204 207 375 252 Libertates,
394 205 479 245 quam
493 212 584 242 extra,
602 212 651 240 per
670 211 742 243 quos
762 199 903 240 praemissa
925 199 1024 230 melius
1047 204 1181 237 poterunt

0 262 78 322 isa-21¹.
120 247 297 322 exffiddiilius,
315 283 375 313 ὅτε.
509 317 519 325 V
707 317 713 322 ·
937 317 943 322 1
1033 315 1049 321 η

193 322 279 354 Teste
290 322 371 359 Rege
389 316 462 358 apud
476 318 512 348 W
521 316 783 357 estmonasterium,
801 324 900 357 quarto
915 316 961 347 die
970 315 1060 353 Junii.

119 399 230 431 Eodem
253 396 344 427 modo
363 395 529 434 assignantur
556 393 702 433 subscripti
722 393 756 426 ad
784 393 929 425 Homines
950 391 1112 429 sagittarios
1125 412 1135 428 ‚
1153 390 1182 421 iu

154 433 752 512 ἓὲῃῃξέῑὶῑίίὲἓείςὲιιῐὶῗίὲτίρῑίε,εΙίςεηάυω,ὃς
769 433 804 463 ad
825 432 935 464 dierum
949 431 1053 466 locum
1073 430 1183 465 ducena

817 548 931 579 Kantiae
946 547 979 578 ad
995 557 1041 578 cc.

814 587 917 618 Surriae
931 586 965 616 ad
981 595 1008 616 c.

796 626 930 657 Sussexiae
940 625 975 655 ad
993 633 1037 654 cc.

115 555 231 589 Rogerus
245 551 275 580 de
291 553 405 580 Bavent
417 572 427 588 ‚

115 590 261 660 {Iohannes
273 595 304 619 de
320 592 336 618 Ι
329 587 404 629 feld,

361 630 366 634 ,
498 605 524 629 iri
561 603 704 629 omitatibus

150 626 265 658 scholaus
283 626 388 665 Gentil‚

499 573 523 598 st
557 572 646 596 uilibet
658 580 743 599 eorum
761 561 791 658 {

115 703 259 744 Johannes
277 705 309 734 de
325 702 518 743 Tichebourne,
545 706 613 815 }&
626 706 694 737 alter
710 713 811 735 eorum
827 704 856 733 in
864 701 1014 733 Comitatu
1027 697 1180 730 Southarn-

579 746 702 785 ptoniae,
719 743 752 773 ad
765 743 792 773 cl
810 740 937 781 eligend’.

116 781 274 811 Edmundus
291 781 431 822 Kendak,
616 783 776 813 Edmundus
795 780 923 816 Ductor,
938 776 997 813 &a

213 907 263 940 De
282 904 433 941 Habenda*
445 911 554 956 Regem
569 908 746 953 excufiztum
764 904 855 953 sirper
874 899 1030 938 Praebenda
1048 900 1085 934 de

579 955 721 1004 Leghton.

0 1048 100 1129 ἓξὲ-
119 1041 373 1114 Vssegffle
387 1031 1183 1114 {³4³³st1²a’persaesrfssoesdsifiz233ss

0 1140 19 1156 i.
38 1138 80 1163 17·
116 1120 167 1151 suo
177 1121 334 1160 carissimo,
352 1120 523 1160 Edwardus,
537 1121 635 1152 effidem
649 1118 736 1160 gratia
746 1143 756 1159 ,
770 1119 851 1155 Rex,
866 1117 927 1147 &c.
945 1114 1069 1146 Salutem
1083 1112 1117 1143 δε
1132 1110 1185 1140 sm·

20 1176 46 1195 2,
114 1169 189 1191 cerae
207 1160 365 1190 dileetionis
376 1157 522 1191 affed’uim.
780 1196 786 1200 Π
949 1193 955 1199 ·
1137 1189 1144 1196 ,

0 1216 36 1232 m.
59 1214 100 1241 ¹7·
154 1198 335 1229 Transmiffae
348 1199 431 1229 nobis
445 1198 546 1230 vestrae
562 1196 735 1229 Paterniratis
751 1195 856 1225 Literae
876 1192 1077 1229 continebant,
1093 1186 1186 1230 quod,

12 1253 37 1271 2.
153 1236 234 1267 Csim
250 1237 396 1267 Dominus
410 1237 547 1268 Summus
562 1236 693 1267 Pontifex
707 1232 847 1277 Magistro
860 1230 1038 1276 Reymundo
1049 1228 1085 1259 de
1103 1225 1185 1270 jucli-

0 1305 2 1310 ‚
23 1291 51 1317 5.
115 1284 154 1306 co
180 1275 336 1314 (Nepoti,
354 1275 517 1306 Venerabils
530 1276 634 1313 Patris,
653 1273 779 1316 Domini
794 1270 926 1308 Arnaldi,
947 1268 1061 1315 Sandis}
1082 1266 1184 1297 Marlae

0 1321 28 1357 s.
115 1316 146 1345 in
162 1313 280 1345 Porticu
296 1314 420 1345 Diaconi
435 1314 597 1350 Cardinalis)
615 1314 652 1343 de
665 1311 844 1343 Canonicatu
857 1309 891 1340 &
906 1306 1062 1351 Praebenda
1074 1304 1184 1334 dudum

116 1352 269 1393 providerit
284 1354 313 1383 in
328 1353 452 1384 Ecclesia
474 1351 667 1383 Lincoinienfi
681 1374 692 1389 ‚
714 1359 747 1380 ac
766 1348 938 1379 Procurator
959 1345 1084 1385 ejusdem
1104 1343 1184 1386 Reyj

116 1391 218 1422 mundi
231 1391 418 1423 Praebendam
434 1392 469 1422 de
484 1391 632 1430 Leghton,
649 1390 726 1429 super
748 1385 946 1419 Brounesweld
960 1408 970 1424 ,
996 1389 1184 1423 acceptaverit

115 1431 221 1462 virtute
234 1429 404 1461 Provisionis
419 1429 595 1470 supradieiae,
1012 1464 1017 1469 ι
1164 1461 1169 1466 ,

127 1478 131 1480 ·
153 1468 281 1499 Velimus
303 1469 461 1500 concedere
475 1469 618 1507 gratiose,
641 1465 721 1505 quod
740 1463 915 1496 Executores
937 1462 1044 1494 Gratiae
1066 1459 1186 1505 supradu-

115 1506 172 1538 &ae
185 1507 337 1545 procedere
350 1507 457 1538 valeant
471 1507 505 1537 ad
521 1507 612 1546 ipsum
628 1505 838 1546 Reymundum
852 1505 882 1533 in
897 1501 1097 1543 poffesfionem
1106 1499 1185 1544 'ejus-

116 1546 191 1615 dead
200 1545 380 1585 Praebendae,
398 1555 447 1586 per
462 1545 611 1576 Proceffus
623 1568 633 1584 ,
654 1546 685 1575 in
705 1543 805 1575 talibus
822 1541 882 1573 fieri
903 1540 1054 1573 consuetos
1074 1563 1084 1578 ,
1103 1538 1186 1570 indu-

116 1594 170 1616 cen
193 1595 251 1615 um.

155 1623 244 1661 Super
257 1633 316 1663 quo
330 1623 432 1655 vestrae
448 1623 607 1655 Sinceritati
630 1622 760 1653 duximus
781 1619 970 1651 intimandum
985 1641 996 1657 ,
1014 1617 1096 1657 quod
1112 1614 1184 1661 'Nos

117 1661 224 1693 dieram
240 1661 445 1701 Praebendam,
460 1663 519 1701 jam
533 1662 585 1692 diu
599 1661 658 1699 est,
675 1662 732 1699 jure
747 1659 846 1689 nostro
860 1659 958 1698 Regio
972 1658 991 1676 ²*
1011 1655 1184 1704 contulimus

117 1701 232 1732 cuidam
245 1700 362 1731 Clerico
376 1700 490 1740 nostro,
508 1702 614 1731 ratione
627 1698 846 1737 Temporalium
860 1697 1044 1738 Episcopatus
1065 1693 1187 1725 Lincol·

116 1739 234 1778 niensis,
255 1739 434 1771 existentium
448 1741 477 1770 in
490 1749 575 1770 manu
588 1738 695 1776 nostri,
1105 1772 1110 1777 ¹

154 1778 324 1817 QioJure,
343 1787 443 1816 utpote
457 1787 568 1808 annexo
584 1777 714 1807 Coronae
729 1776 840 1817 Angliae
878 1774 964 1813 Nos,
990 1772 1188 1816 Progenitores

116 1817 206 1849 nostri
219 1817 257 1848 usi
271 1817 377 1847 fuimus
392 1815 509 1856 pacifice
525 1817 606 1853 (sicut
619 1815 726 1854 vestra,
745 1824 775 1846 ut
789 1824 837 1846 cre
856 1815 944 1852 imus,
961 1811 1109 1850 prudentia
1127 1819 1188 1841 non

118 1858 250 1897 ignorat)
267 1856 333 1886 totis
347 1855 522 1893 temporibus
535 1854 696 1892 retroactis,
1051 1890 1055 1895 Ι

127 1902 132 1906 ’
156 1894 264 1932 Unde,
280 1893 350 1924 cum
363 1894 464 1932 absque
481 1892 719 1923 Exhaeredationis
732 1892 858 1932 periculo
871 1888 1005 1921 sustinere
1017 1897 1114 1927 utrque
1127 1897 1188 1932 non

117 1932 276 1973 possemus,
296 1932 375 1970 quod
392 1931 522 1962 Provisio
535 1932 614 1962 fieret
629 1931 665 1961 de
680 1931 756 1962 dieta
771 1929 928 1960 Praebenda
942 1953 951 1967 ,
969 1929 1047 1959 Tem
1068 1928 1189 1971 oralibus

117 1970 260 2010 praedieris
273 1970 310 2001 sic
324 1969 505 2001 existentibus
519 1971 548 1999 in
565 1979 651 1999 manu
665 1969 774 1999 nostrai:
796 1979 851 1999 nec
870 1968 920 2006 Jus
933 1991 944 2006 ,
970 1977 1005 1997 ex
1056 1966 1190 2007 ollatione

117 2009 229 2048 nostrsa,
248 2008 388 2047 praedieio
402 2008 521 2040 Clerico
536 2007 637 2039 nostro
651 2007 817 2047 adquisitum
827 2029 837 2045 ,
857 2006 945 2038 valeat
960 2029 970 2045 ,
996 2004 1097 2043 absque
1113 2003 1191 2042 Juris

116 2048 236 2086 injuria,
254 2049 395 2086 revocari,

126 2097 132 2099 ⁴
155 2086 282 2125 Placeat,
302 2087 477 2125 quaesumus,
496 2085 598 2117 vestrae
612 2084 833 2122 Benivolentice,
850 2094 903 2114 nos
925 2082 1071 2125 excusatos
1089 2079 1193 2111 habere

117 2124 195 2164 super
210 2135 245 2157 eo
252 2149 261 2164 ,
281 2124 361 2164 quod
376 2124 490 2164 vestris,
509 2126 542 2157 &
557 2124 684 2165 praedieti
698 2123 855 2154 Cardinalis
879 2123 1008 2161 precibus
1031 2144 1041 2160 ,
1065 2129 1092 2149 in
1116 2129 1191 2158 prae-

118 2164 204 2232 milffis
215 2166 225 2199 (
234 2173 346 2205 propter
360 2163 599 2195 Exhaeredationis
615 2160 775 2202 periculum
789 2160 968 2199 evitandum)
990 2168 1114 2190 annuere
1130 2168 1191 2189 non

118 2213 152 2235 va
164 2212 249 2234 emus.

156 2242 190 2272 In
205 2243 262 2273 aliis
276 2245 370 2281 enim,
388 2253 452 2282 quse
468 2243 524 2274 sine
545 2240 699 2272 Nostri&
714 2236 790 2279 Juris
809 2239 891 2270 alieni
915 2237 1086 2277 praejudicio
1105 2259 1119 2279 ,¹
1132 2234 1192 2266 fieri

119 2283 253 2319 poterunt
269 2282 349 2312 bono
369 2282 459 2312 modo
475 2305 484 2320 ,
512 2280 739 2311 condescendere
761 2280 893 2310 volumus
916 2286 1053 2317 prompto
1075 2284 1193 2313 animo,

120 2318 216 2350 vestris
231 2319 430 2357 Beneplacitis,
450 2329 511 2350 tem
553 2320 629 2349 ribus
642 2319 800 2360 oportunis.
870 2356 886 2361 ..

155 2356 225 2389 Dat.
245 2359 319 2396 apud
337 2358 510 2389 Westmona
537 2359 639 2394 erium,
656 2357 732 2387 sexto
750 2355 795 2386 die
808 2354 896 2393 Junii.

0 1670 97 1707 [v.58.

301 2434 415 2466 Eodem
429 2434 520 2465 modo
535 2434 663 2465 scribitur
677 2432 848 2472 subscriptis,
867 2431 1015 2469 videlicet,

124 2514 221 2542 Fratri
236 2511 408 2550 Guillielmo,
428 2514 483 2541 Dei
490 2510 606 2549 gratia,
624 2508 746 2549 Episcopo
759 2509 896 2550 Sabinenfi
908 2532 918 2548 ,
935 2509 1043 2539 Samvae
1064 2510 1193 2539 Romame

162 2550 285 2592 Ecclefiae
301 2550 452 2580 cardinali.

123 2593 240 2620 Domino
253 2589 422 2627 Guillielmo,
439 2591 494 2619 Dei
505 2586 709 2626 gratidst‘ituli
725 2587 819 2617 Sanc‘li
835 2589 934 2617 Ciriaci
958 2589 987 2616 in
1004 2588 1105 2616 Termis
1113 2587 1191 2615 Pres-

162 2627 247 2657 bitero
262 2632 284 2657 C
285 2627 415 2657 ardinali.

123 2669 241 2697 Domino
254 2666 402 2705 Arnaldo,
419 2669 474 2696 Dei
485 2664 599 2704 gratia,
625 2666 733 2695 Sanerae
757 2666 861 2694 Mariae
883 2667 913 2693 in
935 2665 1043 2693 Portica
1075 2665 1195 2692 Diacvno

162 2705 314 2735 Cardinali.

126 2745 242 2810 Domilno
257 2747 295 2773 L.
316 2746 370 2774 Dei
381 2742 495 2782 grand,
515 2743 623 2772 Sanci‘ae
638 2744 742 2771 Mariae
766 2744 795 2771 in
812 2743 863 2770 via
878 2739 939 2770 lata
955 2742 1076 2770 Diaeono
1098 2739 1195 2769 cardi-

166 2793 203 2810 na
216 2794 233 2810 1.

128 2821 245 2887 Domintp
258 2820 432 2886 Bertrando,
452 2822 507 2848 Dei
517 2818 630 2858 gratia,
647 2819 755 2849 Sandtae
775 2820 905 2848 Romanae
926 2815 1049 2855 Ecclefiae
1074 2819 1195 2846 Diacono

166 2861 223 2888 Car
242 2862 290 2887 ina
300 2862 318 2887 i.

479 2985 573 3028 Super
594 2981 677 3015 dina
694 2980 862 3016 Praebenda.

0 3079 57 3102 irin.
67 3069 109 3102 D.
133 3068 394 3131 VEnerabilibus
406 3069 435 3098 in
448 3067 566 3098 Christo
580 3067 707 3099 Patribus
717 3092 725 3104 ,
744 3068 896 3106 Dominis,
914 3067 973 3098 Dei
994 3068 1080 3107 gratia
1095 3091 1103 3105 ,
1119 3067 1199 3107 Rey-

12 3119 97 3149 1324.
218 3107 328 3138 mundo
343 3108 457 3138 sanetae
472 3107 573 3138 Mariae
586 3116 689 3144 novae,
714 3106 853 3136 Beruardo
874 3107 986 3136 Sanerae
1008 3107 1124 3146 Agathae
1139 3130 1148 3145 ,
1167 3108 1200 3138 &

0 3153 36 3175 in.
58 3159 99 3183 ¹7-
135 3142 280 3176 Gaillardo
292 3147 404 3177 Sanfwe
420 3146 520 3176 Luciae
535 3147 562 3176 iu
578 3144 687 3184 Cilice,
706 3144 843 3174 Diaconis
858 3143 1052 3175 Cardinalibus
1066 3170 1076 3186 ‚
1092 3146 1202 3176 Amicis

0 3192 16 3215 3.
32 3197 56 3215 2.
135 3184 186 3213 suis
201 3184 359 3223 carissimis,
378 3184 546 3222 Edwardus,
564 3183 664 3215 eadem
679 3183 784 3222 gratia,
798 3183 859 3213 &c.
879 3183 1002 3214 Salutem
1026 3185 1059 3214 &
1085 3185 1199 3215 sincerae

0 3232 55 3252 zoni.
71 3235 111 3261 17.
137 3221 293 3253 dileistionis
305 3223 451 3253 affeffitum.

0 3267 17 3290 Ξ.
38 3273 63 3291 2.
177 3260 232 3291 Per
245 3261 347 3291 vestras
362 3261 467 3291 Literas
484 3263 493 3298 (
510 3271 576 3300 quas
593 3261 675 3291 nobis
698 3259 786 3290 Lator
806 3260 982 3298 praesentium
1010 3260 1107 3290 detulit
1122 3260 1132 3294 )
1151 3271 1204 3292 nos

0 3311 24 3328 n.
35 3311 60 3335 5.
138 3301 276 3338 requirere
290 3299 435 3337 voluistis,
453 3308 483 3330 ut
497 3310 609 3337 preceS,
630 3309 696 3338 quas
721 3299 803 3328 nobis
818 3321 828 3336 ,
848 3298 1017 3340 venerabilis·
1033 3297 1131 3335 Pater,
1150 3299 1204 3329 Ar-

0 3340 54 3375 iors.
137 3339 234 3369 naldus
250 3338 350 3368 sandhe
366 3338 467 3368 Mariae-
480 3340 508 3367 in
524 3338 641 3368 Porticu
655 3338 802 3368 Diacouus
815 3335 970 3366 Cardinalis
991 3336 1100 3375 direxit,
1126 3338 1205 3376 super

136 3378 252 3407 nevorio
267 3376 396 3415 Magistri
410 3376 574 3415 Reymundi
589 3377 624 3406 de
635 3375 760 3413 Judico,
777 3373 972 3416 Nepotisaesui,

174 3401 253 3454 ῗῖιιί,
271 3425 320 3454 per
333 3415 524 3445 Executorem
554 3414 727 3454 Apostolicae
746 3413 853 3443 Gratiae
865 3435 874 3450 ,
901 3413 951 3442 libi
970 3412 1051 3455 faistae
1066 3413 1205 3455 ,Collata

139 3453 182 3485 est
196 3453 350 3484 Praebenda
365 3454 401 3484 de
416 3454 568 3492 Leghton,
594 3453 672 3491 super
693 3451 906 3489 Brounesweld,
930 3453 960 3481 in
981 3451 1107 3483 heclelia
1132 3452 1201 3490 Lin-

140 3492 288 3529 colniensi,

178 3530 316 3560 Exaudire
329 3530 473 3567 gratiosius
486 3530 672 3568 dignaremur.

176 3569 265 3606 Super
279 3579 336 3607 quo
352 3569 450 3598 vestrae
464 3570 595 3598 amicitiae
606 3569 735 3598 duximus
751 3568 958 3605 intimandum,
977 3567 1056 3606 quod
1078 3573 1206 3609 nos,'ra-

142 3609 220 3637 tione
235 3607 452 3646 Temporalium
468 3607 649 3645 Episcopatus
665 3607 885 3643 Lincolnienlis,
900 3606 1078 3636 existentium
1092 3608 1122 3636 in
1145 3617 1204 3637 ma-

146 3655 186 3673 nu
200 3644 294 3675 nostr&
309 3669 319 3683 ,
337 3645 449 3675 cuidam
471 3645 588 3676 Clerico
609 3645 724 3683 nostro,
747 3645 818 3684 Jure
837 3644 936 3674 nostro
954 3644 1049 3683 Regio
1065 3667 1074 3684 ,
1099 3645 1208 3675 didram

141 3675 330 3713 Praebendam
344 3684 531 3720 contulimus,
547 3685 607 3721 jam
621 3684 662 3714 est
679 3684 738 3721 diu,

191 3719 337 3762 QioJure
354 3722 438 3759 Nos,
457 3723 491 3753 ὅτ
506 3722 703 3761 Progenitores
719 3722 822 3760 nostri,
841 3729 941 3759 utpote
954 3731 1064 3753 annexo
1082 3721 1211 3753 Coronae

151 3756 282 3831 Αῐέιτε,
299 3759 338 3788 usi
353 3759 456 3790 fuimus
473 3760 591 3798 pacifice
607 3763 672 3791 totis
687 3762 859 3798 temporibus
873 3761 1024 3791 retroaetis.

186 3832 191 3838 ·
224 3804 287 3823 uam
302 3798 416 3833 quidem
440 3797 630 3829 Collationem
651 3809 782 3829 revocare
803 3809 863 3829 non
884 3798 1046 3838 possumus,
1070 3808 1124 3829 nec
1147 3808 1210 3838 per·

151 3840 281 3875 mittere,
299 3833 398 3876 absque
412 3835 650 3868 Exhaeredationis
663 3838 790 3874 periculo
799 3860 807 3875 ,
825 3837 905 3878 qubd
916 3836 1058 3868 Executio
1065 3836 1211 3876 praediecae

152 3869 323 3914 Proyisionis
336 3870 411 3914 fieret
424 3873 459 3903 de
472 3875 632 3914 Beneficio,
656 3875 692 3906 ad
711 3875 837 3906 nostram
860 3874 1071 3914 Collationem,
1087 3883 1119 3906 ut
1137 3885 1210 3913 prae-

151 3916 285 3946 mittitur,
304 3917 463 3945 pertinente.

192 3946 393 3989 Qiamobrem
409 3948 599 3991 Sinceritatem
614 3950 735 3981 vestram
749 3961 909 3990 exoramus,
927 3960 959 3983 ut
979 3963 1032 3983 nos
1046 3975 1057 3990 ,
1073 3950 1154 3990 super
1165 3961 1212 3989 eo,

155 3985 235 4023 quod
252 3984 363 4022 vestris,
378 3995 411 4015 ac
425 3985 493 4016 dieii
507 3987 659 4019 Cardinalis
674 3991 801 4026 precibus
815 4012 824 4028 ,
850 3992 879 4019 in
898 3991 1042 4028 praemiffis
1056 4012 1067 4030 ,
1090 3998 1213 4024 annuere

154 4033 217 4057 non
230 4021 391 4065 possumus,
407 4022 508 4055 habere
523 4026 611 4058 velitis
626 4029 787 4066 propensius
799 4028 952 4059 excusatos:

570 109 1375 163 CONVENTioNEs‚

1430 110 1821 160 LITERAE,

1259 197 1293 228 In
1307 199 1416 230 caeteris
1429 199 1510 229 enim
1519 221 1528 235 ,
1544 208 1611 238 quae
1622 197 1678 228 fine
1692 197 1799 236 nostri,
1818 195 1853 229 δε
1864 198 1944 228 alieni
1956 193 2031 236 juris
2044 200 2211 239 praejudicio
2224 200 2283 232 fieri
2303 199 2378 231 Ann.
2394 194 2436 230 D.

1220 245 1370 276 poterunt,
1387 237 1485 268 vestris
1498 237 1681 275 Beneplacitis
1700 237 1926 268 condescendere
1944 239 2129 277 proponimus
2145 262 2155 277 ,
2172 249 2285 280 tempo-
2330 248 2415 278 1324.

1221 276 1296 306 ribus
1308 278 1465 316 oportunis.
2307 283 2375 311 Eav,
2394 288 2420 305 2.

1259 314 1330 346 Dat.
1348 315 1422 353 apud
1437 314 1481 345 W
1483 313 1729 346 estmonasterium
1738 337 1749 354 ,
1766 314 1843 345 sexto
1856 314 1903 345 die
1913 313 2001 352 Junii.

1269 442 1328 474 Pro
1350 443 1465 474 Comite
1480 437 1699 475 Riehemmidie
1721 445 1889 474 etiamnum
1919 445 1952 474 in
1978 438 2080 474 Scotia
2106 443 2244 488 Captiva·-

1226 523 1350 594 RE>S<
1364 527 1503 574 „omnibus
1516 527 1626 560 Ballivis
1642 528 1676 559 &
1691 522 1818 559 fidelibus
1831 526 1899 566 suiS‚
1916 527 1950 558 ad
1965 537 2034 567 quos
2047 528 2108 559 &c.
2124 526 2260 559 Salutem.
2312 518 2389 553 Ann-
2398 523 2440 555 Di

1344 573 1419 595 ciatis
1432 566 1524 605 quod,
2331 570 2415 601 1324.

1261 600 1344 645 Ciim
1356 626 1366 642 ,
1385 601 1504 634 diieeius
1528 603 1760 644 Consanguineus
1784 606 1817 637 &
1840 604 1927 635 fidelis
1949 604 2069 644 noster,
2091 605 2237 644 Johannes
2256 605 2293 636 de
2307 603 2359 628 An.
2380 611 2422 637 ¹7-

1222 636 1382 680 Britannia,
1405 641 1514 672 Comes
1528 641 1752 674 Richemundiae
1787 646 1815 674 in
1831 644 1967 682 obsequio
1987 643 2101 682 nostro,
2129 654 2218 684 nuper
2242 653 2291 684 per
2306 642 2337 665 E.
2356 649 2382 669 2-

1222 675 1326 710 Scotos
1337 688 1448 718 captus,
1467 681 1500 712 ὃς
1535 691 1563 710 er
1577 682 1690 713 eosdem
1704 684 1734 713 i'n
1770 683 1848 714 cotia
1860 683 1953 713 adhuc
1969 682 2096 714 detentus
2107 683 2219 722 existat,
2307 680 2367 706 ΡΜ·
2381 687 2422 714 ¹7⁴

1260 717 1346 756 Nos,
1364 719 1492 750 volentes
1523 719 1710 758 ndempnitati
1725 722 1807 759 ipfius
1821 721 1946 752 Comitis
1959 722 2134 762 prospicere,
2161 720 2289 753 Conces-
2309 719 2344 743 Ε·
2365 726 2392 744 ²·

1227 755 1311 786 fimus
1324 758 1405 801 quod
1422 757 1556 798 Thomas
1570 758 1605 788 de
1619 758 1760 790 Fencotes
1773 761 1806 791 &
1827 760 1968 791 Ricardus
1988 760 2024 791 de
2047 759 2195 791 Swafham
2210 784 2220 799 ,
2239 761 2289 792 sub
2303 760 2330 790 1>-
2350 764 2376 782 2·

1222 794 1424 834 alternatione,
1441 796 1494 827 sint
1508 795 1652 827 Attornati
1664 799 1744 838 ipsius
1759 798 1901 838 Comitis,
1920 801 1954 830 ad
1972 799 2156 830 Lucrandum
2170 801 2215 830 vel
2222 799 2292 830 Per·
2309 803 2345 822 m·
2362 792 2390 820 8⁴

1224 832 1354 877 dendum
1368 836 1398 864 in
1413 835 1548 865 omnibus
1565 834 1676 866 Placitis
1687 837 1722 867 &
1738 837 1756 855 *
1777 836 1925 876 Qerelis,
1946 839 2046 876 motis,
2064 837 2110 868 vel
2124 838 2293 877 movendis,

1225 879 1278 938 plro
1296 872 1354 912 ipso
1371 872 1507 912 Comite,
1525 873 1571 904 vel
1586 884 1684 906 contra
1698 874 1789 913 ipsum
1803 899 1812 913 ,
1832 877 1862 907 in
1883 876 2096 916 quibuscunque
2119 875 2213 907 Curiis
2232 877 2295 908 An-

1253 918 1297 939 iae.

1223 918 1242 948 g
1264 948 1302 979 Et
1316 949 1402 979 etiam
1417 948 1620 980 Conceffimus
1632 951 1712 989 quod
1729 952 1877 990 praediffi,
1895 952 2025 984 Thomas
2039 954 2074 985 &
2089 953 2294 993 Ricardus,vel

1227 993 1330 1017 corum
1344 988 1421 1027 alter,
1439 989 1488 1026 qui
1503 989 1621 1029 praesens
1637 990 1729 1028 fuerit,
1745 991 1815 1021 loco
1830 992 1909 1029 ipsius
1923 991 2164 1031 Comitis,facere
2175 993 2293 1032 possint,

1228 1025 1274 1055 vel
1288 1025 1371 1065 possit
1386 1027 1567 1065 Attornatos,
1586 1027 1631 1058 vel
1644 1027 1848 1067 Attornatum,
1866 1037 1955 1069 quos,
1972 1031 2018 1061 vel
2033 1041 2119 1071 quem
2133 1034 2294 1070 voluerint,

1227 1064 1273 1094 vel
1289 1065 1429 1104 voluerit,
1445 1066 1475 1095 in
1488 1064 1580 1097 Curia
1593 1065 1707 1105 nostrii,
1730 1076 1832 1101 coram
1852 1069 1935 1097 nobis
1948 1090 1959 1105 ,
1983 1069 2018 1099 ad
2039 1071 2137 1101 omnia
2159 1071 2295 1109 praedicsta

1229 1101 1336 1134 Placita
1352 1105 1385 1135 &
1402 1104 1539 1143 Qerelas
1554 1103 1785 1144 Prosequendum
1795 1129 1805 1144 ,
1820 1103 2111 1146 &‘Defendendum,
2126 1109 2160 1140 ὃς
2180 1110 2215 1140 ad
2237 1109 2296 1141 Lu·

1229 1143 1366 1172 crandum
1375 1166 1385 1181 ,
1403 1145 1450 1174 vel
1462 1143 1644 1174 Perdendum
1659 1144 1691 1174 in
1704 1144 1807 1175 eisdem
1816 1167 1826 1183 ,
1844 1145 1915 1176 sicut
1929 1145 2097 1184 praedio'tum
2110 1146 2159 1178 est.

1266 1179 1302 1210 In
1316 1182 1394 1219 cujus
1406 1182 1467 1213 &c.
1488 1191 1536 1222 per
1550 1192 1639 1212 unum
1655 1193 1764 1214 annum
1775 1183 1926 1220 duraturae.

1268 1218 1455 1263 Praesentibus
1476 1221 1596 1251 minime
1617 1221 1739 1252 valituris
1760 1221 1824 1261 post
1844 1222 1997 1253 adventum
2016 1223 2097 1263 ipsius
2119 1222 2243 1256 Comitis
2265 1226 2296 1257 in

1229 1257 1373 1327 Anggffin'
1388 1261 1407 1289 ii
1420 1261 1568 1299 contingat
1583 1259 1675 1299 ipsum
1689 1261 1803 1292 interim
1816 1260 1961 1293 deliberari
1975 1263 1991 1293 a
2002 1264 2132 1293 manibus
2139 1262 2296 1295 Scotorum

1226 1304 1286 1333 prae
1307 1307 1314 1326 i
1347 1306 1441 1328 orum.

1264 1334 1354 1367 Teste
1367 1335 1449 1377 Rege
1462 1337 1537 1375 apud
1548 1336 1856 1379 westmonasterium,
1871 1340 1949 1371 sexto
1966 1340 2013 1371 die
2030 1339 2118 1380 Junii.

1871 1419 1925 1448 Per
1938 1416 2020 1457 ipfiaem
2032 1420 2138 1456 Regem.

1274 1541 1325 1574 De
1346 1539 1521 1587 Prifimibus
1544 1553 1648 1576 coram
1675 1541 1847 1585 Custodibus
1867 1544 2059 1591 Treugarum
2087 1540 2238 1576 ducendis.

1234 1631 1291 1686 R
1301 1626 1326 1658 E
1335 1625 1367 1658 X
1386 1626 1563 1659 Vicecomiti
1577 1627 1726 1661 Cumbriae
1739 1630 1878 1662 Salutem.

1350 1666 1428 1705 Qia
1444 1669 1606 1707 accepimus
1621 1668 1701 1706 quod
1712 1669 1857 1709 Johannes
1870 1668 1908 1701 de
1921 1669 2068 1709 Glenton,
2087 1667 2300 1711 Custos'Aquae
2317 1674 2394 1708 Arm,
2409 1672 2451 1707 D,

1230 1705 1266 1736 de
1281 1705 1442 1742 Sulewath,
1460 1706 1549 1745 plures
1565 1705 1709 1738 Homines
1728 1709 1764 1738 de
1784 1708 1898 1747 Scotia,
1922 1718 2059 1747 praetextu
2083 1705 2302 1738 Commiffionis
2338 1726 2424 1758 1324,

1231 1744 1352 1782 nostrae,
1368 1744 1462 1775 eidem
1472 1744 1597 1782 Johanni
1610 1745 1646 1775 de
1659 1745 1743 1785 Aqua
1759 1747 1894 1784 praedidffi
1908 1746 2095 1778 custodiendi}⁴
2120 1745 2221 1783 fadrae,
2239 1755 2300 1775 are·
2314 1763 2356 1787 An
2390 1766 2434 1793 ¹7·

1232 1782 1332 1814 stavit:
1350 1784 1384 1814 &
1402 1784 1454 1814 tibi
1468 1784 1502 1814 ad
1516 1783 1737 1816 custodiendum
1749 1786 1877 1817 liberavit
1894 1797 1905 1824 3
1928 1788 1977 1825 qui
1999 1787 2028 1816 in
2049 1784 2162 1826 prisona
2185 1783 2299 1822 nostri,
2318 1805 2338 1828 E
2360 1782 2385 1828 ‘2

1232 1823 1263 1852 in
1278 1822 1324 1852 tua
1340 1821 1488 1860 custodia,
1505 1823 1678 1854 detinentur:
2316 1822 2417 1877 daus!
2449 1856 2451 1859 ,

1268 1859 1355 1898 Nos,
1372 1862 1500 1892 volentes
1514 1860 1658 1900 Treugas,
1675 1863 1748 1893 inter
1761 1862 1831 1894 Nos
1845 1863 1878 1894 &
1891 1862 2034 1893 Homines
2046 1863 2082 1893 de
2095 1862 2192 1893 Scotia
2211 1863 2301 1899 initas,
2315 1883 2335 1906 Ε
2366 1888 2380 1906 2
2390 1863 2402 1895 f
2424 1850 2452 1877 7⁸

1231 1902 1261 1931 in
1276 1900 1411 1932 omnibus
1425 1899 1583 1938 observari,
1601 1901 1654 1930 tibi
1670 1902 1850 1941 praecipimus
1862 1901 1943 1941 quod
1955 1901 2048 1932 dictos
2068 1901 2214 1931 Homines
2233 1924 2242 1939 ,
2260 1901 2299 1931 fic
2318 1899 2345 1946 m*
2372 1899 2401 1946 ἑ.

1232 1938 1406 1978 arestandos,
1423 1939 1455 1969 &
1471 1939 1523 1968 tibi
1534 1939 1709 1977 liberandO‘S,
1726 1950 1826 1971 coram
1838 1940 2015 1971 Custodibus
2033 1940 2214 1979 Treugarum
2229 1949 2301 1979 prae-
2350 1939 2355 1945 '

1233 1978 1388 2016 diaetarum,
1407 1979 1437 2008 in
1451 1978 1575 2017 partibus
1589 1978 1658 2016 illis,
1677 1979 1746 2009 curn
1763 1989 1812 2016 per
1826 1979 1896 2019 ipsos
1911 1977 2054 2009 Custodes
2075 1979 2156 2009 fueris
2176 1987 2303 2018 praemu-

1232 2019 1306 2048 nitus
1343 2016 1377 2046 ad
1392 2017 1450 2046 dies
1461 2017 1523 2046 suos
1537 2015 1687 2055 Marchae,
1703 2027 1775 2057 quos
1786 2018 1924 2048 tenebunt
1934 2040 1944 2055 ,
1962 2017 2029 2047 duci
2051 2016 2134 2047 facias
2147 2039 2157 2054 ,
2181 2016 2214 2046 ad
2233 2017 2305 2046 reci-·

1233 2057 1299 2093 pien
1321 2064 1371 2085 um
1388 2055 1428 2084 ibi
1444 2054 1539 2093 quod,
1556 2054 1713 2086 secundum
1737 2056 1862 2086 formam
1882 2056 2060 2095 Treugarutn
2084 2054 2308 2094 praedictarum,
2363 2065 2366 2068 ·

1233 2095 1317 2125 fuerit
1332 2093 1503 2124 faciendum.

1269 2133 1385 2202 (fflibus
1399 2131 1576 2163 Custodibus
1589 2132 1786 2164 mandavimus
1800 2130 1891 2173 quod,
1906 2132 1926 2163 si
1941 2132 2013 2164 dieti
2027 2131 2173 2162 Homines
2188 2131 2309 2170 Scotiae,

1239 2171 1296 2201 Are
1323 2173 1360 2202 ati
1372 2172 1417 2201 vel
1432 2171 1600 2210 Arestandi,
1618 2173 1722 2202 virtute
1741 2172 1921 2212 Treugarum
1933 2171 2134 2211 praedietarum
2147 2194 2157 2209 ,
2178 2171 2193 2200 a
2213 2169 2309 2201 Priso-

1235 2210 1272 2240 nii
1286 2210 1431 2241 deliberari
1445 2210 1580 2249 debeant,
1597 2219 1666 2240 tunc
1684 2220 1750 2248 eos,
1762 2211 1839 2249 juxta
1855 2211 1978 2242 formam
1993 2210 2175 2248 Treugarum
2190 2209 2310 2247 illarum,

1234 2248 1337 2280 faciant
1350 2249 1512 2285 deliberari,
1530 2250 1562 2279 ὃ(
1573 2271 1583 2287 ,
1598 2249 1617 2279 si
1633 2249 1699 2287 ipsi,
1717 2250 1818 2280 virtute
1833 2249 1987 2280 earundem
2010 2248 2190 2288 Treugarum
2206 2271 2217 2287 ,
2239 2248 2308 2278 deli-

1235 2288 1323 2317 berari
1339 2297 1399 2317 non
1412 2287 1550 2325 debeant,
1568 2296 1636 2316 tunc
1652 2296 1700 2317 eos
1713 2286 1837 2318 Prisonae
1850 2288 1954 2318 nostrae
1969 2288 2130 2324 remittant,
2149 2296 2198 2325 per
2211 2297 2238 2318 te
2256 2286 2307 2316 sal-

1234 2335 1276 2355 vo
1289 2325 1502 2362 custodiendos,
1520 2325 1614 2355 donec
1628 2324 1698 2355 inde
1711 2326 1785 2356 aliud
1801 2326 1961 2358 duxerimus
1973 2325 2161 2356 ordinandum
2169 2323 2308 2364 ,&quod

1235 2373 1287 2394 nos
1300 2363 1367 2394 inde
1382 2363 1539 2394 certificent
1553 2364 1673 2394 indilate.

1273 2401 1362 2434 Teste
1375 2401 1458 2442 Rege
1471 2402 1545 2443 apud
1557 2401 1847 2445 Westrnonasterium
1863 2403 2039 2435 duodecimo
2057 2403 2103 2434 die
2112 2401 2200 2440 Junii.

1885 2482 1938 2511 Per
1954 2480 2037 2519 ipfim
2051 2480 2156 2516 Regem.

1332 2614 1382 2646 De
1406 2606 1610 2652 Hominibus,
1633 2611 1686 2656 qui
1705 2610 1799 2640 Scotis
1812 2604 1994 2652 adheserunt
2007 2632 2017 2650 ,
2041 2604 2085 2639 ad
2098 2607 2210 2640 Pacem

1677 2654 1860 2702 recipiendis.

1241 2746 1298 2801 R
1308 2743 1390 2782 EX,
1408 2744 1518 2775 diieeiis
1530 2745 1564 2776 &
1579 2743 1707 2774 fidelibus
1721 2742 1782 2781 suis,
1801 2742 1937 2773 Roberto
1954 2741 1990 2772 de
2005 2738 2308 2777 Humframville,Co-
2325 2739 2399 2770 Ann.
2416 2737 2457 2770 D.

1319 2784 1382 2814 miti
1396 2784 1432 2814 de
1447 2784 1578 2823 Anegos,
1597 2782 1717 2821 Rogero
1729 2782 1887 2822 Heyroun,
1905 2780 2041 2812 Gilberto
2055 2779 2090 2811 de
2111 2779 2307 2816 Boroudoun,
2346 2787 2430 2818 1324.

1238 2820 1273 2852 &
1287 2821 1414 2853 Ricardo
1429 2822 1464 2852 de
1480 2821 1640 2859 Emeldon,
1655 2822 1788 2852 Salutem.

1275 2859 1325 2891 De
1339 2860 1594 2898 circumspeerione
1607 2859 1699 2890 vestra
1714 2858 1835 2897 provida
1851 2858 2039 2897 confidentes,
2237 2895 2242 2900 1

1278 2899 1485 2938 Affignavimus
1508 2908 1558 2931 vos
1574 2921 1585 2937 ,
1605 2907 1678 2936 treS,
1689 2900 1722 2930 &
1735 2898 1806 2928 duos
1819 2897 1962 2937 vestrum,
1979 2897 2014 2927 ad
2030 2906 2130 2927 omnes
2149 2895 2310 2930 Homines,
2324 2898 2381 2921 Par.
2398 2902 2440 2927 ιγ.

1241 2936 1279 2968 de
1294 2937 1444 2969 Comitatu
1459 2938 1697 2975 Northumbriae,
1715 2947 1748 2967 ac
1762 2937 1884 2978 partibus
1897 2935 2171 2975 adjacentibus,qui,
2191 2940 2307 2972 propter
2322 2936 2353 2960 Ε.
2370 2941 2395 2961 2.

1241 2977 1383 3016 inopiam,
1400 2978 1446 3009 seu
1458 2978 1541 3008 aliam
1556 2983 1704 3016 urgentem
1718 2974 1926 3013 necessitatem,
1946 2975 2039 3005 Scotis
2058 2973 2231 3003 adhaeierunt
2243 2993 2252 3009 ,
2275 2969 2308 3000 &
2323 2977 2348 3008 p.
2366 2980 2391 2997 z.

1241 3015 1361 3054 Terras,
1378 3015 1425 3047 seu
1440 3017 1637 3054 Tenementa,
1655 3015 1727 3044 infra
1751 3014 1887 3053 Regnum
1910 3012 2041 3043 nostrum
2056 3034 2065 3049 ,
2092 3019 2222 3048 tempore
2247 3008 2310 3040 Ad·
2326 3019 2361 3037 m.
2385 3007 2413 3035 8.

1242 3053 1371 3084 haesionis
1385 3055 1469 3094 illius,
1488 3065 1548 3086 non
1564 3054 1720 3084 habuerunt
1735 3053 1773 3088 (si
1789 3052 1824 3083 ad
1839 3052 1925 3081 fidem
1940 3051 1973 3081 &
1989 3050 2095 3080 Pacem
2116 3048 2241 3092 nostram
2254 3058 2305 3080 ve-

1243 3093 1303 3136 nire
1310 3094 1483 3162 cxltoluerunt)
1500 3093 1535 3125 ad
1549 3093 1650 3124 Fidem
1664 3092 1697 3123 &
1711 3090 1819 3122 Pacem
1833 3088 1959 3120 nostram
1974 3087 2074 3118 nostro
2097 3096 2217 3118 nomine
2239 3089 2312 3119 reci-

1264 3140 1308 3161 ien
1330 3141 1388 3162 um.

1243 3141 1263 3171 p
1284 3169 1321 3200 Et
1332 3170 1397 3200 ideo
1413 3171 1496 3200 vobis
1509 3169 1690 3205 mandamus,
1723 3166 1782 3197 uod
1794 3165 1938 3196 Homines
1952 3164 2129 3204 hujusmodi,
2147 3163 2313 3196 dumtamen

1245 3209 1332 3238 bonae
1345 3209 1440 3238 Famae
1453 3208 1570 3238 existant
1582 3231 1591 3245 ,
1609 3209 1642 3237 &
1654 3207 1688 3236 ad
1728 3205 1804 3235 idem
1817 3204 1850 3235 &
1866 3203 1972 3235 Pacem
1998 3204 2124 3234 nostram
2144 3204 2243 3234 venire
2261 3214 2314 3234 vo-

1245 3247 1364 3315 liffrint,
1377 3246 1413 3277 ad
1429 3246 1530 3276 Fidem
1543 3247 1577 3277 &
1592 3244 1698 3275 Pacem
1719 3243 1845 3274 nostram
1867 3243 2004 3283 recipiatis
2017 3265 2027 3282 ,
2050 3243 2120 3273 sicut
2142 3242 2313 3281 praedie‘tum

1247 3296 1264 3315 e
1298 3294 1303 3312 ;

1285 3324 1323 3353 Et
1338 3323 1374 3353 de
1386 3322 1552 3353 nominibus
1565 3321 1694 3357 illorum,
1711 3330 1780 3360 quos
1794 3320 1832 3350 fic
1847 3319 1881 3350 ad
1897 3320 1997 3350 Fidem
2019 3320 2052 3350 &
2067 3319 2175 3350 Pacem
2189 3318 2315 3350 nostram

1250 3363 1420 3401 receperitis,
1438 3362 1520 3391 nobis
1535 3362 1564 3390 in
1579 3359 1755 3390 Cancellari'a
1768 3358 1884 3397 nostra,
1903 3359 1953 3389 sub
1969 3359 2059 3398 sigillis
2069 3358 2184 3397 vestris,
2210 3358 2314 3399 trium,

1250 3410 1297 3431 aut
1317 3402 1439 3431 duorum
1464 3399 1590 3429 vestrum
1605 3421 1615 3437 ,
1643 3399 1700 3429 sine
1719 3398 1852 3428 dilatione
1866 3420 1876 3436 ,
1901 3397 2030 3427 constare
2052 3398 2171 3434 faciatis;
2201 3393 2314 3433 prowso

1250 3439 1358 3477 semper
1373 3437 1452 3477 quod
1466 3439 1616 3476 quicquam
1630 3438 1659 3467 in
1673 3436 1818 3475 praemissis
1833 3446 1893 3466 non
1907 3435 1970 3474 fiat,
1989 3436 2066 3475 quod
2080 3443 2177 3466 contra
2189 3434 2315 3462 formam

1249 3478 1447 3517 Treugarum,
1464 3478 1537 3507 inter
1551 3485 1602 3507 nos
1616 3476 1650 3508 δε
1662 3474 1809 3506 Homines
1821 3474 1858 3506 de
1871 3474 1968 3506 Scotiii
1983 3476 2129 3510 imitatum,
2146 3470 2247 3502 cedere
2262 3480 2315 3511 po·-

1249 3518 1312 3547 terit
1325 3515 1522 3555 quovismodo.

1290 3554 1323 3586 In
1340 3555 1419 3592 cujus
1453 3555 1514 3585 &c.
2134 3586 2140 3591 ἢ
2230 3585 2245 3590 ..

1274 3627 1276 3629 ,
1323 3593 1413 3625 Teste
1424 3577 1507 3634 kege
1518 3592 1591 3632 apud
1605 3591 1911 3631 Westmonasteriurn,
1928 3588 2100 3622 duodecimo
2112 3585 2158 3616 die
2168 3584 2256 3624 Junii.

2323 2821 2375 2846 Ari.
2395 2827 2437 2851 ¹7·

2323 2860 2354 2882 Ε.
2371 2865 2398 2882 2.

1889 3671 1943 3698 Per
1957 3664 2039 3705 ipfttm
2052 3666 2156 3702 Regem.

1313 3748 1411 3778 Odem
1426 3747 1518 3778 modo
1537 3746 1705 3786 assignantur
1724 3742 1944 3787 Radulphusde
1965 3740 2088 3784 Daci-e,
2110 3738 2255 3778 Johannes
2279 3739 2317 3782 de

1333 3786 1522 3825 Haryngton,
1539 3787 1573 3817 δε
1589 3786 1682 3817 Adam
1697 3787 1733 3817 de
1745 3786 1882 3821 Skelton,
1896 3791 1925 3825 in
1951 3777 2142 3819 Comitatibus
2166 3775 2316 3807 Cumbriae

1255 3826 1291 3895 ἐξ
1305 3825 1558 3893 ὶηῖξὲὶηιὲἳῖὶωάίκ
1568 3847 1579 3864 ,
1596 3826 1629 3857 &
1644 3826 1767 3864 partibus
1780 3819 1976 3862 adjacentibus,
1989 3816 2052 3852 &ss
2070 3822 2102 3846 ut
2109 3816 2206 3858 suffla,
2223 3822 2317 3847 muta-

1292 3901 1381 3941 {Teste
1396 3901 1526 3941 utsupra.

1922 3971 1975 4002 Por
1987 3970 2069 4010 ipſsm
2081 3972 2185 4010 Regem.

2211 4052 2318 4089 REX
