2562 4279
175 113 255 152 168

26 194 103 227 Arm.
118 197 160 228 D.
210 196 250 227 Et
263 197 287 234 ja
302 204 380 226 eoms
392 193 532 224 entenduz
542 201 597 231 que
610 192 705 223 nostre
714 193 771 223 dite
780 193 916 232 Femrne,
929 204 978 235 par
989 194 1092 226 consail
1106 195 1229 226 &abetz

47 236 124 274 1326
172 235 209 266 de
221 244 278 264 noz
291 234 349 263 ditz
364 233 504 272 Enemys,
522 231 556 261 ad
570 231 677 270 Escrit,
696 232 730 262 δε
743 242 850 263 uncore
863 234 910 264 fait
924 234 1059 273 escriure,
1077 233 1114 264 de
1126 235 1185 271 jour
1192 243 1229 263 en

26 275 93 302 Ἐάν.
110 285 136 304 2.
171 275 233 312 jour
247 296 256 311 ,
272 272 387 302 diverses
408 270 518 300 Lettres
537 279 563 299 as
582 268 748 312 Ercevesqes
761 293 772 309 ,
791 270 910 310 Evesqes
924 296 934 311 ,
951 271 1063 303 Prelatz
1077 295 1087 311 ,
1105 272 1229 310 Comes,

171 312 292 349 Barons,
312 311 344 340 &
367 319 381 338 a
399 318 457 338 noz
471 316 558 337 autres
574 308 668 338 foiaux
683 331 693 347 ,
711 310 840 340 auxibien
855 310 891 341 de
910 311 935 341 la
947 310 1078 350 Clergie,
1093 320 1180 341 come
1193 309 1230 340 de

172 351 197 380 la
218 350 314 380 Laiete
329 371 337 386 ,
356 348 389 378 &
409 357 437 376 as
458 346 653 377 Communees
666 348 714 377 des
729 347 830 378 Citeez
849 349 882 380 &
899 348 1005 388 Villes,
1022 352 1056 380 &
1070 360 1086 380 a
1098 349 1229 388 singulers

171 388 297 426 parsones
309 409 319 424 ,
338 386 375 415 de
395 385 485 414 Treer
502 394 517 414 3
540 394 594 414 eux
614 385 652 415 les
670 396 750 416 euers
763 409 772 424 ,
786 388 819 418 &
832 389 983 418 volunteez
997 388 1032 418 de
1047 387 1142 418 nostre
1156 387 1228 417 Poe-

170 427 232 464 ple,
251 434 302 462 pur
319 425 412 466 niieux
427 424 583 460 accomplir
597 423 655 454 leur
671 425 735 455 faux
748 426 992 465 compassementz
1006 427 1121 457 susditz:

210 465 297 502 Qeu
316 462 398 492 011010
416 471 497 500 purra
513 470 609 492 turnei·
629 473 645 493 a
660 461 820 495 Confusion
839 466 873 495 &
895 464 1082 496 Destrueiion
1107 465 1142 496 de
1167 472 1227 495 noz

169 502 306 539 Poeples,
322 502 370 540 qui
384 502 406 537 ja
420 510 455 530 ne
468 502 601 537 aveigne:

206 541 285 572 vous
304 539 454 569 mandoms
475 540 508 570 ὃς
530 539 695 579 chargeoms
715 540 757 571 sur
775 541 799 572 la
816 541 870 572 Foi
893 542 925 573 &
943 542 967 572 la
981 541 1155 580 Ligeaunce,
1171 550 1226 609 Rue

167 590 238 610 vous
256 588 327 609 nous
350 578 438 607 devez
453 601 462 617 ,
480 588 553 617 que,
572 579 592 608 fi
611 579 687 610 nules
709 580 819 610 Lem-es
839 591 910 611 vous
929 583 1061 620 veignent
1076 581 1110 610 de
1130 589 1169 609 no
1197 589 1226 608 re

164 619 263 656 frere,
282 627 320 647 ou
333 615 368 658 de
384 616 450 654 nul,
471 617 517 654 qui
531 618 582 647 soit
595 617 631 648 de
644 627 702 648 noz
717 618 778 649 ditz
792 619 909 649 Enemis
923 629 958 649 en
971 621 1034 650 lour
1046 619 1225 657 compaignie

166 657 311 687 esteauntz
322 678 331 693 ,
348 659 444 685 launtz
466 655 516 685 nul
533 656 603 686 delai
620 665 724 696 parnez
743 657 780 687 les
796 657 950 698 Melsagers
965 681 974 696 ,
992 660 1024 689 &
1038 658 1075 688 les
1088 657 1223 687 Portours

164 695 201 725 de
222 696 310 733 yceles
325 716 334 731 ,
351 694 384 724 &
408 694 446 724 les
464 703 546 734 corps
566 694 602 725 de
623 705 677 725 eux
692 718 701 733 ,
719 696 942 726 ensemblement
953 697 993 726 od
1013 697 1085 727 celes
1100 696 1225 732 Lettres,

165 735 283 771 entiers,
304 733 382 762 saniz
400 733 438 763 les
454 735 566 772 over-ir,
584 733 664 764 facez
678 734 866 765 hastivement
880 737 996 766 envoier
1015 746 1030 765 a
1045 744 1117 764 nous
1128 757 1138 772 ,
1156 734 1222 763 bien

165 772 199 802 &
211 772 391 809 sauvement,
408 781 483 810 queu
498 782 558 812 part
571 782 626 810 que
639 783 710 803 nous
723 773 825 812 100015,
843 774 879 804 (10
893 784 984 812 temps
997 784 1033 803 en
1052 782 1143 813 temps
1156 795 1166 811 ,
1179 780 1224 802 to-

163 819 203 841 105
214 812 252 841 les
265 810 348 849 foitz,
361 819 417 849 que
430 811 506 840 nules
522 811 596 841 tieles
611 811 719 842 Lettres
734 822 803 842 vous
814 812 960 843 vendront.

200 849 238 880 Et
252 849 272 880 si
284 850 334 880 nul
347 849 479 879 I-lomme
491 851 608 890 veigrie‚
625 850 702 880 santz
717 850 831 889 Lettre,
849 851 883 881 de
898 859 958 889 part
971 848 1065 880 nostre
1079 849 1119 880 dit
1138 849 1222 878 Fem-

161 898 227 927 me,
245 899 285 919 ou
300 888 349 918 nul
367 896 445 918 autre
458 911 467 927 ,
485 890 533 926 qui
553 888 603 918 soit
616 899 652 919 en
666 889 692 919 sa
706 890 884 928 compaignie
896 913 905 928 ,
922 899 974 929 pur
989 888 1092 918 Tretre
1107 888 1139 918 δε
1154 886 1216 916 Ρ31··

163 927 203 957 101
217 927 252 957 (10
268 927 317 957 nul
330 926 430 964 chose,
448 929 495 964 qui
511 927 572 957 lour
585 927 690 957 touche
706 951 716 966 ,
733 926 812 958 facez
825 929 860 958 de
877 928 893 957 li
909 938 944 958 en
958 927 1072 957 meisme
1087 927 1110 956 la
1124 935 1222 956 mane-

162 976 209 1004 re,
228 966 261 997 &
274 965 311 996 de
325 974 394 996 toux
407 974 494 1003 ceux,
511 966 561 1005 qui
577 966 734 1004 vendront,
752 975 788 996 en
803 967 863 997 cele
877 967 977 997 forme.

198 1003 238 1034 Et
257 1005 352 1035 auxint
372 1013 442 1034 vous
464 1004 614 1034 mandoms
629 1027 638 1042 ‚
668 1005 702 1035 &
723 1005 888 1045 chargeoms
902 1028 911 1042 ,
944 1005 1112 1035 fermement
1132 1003 1222 1041 enjoi-

159 1051 281 1082 gnamz,
300 1053 355 1081 que
375 1051 453 1073 vouz
475 1043 555 1073 facez
575 1044 647 1073 crier
662 1065 671 1081 ‚
695 1045 783 1081 parmi
804 1053 846 1075 tut
858 1044 949 1074 vestre
962 1043 1036 1073 Ville
1054 1051 1136 1073 avant
1148 1043 1223 1080 dite,

158 1091 232 1121 que,
252 1082 270 1112 si
291 1081 387 1111 nostre
405 1081 464 1111 dite
486 1080 606 1111 Femme
621 1105 630 1121 ,
648 1092 688 1112 ou
701 1083 749 1112 nul
764 1082 799 1112 de
820 1092 871 1112 nos
886 1082 945 1112 ditz
958 1082 1088 1120 Enemis,
1107 1082 1156 1119 qui
1171 1080 1222 1112 soit

159 1130 197 1150 011
213 1124 236 1150 la
250 1120 430 1159 compaignie
441 1144 451 1157 ,
470 1121 570 1150 envoit
586 1142 595 1158 ,
612 1131 626 1150 a
642 1121 690 1150 nul
704 1120 837 1151 Homrne
854 1121 949 1151 Lettre
964 1144 973 1158 ,
991 1130 1030 1150 ou
1042 1129 1119 1150 autre
1134 1119 1220 1149 Man-

160 1157 304 1198 dement,
321 1158 500 1189 comedesus
520 1157 560 1188 est
583 1158 647 1197 dit,
666 1159 741 1189 santz
755 1160 804 1189 nul
819 1160 909 1197 delai,
927 1159 1012 1189 soient
1026 1159 1064 1188 les
1080 1158 1220 1196 Messages

161 1196 196 1226 &
211 1196 348 1228 Portours
369 1196 475 1227 arestez
487 1221 497 1235 ,
515 1198 547 1228 &
566 1196 726 1228 sauvement
740 1207 843 1228 menez
855 1208 870 1227 a
884 1208 956 1227 nous
971 1221 980 1234 ,
999 1197 1219 1226 ensemblement

159 1235 200 1265 od
220 1235 258 1265 les
282 1236 390 1266 Lettres
409 1237 509 1266 entiers
527 1236 560 1266 &
583 1235 663 1266 nient
683 1236 807 1266 debr-ilez
827 1246 875 1274 par
888 1245 961 1265 ceuz
974 1258 983 1273 ,
1003 1246 1029 1264 as
1062 1245 1133 1265 ueux
1148 1235 1219 1264 celes

160 1273 270 1305 Lettres
289 1274 381 1305 seront
399 1274 473 1304 issint
489 1283 595 1304 enveez
609 1297 619 1312 ,
638 1274 680 1304 sur
701 1284 829 1313 quanque
850 1275 900 1314 qils
913 1283 1030 1312 purront
1055 1274 1157 1304 orfaire
1170 1274 1219 1304 de-

157 1322 220 1342 vers
235 1323 321 1351 nous,
340 1313 374 1343 de
388 1323 471 1351 corps
480 1337 488 1350 .,
504 1314 537 1343 &
551 1313 587 1342 de
600 1314 694 1349 avoir,
997 1330 1000 1336 ι

197 1351 236 1382 Ε1
250 1353 344 1382 auxint
359 1361 443 1389 toux,
463 1353 509 1390 qui
525 1350 663 1381 vendront
676 1350 763 1389 iffint,
781 1351 846 1382 sanz
865 1350 983 1389 Lettre',
1000 1361 1052 1389 pur
1068 1350 1170 1381 Treter
1183 1351 1217 1382 &

158 1388 254 1421 Parler
268 1390 304 1421 de
324 1391 342 1410 ²¹²
362 1389 455 1428 Rien,
476 1390 523 1427 qui
535 1390 596 1419 lour
612 1389 733 1427 touche,
753 1399 837 1420 come
851 1389 929 1420 desus
943 1390 984 1421 est
997 1390 1046 1421 dit.

200 1428 239 1460 Et
252 1430 347 1460 auxint
360 1429 438 1459 facez
450 1427 583 1458 defendi-e
598 1437 613 1457 3
628 1436 713 1466 toux,
731 1428 766 1458 de
780 1439 829 1466 par
841 1439 927 1468 nous,
945 1430 988 1460 sur
997 1428 1112 1460 meisme
1125 1426 1216 1459 lafor-

159 1464 266 1507 feture,
285 1478 340 1507 que
355 1466 421 1504 nul,
439 1466 473 1496 de
486 1466 549 1504 quel
568 1465 637 1496 estat
657 1477 697 1496 ou
716 1468 870 1498 condicion
888 1468 954 1505 qu'il
969 1468 1035 1505 soit,
1051 1476 1088 1498 ne
1101 1475 1215 1506 recette‚

157 1506 435 1545 conforte,eide,ne
447 1505 578 1543 favour-e,
597 1515 632 1535 en
647 1505 696 1535 nul
709 1507 807 1543 point,
825 1515 884 1535 noz
896 1507 955 1536 dit-z¹
973 1507 1107 1544 Femme,
1127 1506 1217 1544 Fiuz,

155 1555 193 1576 ne
207 1546 304 1583 Frere,
323 1553 402 1576 taunt
415 1553 500 1575 corne
514 1544 546 1574 ils
558 1545 640 1574 fount
655 1553 779 1582 uncore,
797 1545 830 1575 &
842 1544 993 1575 demorent
1007 1555 1041 1575 en
1056 1545 1115 1575 cele
1135 1554 1218 1578 com-

157 1585 282 1624 paignie,
300 1584 332 1615 ὃς
347 1583 397 1613 nul
409 1583 458 1622 qui
471 1592 507 1611 en
522 1582 545 1612 la
559 1583 741 1619 compaignie
756 1583 905 1621 soit3einz
919 1584 957 1614 les
976 1593 1061 1623 greve
1074 1585 1107 1614 &
1121 1583 1217 1616 dama-

157 1632 212 1660 ge,
229 1633 265 1653 en
279 1631 351 1653 tores
366 1622 404 1652 les
420 1621 498 1651 voies
513 1622 546 1651 &
561 1630 701 1659 maneres,
720 1621 779 1660 q'ils
791 1631 907 1661 purront
921 1634 931 1660 3
949 1623 1048 1660 forpris
1063 1630 1123 1652 noz
1138 1622 1216 1661 ditz,

157 1661 296 1699 Femme,
315 1661 401 1698 Fiuz,
417 1660 449 1690 &
463 1659 487 1689 F
489 1669 555 1689 rere.

191 1700 230 1731 Et
249 1709 321 1730 tores
343 1699 430 1730 cestes
447 1698 544 1728 choses
565 1697 664 1736 facez,
681 1698 714 1728 &
728 1698 795 1729 faire
809 1698 890 1729 facez
909 1699 1124 1738 diligeaument,
1141 1698 1217 1729 sanrz

154 1737 278 1777 feintise,
294 1739 327 1769 &
342 1738 389 1768 nul
405 1737 495 1773 (10131,
513 1737 546 1768 &
560 1748 575 1767 3
589 1745 674 1774 toux,
693 1736 729 1766 de
747 1736 839 1767 vestre
854 1736 928 1768 Ville
947 1738 1061 1775 iustine,
1080 1738 1160 1768 facez
1178 1738 1217 1768 sa-

153 1787 204 1808 ver
219 1778 257 1808 les
271 1777 340 1807 dites
355 1775 468 1813 choses,
489 1777 521 1806 &
540 1776 598 1813 q'ils
610 1776 647 1805 les
661 1775 755 1806 facent
770 1776 828 1814 sur,
849 1786 979 1814 quanque
996 1786 1083 1815 vouS,
1099 1777 1132 1808 &
1144 1786 1197 1806 eux
1207 1799 1217 1815 ‚

155 1816 190 1847 &
208 1817 337 1853 checun,
356 1823 430 1855 poez
443 1814 570 1852 forfaire,
586 1814 621 1844 de
633 1823 734 1851 corps,
754 1815 787 1846 &
801 1815 917 1845 d’avoir.

191 1854 274 1885 Don.
296 1853 361 1884 souz
384 1851 477 1882 nostre
498 1851 592 1884 Grant
611 1851 673 1883 Seal
688 1874 698 1890 ,
722 1863 737 1883 a
759 1851 855 1883 nostre
870 1852 955 1884 Tour
969 1852 1005 1884 de
1027 1853 1172 1892 Londres,
1191 1853 1217 1884 le

154 1895 192 1925 28
203 1895 269 1932 jour
283 1891 319 1922 de
337 1891 495 1930 Septembr.

7 1411 25 1429 ὓ
52 1407 105 1434 IV.

25 1453 91 1483 234.

795 1932 849 1960 Per
860 1929 942 1969 ipsitm
953 1932 1057 1968 Regem.

169 2010 217 2042 En
230 2009 344 2041 meisme
357 2008 381 2040 13
392 2018 505 2039 manere
521 2007 561 2038 cst
573 2007 695 2039 maunde
709 2018 724 2039 3
738 2007 776 2040 105
789 2007 989 2047 1011100101ἰῑῑ,
1008 2007 1198 2047 c’estaiavoir‚

187 2091 234 2118 Ax
253 2091 342 2118 Meire
355 2086 393 2122 ὠ,
407 2085 529 2123 Bailhffi«
545 2086 576 2115 de
597 2088 732 2126 Nor-wyz.

184 2130 231 2158 As
248 2130 336 2156 Meire
349 2123 386 2160 &¹
400 2125 487 2154 Bailli
501 2136 514 2154 s
533 2126 564 2154 de
580 2125 721 2164 Bristowe.

185 2169 231 2195 As
248 2169 335 2194 Meire
353 2164 390 2200 ό·
404 2163 473 2194 Bail
481 2163 517 2204 [fs
528 2164 561 2193 de
577 2163 754 2201 Notingham.

186 2207 232 2234 As
250 2207 338 2233 Meire
351 2202 389 2238 ὦ·
404 2202 517 2241 Baillifs
531 2203 562 2231 de
576 2204 702 2232 Cantebr.

186 2246 233 2272 As
255 2245 341 2271 Meire
354 2241 392 2277 ὠ·
408 2240 523 2278 Baillifs
536 2241 567 2270 de
582 2241 701 2270 Northt.

188 2284 234 2311 As
250 2283 338 2310 MeIre
359 2279 397 2315 &
413 2276 527 2319 Baillifs
540 2281 572 2309 de
576 2287 661 2317 grant
670 2279 846 2318 Jernemuth.

187 2323 233 2349 As
247 2322 334 2348 Meire
355 2317 392 2352 ὠ·
405 2318 516 2355 Bailltfs
532 2319 562 2347 de
576 2318 672 2348 Novel
684 2318 848 2359 Chastelsicr
862 2320 940 2358 nne.

188 2361 236 2387 As
252 2359 340 2387 Meire
356 2355 393 2390 (ᾤ’
407 2353 521 2396 Raillifs
536 2357 567 2385 de
585 2356 723 2397 lsVyrcefir.

188 2400 236 2425 As
251 2398 339 2424 Meire
351 2394 389 2428 ὢν
404 2394 516 2434 Baillzfr
532 2395 562 2423 de
579 2397 682 2424 Lenne.

187 2437 235 2464 As
251 2436 338 2463 Meire
353 2431 390 2467 (ἐν
404 2431 517 2499 Baillsifs
529 2433 562 2462 de
576 2432 726 2473 Oxnefiird.

187 2475 234 2502 As
251 2475 338 2501 Aleire
353 2470 390 2506 (ῤ’
405 2470 473 2500 Bail
483 2469 518 2510 tfs
535 2471 566 2500 de
578 2470 718 2510 Wj'ncestr.

188 2514 234 2541 As
250 2514 339 2540 Meire
353 2508 390 2544 όν
405 2509 517 2547 Baillifx
530 2510 561 2537 de
578 2508 733 2548 Staunfczrd.

188 2553 236 2579 As
254 2552 342 2578 Meire
355 2546 392 2582 όν
408 2547 519 2585 BailLfs
533 2548 564 2577 de
580 2549 728 2577 Loundres.

190 2591 236 2618 As
253 2590 342 2617 Meire
356 2585 394 2621 &
408 2586 521 2627 Baillifs
535 2587 566 2615 de
580 2587 730 2625 Everwyk.

187 2631 234 2656 As
250 2629 339 2655 Meire
355 2622 392 2660 ὠν
407 2624 493 2655 Bailli
510 2636 523 2654 5
538 2625 569 2654 de
582 2624 704 2664 Excestr.

151 2756 200 2787 De
216 2752 387 2786 intendendo
406 2756 442 2791 (ᾖν
470 2752 648 2786 auxiliando
675 2756 842 2799 capitaneis
859 2779 868 2792 ,
896 2751 939 2785 ad
962 2752 1147 2799 eligendum,
1173 2758 1209 2793 ὠ·

197 2801 363 2835 ducendum
381 2800 508 2834 homines
520 2829 530 2844 ,
550 2813 652 2834 contra
672 2806 820 2849 Rogcrum
838 2799 874 2833 de
893 2804 1104 2835 szuomari
1125 2801 1209 2851 affig-

196 2861 286 2884 natis·

369 2940 418 2971 De
433 2936 604 2970 intendendo
622 2938 748 2972 Danieli
766 2936 801 2970 de
820 2935 987 2985 Burghnm.

152 3023 283 3082 REX
302 3023 504 3063 Principalibus
523 3022 712 3059 Dufforibus,
730 3022 953 3061 Supervisoribus
969 3047 978 3060 ,
998 3024 1031 3053 &
1046 3023 1208 3055 Arraiatori-

229 3065 279 3093 bus
291 3062 477 3099 Hominum,
492 3062 629 3101 Equitum
643 3062 676 3092 δε
692 3061 822 3091 Peditum
837 3062 870 3091 ad
887 3061 990 3100 Arma,
1006 3064 1033 3091 in
1055 3061 1204 3094 Comitatu

150 3100 262 3132 Kantiae
275 3125 284 3140 ,
301 3110 413 3130 necnon
430 3099 604 3131 Vicecomiti
618 3100 739 3137 ejusdem
752 3098 915 3130 Comitatus

146 3138 275 3178 Ballivis,
295 3139 452 3177 Ministris,
469 3139 502 3169 δί
516 3139 656 3169 Fidelibus
671 3139 723 3168 suis
736 3161 745 3176 ,
764 3140 822 3168 tarn
843 3139 911 3168 infra

150 3185 241 3215 extra,
258 3177 292 3208 ad
307 3187 391 3216 quos,
409 3179 470 3208 &c.
488 3177 621 3207 Salutem.

187 3216 286 3247 Sciatis
305 3216 386 3254 quod
408 3215 620 3255 assignavimus,
642 3215 777 3245 (1110011101
800 3215 880 3244 nobis
922 3213 1071 3245 Danielem
1086 3216 1122 3246 de
1135 3215 1207 3247 Bur-

149 3254 256 3293 gham,
271 3254 306 3285 ad
322 3255 500 3293 eligendum,
518 3256 550 3286 &
566 3253 729 3285 ducendum
739 3276 748 3292 ,
762 3263 861 3283 omnes
877 3237 1037 3292 I-lomines,
1050 3255 1107 3284 tam
1119 3254 1208 3295 Equi-

146 3302 202 3333 tes,
219 3295 303 3332 quam
325 3292 432 3323 Pedites
446 3316 455 3330 ,
473 3294 503 3322 in
526 3292 675 3323 Comitatu
689 3291 827 3330 praedicto
843 3313 853 3329 ,
881 3292 929 3329 qui
942 3291 1098 3322 voluntarie
1110 3293 1205 3324 secum

146 3331 285 3371 proficisci
305 3332 446 3362 voluerint
460 3354 470 3369 ,
487 3330 522 3361 ad
536 3331 687 3370 Rogerum
705 3330 740 3361 de
756 3329 963 3367 Mortuomari,
982 3330 1016 3359 &
1027 3330 1094 3360 alios
1108 3330 1206 3362 Inimi-

146 3381 197 3401 cos
216 3371 249 3402 &
270 3370 401 3401 Rebelles
420 3369 550 3405 nostros,
568 3371 616 3406 qui
638 3368 776 3408 Regnum
797 3367 924 3398 nostrum
941 3367 1075 3398 hostiliter
1087 3369 1207 3408 suntin-

146 3408 249 3448 gressi,¹
260 3408 475 3446 destruendum,
491 3409 524 3439 &
538 3407 739 3446 insequendum
754 3430 764 3445 ,
784 3406 818 3437 &
834 3406 906 3444 ipsos
918 3429 928 3444 ,
946 3405 1080 3437 Mortuos
1093 3417 1140 3439 aut
1153 3407 1207 3438 Vi-

146 3457 198 3477 vos
211 3471 220 3485 ,
239 3447 408 3485 capiendum
423 3471 433 3486 ,
450 3447 505 3476 five
524 3445 627 3477 fuerint
649 3446 718 3476 infra
743 3445 897 3476 Libertates
910 3467 920 3483 ,
936 3444 993 3476 five
1013 3454 1087 3475 exrra
1100 3469 1110 3485 ,
1126 3447 1159 3478 &
1171 3447 1205 3477 ad

147 3485 232 3524 Nos,
252 3487 425 3525 ubicumque
436 3485 583 3523 fuerimus,
598 3484 711 3515 indilate
726 3482 897 3514 ducendum.

186 3523 224 3554 Et
238 3523 304 3554 ideo
318 3525 416 3561 vobis,
435 3523 569 3554 omnibus
582 3524 615 3553 &
629 3523 759 3560 singulis,
779 3521 943 3552 mandamus
955 3544 964 3559 ,
983 3522 1099 3553 firmiter
1111 3523 1206 3561 injun-

148 3570 259 3599 gentes,
277 3563 354 3600 quod
368 3562 461 3592 eidem
476 3561 587 3592 Danieli
602 3584 612 3599 ,
628 3562 657 3591 in
674 3559 835 3600 praerniffis,
854 3560 907 3590 11115
925 3560 1115 3599 intendentes,
1133 3571 1206 3592 cori—

145 3601 262 3631 sulentes
276 3624 286 3638 ,
305 3602 337 3631 80
359 3602 514 3631 auxiliantes
528 3623 537 3639 ,
563 3609 645 3641 prout
665 3601 743 3630 idem
762 3598 865 3629 Daniel
884 3599 967 3628 vobis
986 3599 1054 3629 scire
1074 3599 1154 3630 faciet
1171 3610 1206 3630 ex

149 3646 223 3674 parte
237 3638 340 3669 nostri.

187 3673 220 3703 In
234 3677 310 3713 cujus
319 3699 328 3714 ,
343 3677 403 3706 &c.

185 3710 274 3779 Tbeste
287 3714 369 3753 Rege
380 3714 453 3753 apud
467 3714 585 3745 Turrim
600 3714 761 3746 Londoniae
769 3737 779 3753 ‚
797 3713 931 3745 vicesimo
947 3712 1064 3744 octavo
1076 3713 1121 3744 die
1134 3714 1205 3753 Sep-

147 3757 206 3780 tem
229 3760 270 3779 ris.

0 3038 74 3069 Anu.
92 3035 132 3066 D.

17 3075 102 3116 1326.

0 3118 50 3143 An.
67 3125 111 3142 20.
958 3110 991 3137 ac
1005 3102 1138 3131 omnibus
1150 3103 1208 3132 aliis

928 3124 1082 3169 Libertates
1089 3163 1098 3178 ,
1118 3142 1206 3179 quam

0 3196 110 3220 Pat.20.

0 3234 29 3257 E.
50 3241 75 3258 2.

0 3276 35 3296 m.
52 3279 91 3296 ιι.

805 3793 858 3820 Per
873 3790 954 3831 ipfitm
969 3791 1072 3828 Regem.

186 3862 223 3893 Et
243 3866 457 3895 memorandum
476 3867 556 3904 quod
577 3868 704 3906 praefiitus
720 3867 822 3898 Daniel
841 3867 926 3898 habet
943 3867 1021 3898 diem
1035 3890 1044 3904 ,
1063 3867 1098 3897 ad
1112 3867 1200 3898 essen-

148 3901 218 3931 dum
232 3910 298 3945 cum
312 3903 427 3940 praefatis
441 3904 616 3936 Hominibus
630 3906 664 3938 ad
678 3906 790 3946 Regem
806 3929 816 3944 ,
834 3906 880 3937 die
895 3906 987 3936 Lunae
1007 3906 1139 3945 proximo
1153 3905 1198 3937 fu-

150 3947 232 3977 ture,
249 3940 421 3979 ubicumque
434 3949 501 3973 tunc
516 3943 606 3974 fuerit.

632 105 1433 159 CONVENTIONES,
1487 107 1874 159 LITERAE,

2342 193 2421 229 vAuri.
2434 196 2477 232 D.

2363 238 2448 276 1326.

1505 285 1553 317 De
1569 282 1739 318 intendendo
1754 286 1870 317 Simoni
1889 282 1925 317 de
1945 282 2088 332 Redding.
2345 277 2414 304 Edv.
2444 287 2472 304 ²·

1264 368 1388 425 REX
1401 393 1411 408 ,
1435 369 1543 401 dileffls
1564 371 1597 402 &
1612 369 1737 400 fidelibus
1754 369 1820 408 suis,
1840 369 2042 408 Principalibus
2054 369 2248 409 13061011ου5,
2265 365 2328 406 ὀτ.
2344 365 2397 390 ⁴4²¹·
2407 372 2452 392 ²0·

1342 415 1374 436 ut
1379 409 1480 447 sicpra,
1499 410 1529 439 in
1546 408 1735 439 Comitatibus
1756 408 1879 438 Oxoniae
1894 409 1927 438 &
1946 407 2031 438 Berks
2043 431 2052 446 ,
2071 418 2186 440 necnon
2201 409 2326 441 Viceco-
2344 404 2379 445 E..
2392 412 2417 429 2·

1255 445 1329 521 smiti
1349 447 1515 515 eoSrulmdem
1536 447 1735 478 Comitatuum
1747 470 1757 486 ,
1783 447 1816 483 ὃς
1833 447 1966 477 omnibus
1983 447 2038 477 aliis
2057 446 2166 478 Ballivis
2180 471 2190 487 ,
2214 447 2274 483 &a
2293 456 2326 479 ut
2342 439 2444 469 Mdem·

1274 491 1358 522 upra,
1398 496 1412 516 a
1424 494 1510 516 utem.

1304 521 1404 554 Sciatis
1415 525 1494 562 quod
1508 523 1720 563 affionavimus‚
1738 523 1876 554 dilen-um
1890 523 2066 554 Servientem
2079 524 2209 555 nostrum
2222 525 2258 556 ad
2273 525 2326 557 Ar-

1262 568 1323 598 ma,
1341 561 1491 592 Simonem
1506 563 1541 593 de
1555 549 1694 603 Redyng,
1709 562 1743 592 ad
1756 563 1916 602 eligendum
1927 563 1956 591 in
1966 561 2157 594 Comitatibus
2170 564 2325 604 praediffis,

1262 597 1390 629 Centum
1409 600 1552 631 Homines
1570 611 1690 632 armatos
1710 600 1821 631 Pedites
1836 624 1845 639 ,
1865 601 1900 630 de
1915 600 1965 631 illis
1979 600 2156 632 Hominibus
2171 625 2180 640 ,
2199 613 2270 641 quos
2291 604 2320 634 in

1261 637 1366 667 eisdem
1390 638 1580 681 Comitatibus
1593 649 1682 679 nuper
1698 640 1856 677 Arraiari,*
1867 640 1899 670 &
1923 639 1956 669 ad
1972 649 2023 669 nos
2037 639 2105 670 duci
2139 642 2320 680 raecepimus,
2339 651 2358 671 *1
2375 654 2428 682 IV·

1260 674 1295 704 ad
1310 672 1546 712 proficilcendum
1559 700 1569 715 ,
1588 679 1617 707 in
1637 678 1800 717 obsequium
1821 677 1950 708 nostrum
1966 701 1975 716 ,
1994 686 2092 709 contra
2132 679 2270 718 nimicos,
2287 681 2322 712 ὅτ.
2341 699 2355 717 2
2377 700 2405 727 5,

1262 711 1392 758 Rebe'lles
1410 715 1537 757 nostros,
1556 725 1590 746 ac
1605 716 1778 756 Alienigenas
1792 740 1801 755 ,
1821 717 1868 754 qui
1884 716 2019 756 Regnum
2035 716 2163 747 nostrum
2186 717 2321 750 hostiliter
2360 700 2373 728 3

1260 751 1322 781 sunt
1342 754 1452 792 ingressi
1467 765 1477 791 3
1495 755 1528 784 &
1548 753 1710 784 ducendum
1732 755 1803 793 ipsos
1821 757 1850 784 in
1862 754 2026 793 obsequium
2047 755 2194 793 nostrum,
2211 766 2263 794 pro
2277 767 2322 787 re-

1257 790 1383 828 pulsione
1403 791 1550 823 dierorum
1571 791 1759 823 inimicorum
1810 792 1975 824 Rebellium
2019 795 2051 825 &
2073 795 2320 834 Alienigenarum,

1258 829 1450 872 prout—eidem
1464 830 1575 861 Simoni
1587 840 1620 860 ex
1635 839 1709 870 parte
1723 816 1819 861 1101113
1835 832 1944 869 plenius
1959 817 2000 863 011
2012 833 2185 871 1011100101οῑ

1295 865 1334 897 Et
1344 867 1410 898 ideo
1425 869 1506 898 vobis
1520 868 1693 899 Mandamus
1707 892 1717 907 ,
1736 867 1853 899 firmiter
1864 871 2035 910 injungentes
2048 895 2058 910 ,
2073 871 2152 912 quod
2167 871 2258 902 eidem
2273 872 2318 903 Si-

1259 907 1356 943 moni,
1374 908 1405 936 in
1423 907 1570 937 Elecffione
1588 909 1621 939 &
1644 907 1793 937 Dueiione
1814 907 1980 939 Hominum
1995 911 2181 948 eorumdem,
2200 911 2254 942 fitis
2272 913 2318 941 ln-

1257 943 1402 986 tendentes
1416 969 1426 984 ,
1448 946 1622 975 consulentes
1635 968 1645 982 ,
1668 946 1702 976 &
1722 946 1878 976 auxiliantes
1891 969 1900 985 ‚
1923 957 2007 985 prout
2020 949 2098 980 idem
2113 950 2214 981 Simon
2235 949 2318 980 vobis

1257 984 1325 1012 10110
1341 982 1423 1014 faciet
1436 993 1470 1013 ex
1484 993 1560 1023 parte
1574 983 1678 1014 nostra.

1331 1019 1364 1050 In
1379 1023 1475 1061 cujus,
1495 1023 1554 1053 &o

1295 1057 1385 1090 Teste
1407 1060 1486 1102 Rege
1507 1061 1579 1099 apud
1598 1059 1720 1091 Turrim
1742 1060 1956 1093 Londoniarum
1969 1087 1980 1100 ,
2000 1063 2133 1095 vicesimo
2151 1065 2256 1098 0613νο
2273 1066 2319 1097 (110

1258 1096 1440 1135 Septembris.

1930 1141 1984 1169 Per
2002 1139 2083 1180 ipst'cm
2100 1143 2204 1179 Regem.

1257 1213 1474 1275 COnsimiles
1498 1214 1603 1260 Literas
1625 1214 1713 1252 Regis
1724 1216 1816 1260 'habet
1833 1215 1977 1260 ,1011311005
1996 1216 2032 1247 (10
2045 1216 2146 1262 Braye,
2174 1224 2218 1250 ‘ro
2235 1220 2316 1265 Qua-

1333 1254 1456 1297 draginta
1470 1253 1647 1285 Hominibus
1661 1248 1805 1285 Peditibus
1817 1263 1944 1293 armatis,
1957 1266 1986 1286 in
2002 1254 2150 1287 Comitatu
2190 1259 2255 1297 erk,
2267 1260 2317 1290 eli-

1254 1292 1382 1362 geist&
1398 1339 1428 1363 ut
1440 1331 1526 1370 supra.

1893 1372 1948 1401 Per
1960 1371 2043 1412 ipfiem
2057 1374 2162 1410 Regem.

1486 1506 1535 1538 De
1552 1503 1726 1537 intendendo
1743 1501 1901 1550 Radulpho
1916 1503 1952 1537 de
1968 1504 2086 1539 Wdon.

1257 1590 1313 1645 R
1324 1589 1348 1620 E
1358 1588 1388 1620 X
1408 1588 1581 1627 capitalibus
1592 1589 1783 1628 131161011ου5,
1801 1590 2050 1630 Supervisoribus,
2067 1591 2102 1622 &
2116 1591 2319 1623 Arraiatoribus
2338 1591 2413 1623 Ann.
2426 1593 2468 1624 D.

1333 1628 1494 1658 Hominum
1510 1628 1544 1658 ad
1559 1629 1646 1659 Arma
1661 1631 1694 1660 &
1711 1629 1843 1659 Peditum
1859 1631 1888 1659 in
1905 1629 2052 1660 Comitatu
2061 1630 2169 1668 Bucks,
2188 1632 2221 1662 δε
2232 1631 2259 1662 V
2262 1633 2318 1662 ice-
2360 1633 2443 1671 1326.

1254 1667 1353 1696 comiti
1369 1667 1491 1704 ejusdem
1512 1666 1694 1706 Comitatus,
1713 1668 1746 1698 &
1759 1668 1895 1697 omnibus
1907 1667 2018 1698 Ballivis
2039 1670 2072 1700 &
2088 1669 2232 1700 Fidelibus
2249 1670 2319 1710 suis,
2336 1674 2387 1699 An.
2405 1681 2452 1701 20.

1255 1704 1313 1734 [iim
1329 1704 1400 1736 infra
1413 1705 1582 1744 Libertates,
1600 1707 1685 1745 quum
1701 1714 1787 1743 extra,
1806 1706 1841 1736 ad
1859 1716 1945 1745 quos⁷
1964 1707 2024 1737 &o
2040 1707 2173 1738 Salutem.
2336 1714 2365 1737 Ε.
2386 1719 2412 1736 2.

1291 1742 1391 1774 Sciatis
1404 1743 1484 1783 quod
1498 1744 1708 1783 affigssssvimus,
1726 1743 1862 1774 dilectum
1877 1746 1911 1775 &
1924 1744 2032 1774 fidelem
2046 1745 2191 1785 nostrum,
2210 1747 2320 1778 Radul-
2373 1747 2440 1784 lbid,

1255 1780 1345 1819 phurn
1359 1783 1396 1813 de
1414 1783 1535 1813 Wedon
1551 1806 1560 1821 ,
1577 1782 1611 1813 ad
1633 1783 1811 1822 eligendum,
1830 1784 1863 1814 δε
1878 1783 2028 1813 levandum
2044 1783 2194 1815 Ducentos
2214 1786 2321 1817 Homi-

1254 1830 1320 1858 nes,
1337 1820 1373 1851 de
1386 1821 1566 1851 validioribus
1579 1821 1612 1851 &
1625 1822 1831 1860 potentioribus
1846 1821 2010 1852 hominibus
2025 1822 2059 1852 ad
2080 1823 2185 1862 Arma,
2205 1825 2238 1854 &
2254 1825 2321 1856 l-lo-

1254 1859 1360 1889 belariis
1373 1883 1383 1898 ,
1402 1860 1435 1890 ὅ(
1454 1860 1511 1889 31115
1530 1859 1708 1890 Hominibus
1723 1883 1732 1898 ,
1751 1859 1901 1898 Equitibus
1916 1861 1948 1891 δε
1971 1859 2117 1892 Peditibus
2139 1864 2265 1901 armatis,
2281 1864 2318 1895 de

1255 1898 1402 1928 Comitatu
1424 1898 1561 1937 praedicto
1575 1921 1584 1936 ,
1602 1899 1662 1929 tam
1677 1898 1747 1928 infra
1763 1898 1936 1937 Libertates,
1953 1900 2039 1937 quam
2053 1908 2146 1937 exrra3
2166 1901 2199 1930 δε
2213 1902 2247 1931 3(1
2259 1903 2319 1933 eos-

1255 1937 1321 1967 dem
1337 1936 1481 1967 Homines
1497 1936 1531 1967 ad
1545 1947 1613 1975 005,
1631 1937 1661 1966 in
1676 1935 1771 1967 forma
1785 1936 1840 1976 qua
1855 1938 1880 1967 ei
1897 1947 1945 1975 per
1959 1947 2011 1967 nos
2028 1938 2069 1968 est
2086 1939 2245 1976 injunetum
2258 1963 2268 1979 ,
2285 1941 2320 1977 fif

1254 1983 1292 2005 ne
1306 1974 1455 2013 dilatione,
1470 1975 1648 2006 ducendum:
2364 1973 2376 1984 ⁸

1291 2012 1330 2044 Et
1350 2014 1418 2045 ideo
1437 2014 1518 2045 vobis
1531 2037 1540 2053 ,
1557 2014 1692 2044 omnibus
1711 2014 1744 2044 &
1758 2013 1868 2054 singulis
1889 2014 2071 2052 mandamus,
2086 2014 2202 2046 firmiter
2222 2017 2317 2054 injun-⁴

1253 2061 1365 2092 gentes,
1384 2052 1463 2091 quod
1477 2052 1568 2083 eidem
1582 2051 1754 2091 Radulpho,
1771 2054 1802 2082 in
1817 2051 1962 2090 praemissis
1977 2053 2109 2083 faciendis
2129 2055 2163 2085 &
2177 2063 2319 2093 exequen-

1252 2093 1311 2130 dis,
1329 2092 1503 2129 auxiliantes,
1517 2091 1688 2122 consulentes
1699 2091 1753 2121 sitis
1761 2114 1771 2129 ,
1785 2091 1818 2121 δε
1833 2090 2025 2130 intendentes,
2040 2092 2226 2131 quotiens‚&
2234 2102 2319 2131 prout

1253 2140 1302 2169 per
1320 2130 1410 2175 ipsum
1431 2129 1617 2171 Radulphum
1631 2153 1642 2168 ,
1657 2139 1692 2160 ex
1713 2139 1789 2170 parte
1812 2129 1923 2168 nostra,
1937 2130 2016 2168 super
2036 2131 2110 2170 hoc,
2126 2131 2230 2162 fueritis
2243 2142 2319 2171 prae-

1252 2179 1364 2200 muniti.

1289 2208 1325 2239 Et
1334 2232 1343 2246 ,
1363 2216 1394 2239 ut
1407 2206 1545 2246 praemiffii
1559 2206 1702 2238 efficacius
1714 2208 1747 2238 δε
1761 2207 1876 2238 celerius
1889 2206 1947 2239 fieri
1961 2207 2069 2239 valeant
2083 2231 2093 2247 ,
2110 2208 2209 2239 damus
2223 2209 2317 2241 eidem

1251 2246 1407 2287 Radulpho
1421 2242 1595 2278 potestatem
1609 2256 1708 2277 omnes
1726 2246 1787 2276 illos
1800 2269 1809 2284 ,
1829 2256 1900 2284 quos
1912 2249 1936 2278 ei
1947 2247 1976 2277 in
1991 2246 2044 2277 hac
2059 2255 2134 2288 parte
2149 2247 2316 2279 Contrarios

1250 2295 1298 2316 aut
1319 2284 1451 2316 Rebelles
1472 2286 1630 2323 invenerit,
1649 2285 1800 2322 capiendi,
1819 2285 1852 2315 &
1867 2295 1915 2323 per
1937 2293 1979 2325 te,
1997 2286 2112 2325 praefate
2126 2286 2316 2326 vicecomes,

1250 2326 1281 2354 in
1295 2324 1411 2368 Prisona
1426 2323 1523 2355 nostra
1535 2323 1613 2355 salvo
1625 2322 1760 2354 custodiri
1773 2323 1892 2355 faciendi
1907 2347 1916 2364 ,
1933 2324 2027 2356 donec
2039 2324 2114 2356 aliud
2127 2325 2192 2355 inde
2205 2334 2314 2364 praece-

1269 2372 1382 2394 erimus.

1249 2373 1269 2403 p
1323 2400 1356 2431 ln
1370 2402 1467 2440 cu’us,
1483 2402 1543 2433 &c.
1795 2438 1797 2440 Ι

1286 2439 1375 2470 Teste
1430 2450 1481 2480 ege
1501 2439 1575 2479 apud
1596 2440 1716 2472 Turrim
1738 2439 1957 2473 Londoniarurn
1971 2463 1981 2480 ,
1998 2439 2136 2472 vicesimo
2147 2439 2252 2472 octavo
2266 2440 2313 2472 die

1249 2477 1429 2517 Septembris.

1938 2519 1991 2547 Per
2004 2516 2086 2556 ipſstm
2098 2519 2203 2555 Regem.

1248 2668 1297 2698 De
1312 2663 1482 2708 arrqstando
1492 2665 1636 2711 fhspec'los
1652 2689 1663 2706 ,
1688 2665 1724 2701 ὠ·
1741 2661 1777 2695 de
1786 2662 1934 2707 serminio
1942 2659 2084 2706 faciendo
2099 2663 2130 2691 in
2148 2658 2307 2694 Portubus.

1247 2749 1388 2809 REX,
1406 2749 1512 2781 dilectis
1524 2749 1557 2780 &
1571 2748 1697 2780 fidelibus
1712 2748 1778 2786 suis,
1797 2747 1950 2785 Radulpho
1966 2745 2182 2786 deCammoys,
2200 2746 2307 2777 &Ro-
2323 2755 2400 2787 Anu·
2415 2756 2458 2789 D·

1319 2790 1399 2819 berto
1409 2789 1445 2819 de
1461 2787 1605 2826 Kendale,
1620 2787 1843 2818 Constabulariis
1856 2785 1948 2817 Castri
1963 2785 2002 2816 sui
2017 2785 2190 2823 Dovorriae,
2203 2784 2306 2816 &Cu-
2345 2796 2429 2835 1326.

1247 2826 1320 2858 stodi
1335 2827 1472 2866 Quinque
1487 2826 1626 2857 Portuum
1642 2826 1774 2864 suorum,
1794 2825 1927 2855 Salutem.
2322 2838 2374 2863 An·
2391 2845 2438 2862 20·

1284 2864 1366 2896 Cum
1379 2875 1467 2905 nuper
1477 2865 1705 2903 assignaverimus
1718 2874 1787 2902 νος,
1805 2863 1986 2902 conjunfflm
1996 2886 2005 2901 ,
2019 2862 2052 2893 &
2067 2862 2174 2893 divisim
2183 2885 2193 2901 ,
2207 2862 2242 2893 ad
2256 2873 2307 2893 cu⁴
2322 2877 2353 2900 Β,
2373 2883 2398 2901 2,

1246 2903 1426 2934 stodiendum
1445 2914 1546 2934 omnes
1564 2903 1665 2934 Portus
1685 2904 1717 2934 δε
1735 2903 1833 2933 Litora
1868 2904 1897 2932 in
1916 2902 2015 2939 quibus
2035 2901 2134 2932 Naves
2147 2901 2304 2941 applicant,
2323 2911 2388 2945 Vasc.
2410 2915 2457 2942 20:

1246 2943 1280 2973 &
1299 2952 1418 2973 omnem
1437 2943 1558 2974 Terram
1579 2943 1749 2972 maritimam
1767 2943 1795 2971 in
1817 2925 1966 2971 C⁷omitatu
1983 2939 2112 2982 Kantiae,
2131 2939 2251 2977 Surriae,
2269 2940 2303 2970 &
2320 2954 2351 2976 E.
2372 2960 2398 2979 2,

1245 2981 1394 3020 Suffexiae,
1411 2982 1470 3012 tam
1483 2981 1554 3011 infra
1567 2980 1740 3019 Libertates,
1755 2981 1838 3018 quam
1853 2988 1941 3010 extra:
1960 2978 1994 3009 &
2006 2978 2039 3008 ad
2054 2975 2232 3023 resistendum
2239 2986 2305 3007 om-
2321 2997 2358 3016 m·
2375 2990 2402 3017 6,

1245 3021 1326 3051 nibus
1341 3043 1351 3058 ,
1369 3019 1418 3058 qui
1438 3029 1537 3051 contra
1556 3018 1624 3050 Nos
1640 3042 1649 3057 ,
1667 3029 1716 3057 per
1733 3020 1853 3049 Terram
1867 3041 1877 3057 ,
1894 3017 1938 3048 vel
1953 3026 2002 3054 per
2015 3014 2114 3058 Mare,
2132 3024 2235 3046 armata
2248 3015 2306 3047 Po-
2320 3026 2382 3063 dors,

1246 3059 1348 3096 tentia,
1365 3060 1493 3089 venerint
1505 3059 1534 3088 in
1549 3057 1619 3089 locis
1631 3057 1810 3096 supradiffis,
1827 3057 1860 3087 &
1875 3056 1910 3086 ad
1924 3053 2060 3098 'quaed-arn·
2072 3053 2137 3090 3113,
2157 3063 2210 3097 pro
2221 3054 2305 3085 salva-

1246 3099 1324 3128 tione
1337 3098 1458 3135 partium
1478 3097 1584 3127 illarum
1594 3120 1603 3135 ,
1621 3096 1781 3127 faciendum
1795 3107 1804 3132 ,
1823 3102 1906 3137 prout
1922 3102 1951 3122 in
1973 3092 2073 3122 Literis
2086 3090 2188 3122 nostris
2203 3092 2307 3125 Paten-

1245 3136 1334 3174 tibus,
1353 3136 1435 3166 vobis
1448 3135 1513 3166 inde
1527 3136 1667 3165 confectis
1703 3134 1812 3171 plenius
1826 3139 2003 3162 contmetur:

1282 3174 1352 3204 Nos
1367 3198 1376 3212 ‚
1396 3182 1511 3211 propter
1532 3173 1638 3212 aliquos
1660 3157 1826 3207 Rumorec,
1851 3170 1899 3208 qui
1917 3169 1951 3199 ad
1972 3178 2050 3212 aures
2069 3168 2177 3200 nostras
2192 3171 2306 3202 noviter

1243 3220 1430 3252 pervenerunt
1443 3235 1453 3248 ,
1473 3212 1598 3243 volentes
1615 3209 1755 3248 praemissa
1774 3208 1935 3245 diligentius
1956 3207 2013 3237 fieri
2035 3207 2069 3238 &
2081 3208 2234 3248 observari,
2251 3219 2304 3248 ne,

1265 3261 1293 3280 er
1320 3249 1473 3289 Aggreffus
1499 3259 1530 3279 re
1550 3249 1659 3279 entinos
1691 3247 1850 3286 aliquorum
1880 3246 1949 3276 infra
1974 3246 2110 3285 Regnum
2142 3247 2271 3278 nostrum
2291 3271 2303 3287 ‚

1244 3261 1358 3356 ch'pjulo
1373 3311 1383 3326 ,
1406 3286 1506 3317 nostro
1526 3257 1675 3326 Regimini
1694 3285 1849 3317 commisso
1861 3308 1871 3324 ,
1897 3284 2052 3323 periculum
2073 3287 2182 3316 eveniat
2204 3288 2306 3325 quovis

1246 3337 1277 3357 m
1316 3336 1351 3356 o:

1282 3364 1373 3394 Vobis
1388 3363 1569 3403 mandamus,
1584 3364 1701 3394 firmiter
1716 3364 1909 3402 injungentes,
1926 3362 2005 3399 quod
2021 3362 2119 3393 omnia
2132 3363 2166 3394 &
2180 3363 2302 3402 singula,

1243 3404 1273 3433 in
1294 3403 1395 3433 eisdem
1420 3401 1522 3434 Literis
1540 3412 1690 3441 contenta,
1702 3402 1779 3439 juxta
1793 3410 1922 3432 tenorem
1937 3401 2122 3439 eorumdem,
2137 3410 2207 3432 cum
2220 3403 2303 3431 omni

1243 3441 1386 3481 diligentia
1407 3439 1485 3471 fieri:
1504 3452 1537 3472 ac
1559 3442 1623 3472 loca
1640 3441 1844 3480 praedic’ta‘viis
1857 3441 1890 3471 &
1905 3440 2013 3479 modis,
2031 3440 2130 3478 quibus
2144 3448 2204 3482 pro·
2217 3438 2302 3469 salva-

1242 3482 1318 3510 tione
1334 3478 1438 3517 Populi
1456 3480 1544 3510 nostri
1558 3503 1567 3519 ,
1583 3480 1725 3511 dictarum
1743 3480 1882 3519 partium,
1901 3479 2000 3508 melius
2021 3477 2082 3508 fore
2095 3477 2233 3515 videritis,
2248 3487 2300 3508 cu-

1242 3518 1359 3556 stodiri3
1374 3527 1489 3549 necnon
1507 3528 1607 3549 omnes
1626 3519 1659 3550 &
1674 3518 1792 3557 singulos
1807 3541 1815 3555 ‚
1832 3518 1915 3547 nobis
1928 3517 1975 3546 seu
1987 3516 2093 3554 Regno
2106 3513 2205 3557 nossfro
2217 3517 2302 3545 meri-

1241 3560 1275 3587 to
1291 3557 1428 3595 suspe&os
1447 3558 1483 3587 (si
1499 3567 1569 3597 quos
1583 3559 1612 3587 in
1627 3557 1729 3587 eisdem
1742 3557 1813 3586 locis
1826 3555 2001 3590 inveneritis)
2021 3555 2076 3584 fine
2093 3551 2226 3597 dilauone
2240 3563 2300 3597 ate-

1242 3595 1322 3635 stari,
1341 3596 1373 3626 8(
1388 3596 1417 3625 10
1440 3595 1551 3633 prisona
1564 3595 1661 3626 nostra
1674 3595 1751 3625 salvo
1767 3593 1902 3625 custodiri
1916 3593 2021 3624 faciatis
2032 3613 2043 3629 ,
2057 3590 2151 3620 donec
2163 3590 2238 3621 aliud
2254 3602 2298 3621 in-

1242 3634 1279 3664 de
1293 3635 1308 3664 a
1321 3635 1404 3664 nobis
1416 3634 1564 3664 habueritis
1576 3635 1604 3664 in
1619 3633 1771 3671 mandatis,

1278 3672 1316 3702 Et
1330 3671 1398 3702 Nos
1413 3672 1447 3702 de
1460 3672 1622 3702 nominibus
1633 3671 1800 3702 eorumdem
1809 3694 1819 3710 ,
1835 3670 1874 3700 110
1887 3676 2039 3711 captorum
2050 3667 2084 3697 &
2096 3665 2299 3707 arestatorum',

1241 3721 1273 3741 ac
1290 3709 1369 3741 caula
1383 3712 1520 3748 captionis
1535 3711 1568 3741 &
1582 3711 1749 3740 arestationis
1763 3707 1930 3739 eorumdem
1939 3706 1990 3745 ,&
2003 3714 2087 3748 etiam
2099 3705 2136 3734 de
2148 3712 2212 3735 toto
2218 3706 2297 3737 13010

1240 3749 1334 3779 vestro
1349 3750 1377 3778 in
1392 3748 1444 3779 hac
1459 3758 1552 3789 parte,
1569 3748 1604 3778 de
1619 3757 1749 3787 ternpore
1762 3749 1792 3778 in
1806 3755 1933 3785 ternpus,
1951 3753 2000 3783 per
2012 3743 2101 3773 literas
2116 3742 2218 3774 vestras
2231 3744 2296 3776 red-

1238 3786 1307 3817 datis
1322 3788 1461 3817 certiores.

1273 3825 1360 3857 Teste
1374 3825 1459 3864 Rege
1470 3826 1543 3865 apud
1559 3824 1711 3865 Marsfeid,
1730 3823 1872 3857 tricefimo
1883 3820 1930 3851 die
1944 3819 2126 3859 Septembris.

1867 3899 1920 3927 Per
1932 3893 2016 3935 ipficm
2029 3896 2133 3932 Regem.

2140 4011 2159 4030 ⁸⁸
2180 4010 2294 4043 Eodem
