2562 4279
155 78 207 114 92
607 39 1865 100 CONVENTIONES,LITERAE‚

0 150 78 181 nnn.
96 147 139 180 D.

34 188 119 219 1216.

4 228 75 256 Edv.
92 236 124 257 ²·
158 239 218 269 Pro
242 235 408 269 hominibus
438 231 646 267 Mrthwalliie
676 227 712 260 de
740 224 1006 273 Confhetttdinibtts
1029 220 1231 270 obfirvandis.

8 321 86 353 Anu.
102 321 144 352 D.
162 321 282 378 REX
301 322 452 366 omnibus,
467 318 500 349 ad
518 325 606 362 quos,
621 314 682 344 &e
703 313 827 358 salutem.
864 352 869 358 ι

26 363 113 401 1316·
259 361 357 390 Sciatis
379 358 476 397 quod,
495 364 565 386 cum
590 363 619 384 in
647 351 774 391 praesenti
797 351 990 382 parliamento
1012 349 1112 381 nostro
1129 371 1138 387 ,
1162 346 1235 385 apud

5 404 60 428 An.
81 409 109 434 9.
165 397 346 429 Lincolniam
361 397 549 430 Convocato,
568 401 602 422 ex
624 400 717 430 parte,
733 391 903 422 diledmrum
924 391 958 420 &
978 389 1102 419 fidelium
1126 388 1237 417 nostro—

6 444 39 466 E.
73 447 99 467 2.
161 446 242 475 rum,
258 437 411 466 hominum
426 435 460 464 de
476 432 599 471 partibus
610 430 824 468 Northwamae,
843 428 974 467 quaedam
990 428 1139 473 petitiones
1152 426 1235 456 nobis

8 481 67 505 Par.
84 485 112 510 9.
162 475 299 513 porredtae
312 474 423 505 fuissent
446 471 524 509 super
548 468 712 508 quibusdam
731 469 956 506 gravaminibus,
973 477 1029 505 eis,
1048 474 1079 495 ut
1099 464 1236 500 afferunt,

9 520 74 542 E.2.
92 522 114 552 p.
163 523 211 550 per
228 513 376 543 Ministros
388 509 498 541 nostros
506 509 625 547 partium
640 508 748 538 illarum
757 514 874 546 ,praeter
891 505 1091 536 conscientiam
1108 503 1234 533 nostram

9 563 35 581 2.
52 564 88 582 m.
100 563 145 591 33.
162 552 241 604 illatis
257 552 407 621 gaitenus,
424 547 604 579 amovendis:
624 547 657 578 &
671 546 708 577 de
728 545 892 585 quibusdam
912 545 1024 582 gratiis,
1042 554 1056 573 a
1076 543 1160 572 nobis
1173 540 1236 578 sup-

182 600 255 620 iican
278 600 311 620 is:

162 601 181 628 P
196 628 279 666 Nos,
296 626 456 658 affectantes
471 626 634 663 gravamina
656 623 780 654 indebita
791 622 961 659 subducere,
978 622 1011 652 ὃς
1034 618 1153 658 praefatis
1169 616 1233 647 fide-

157 667 231 696 libus
247 666 362 704 nostris,
379 674 433 702 pro
449 674 485 694 eo
499 663 578 702 quod
594 665 623 693 in
637 662 708 693 terr&⁴
721 662 836 693 Wailiae
844 662 1017 691 extiteramus
1031 657 1237 694 oriundi,gra-

160 707 229 735 tiam
244 705 334 735 facere
347 703 532 741 ampliorem:
549 703 686 740 sperantes
696 702 782 731 etiarn
798 699 876 738 quod
891 699 959 736 ipsi,
977 708 1046 736 quos
1066 696 1156 726 solum
1173 694 1236 725 Na-

160 744 213 773 tale
228 743 376 773 affeffibus
391 742 546 780 specialiter
570 741 736 779 conjungit,
752 739 786 769 ad
804 738 896 768 nostra
915 737 1046 774 obsequia
1064 745 1099 765 eo
1120 733 1146 764 se
1169 743 1236 770 pro-

159 784 252 812 niores
265 781 381 812 reddent
397 782 430 811 &
445 780 652 819 promptiores,
673 789 731 817 quo
746 777 815 817 ipsos
836 777 972 807 fuerimus
997 772 1181 811 amplioribus
1196 771 1238 801 fa—

160 821 276 851 voribus
290 819 443 858 prosecuti,
462 819 532 849 infra
554 818 668 856 scripta,
687 828 739 858 pro
760 825 859 846 eorum
883 814 980 851 majori
1004 810 1186 849 tranquilitate
1203 810 1237 840 &

159 860 343 928 coctinlmodo,
366 859 421 898 eis,
442 857 479 888 de
504 856 596 888 nostra
616 856 726 895 speciali
748 854 854 893 giutid,
877 853 1008 882 duximus
1034 848 1239 886 concedenda,

161 909 189 929 vi
212 907 295 928 eicet

201 921 362 975 Qod’illa
381 935 570 972 consuetudo,
588 944 650 972 qua:
674 941 789 963 vocatur
812 929 1042 967 Amobragium,
1068 927 1104 958 de
1135 934 1239 957 caetero

160 985 220 1006 non
241 977 383 1013 exigatur,
403 975 452 1004 nisi
475 973 546 1004 infra
567 983 670 1003 annum
685 983 699 1002 a
714 980 842 1008 tempore
863 969 1037 1005 cognitionis
1056 966 1171 1002 defleti,
1187 974 1240 1002 pro

161 1025 221 1053 quo
232 1014 308 1045 dieta
324 1013 497 1044 consuetudo
512 1012 578 1042 solvi
593 1012 711 1049 debeat,
730 1011 765 1040 ira
786 1018 877 1038 tamen
895 1006 990 1045 quod,
1008 1006 1027 1036 si
1052 1005 1123 1035 infra
1145 1004 1240 1042 hujus-

163 1053 244 1083 modi
259 1063 365 1084 annum
378 1053 523 1090 exigatur,
541 1051 624 1088 licet,
642 1050 758 1080 durante
773 1057 848 1077 anno
860 1045 926 1084 illo,
944 1055 1006 1075 non
1019 1044 1156 1081 solvatur,
1177 1041 1240 1080 post

161 1103 269 1123 annum
284 1092 364 1122 illum
377 1090 488 1121 finitum
512 1089 694 1119 nihilominus
715 1086 897 1125 persolvatur,
916 1085 967 1122 &,
985 1083 1021 1113 de
1041 1091 1160 1120 caetero,
1179 1091 1240 1111 tan-

163 1131 318 1161 tummodo
333 1130 437 1160 levetur
450 1130 481 1159 in
501 1128 607 1159 casibus
619 1127 684 1165 illis,
702 1127 730 1156 in
748 1126 864 1164 quibus,
881 1123 1055 1161 temporibus
1072 1121 1240 1158 Principum

165 1169 301 1206 Walliae,
319 1169 403 1199 levari
419 1167 573 1198 consuevit.

201 1207 238 1238 Et
252 1207 331 1246 quod
347 1208 422 1237 bona
443 1206 612 1236 Liberorum
635 1204 788 1234 hominum
811 1201 929 1239 partium
950 1199 1058 1230 illarum
1080 1209 1128 1237 per
1148 1197 1240 1228 Mini-

28 1249 48 1269 ἢ*
67 1251 122 1281 Ill.
163 1246 233 1278 stros
249 1246 358 1277 nostros
371 1256 430 1275 non
446 1246 607 1283 capiantur,
626 1251 757 1281 quatenus
772 1242 847 1270 bona
856 1239 1034 1270 Villanorum
1044 1239 1062 1257 ἢ*
1076 1237 1239 1267 nostrorum

32 1298 101 1325 549.
164 1286 363 1324 propriorum,
381 1284 415 1314 &
437 1285 510 1313 bona
533 1282 687 1320 spadonum
707 1281 858 1310 hominurn
872 1277 906 1308 de
922 1277 1068 1308 advocaria
1082 1276 1240 1313 sufficiunt,

163 1326 201 1356 set
217 1325 313 1363 primo
335 1323 412 1353 bona
427 1322 605 1352 Villanoruin
626 1319 804 1355 nostrorum,
823 1318 856 1348 &
878 1315 1063 1354 postmodum
1083 1316 1160 1345 bona
1181 1313 1242 1352 spa-

162 1363 272 1394 donum
287 1363 320 1393 &
336 1362 486 1392 bominum
501 1361 537 1390 de
552 1359 698 1389 advocaria
719 1358 782 1394 capi
797 1356 944 1394 volumus,
963 1363 1046 1392 prout
1066 1354 1242 1392 temporibus

165 1402 335 1439 Principum
349 1400 391 1430 W
394 1399 482 1437 alliae,
499 1408 528 1428 ut
544 1397 682 1434 alleritur,
700 1395 756 1426 fieri
773 1394 925 1425 consuevit.

203 1439 240 1471 Et
254 1440 332 1480 qubd
346 1438 416 1468 liber
430 1438 535 1475 homo,
554 1436 657 1465 babens
671 1435 740 1464 duos
757 1433 854 1471 Filios,
870 1432 915 1462 vel
933 1432 1039 1470 plures,
1055 1430 1140 1472 poffit
1150 1440 1242 1461 unum

165 1489 200 1511 ex
221 1480 275 1517 eis,
295 1487 379 1516 quem
402 1476 537 1513 voluerit,
557 1475 662 1512 libere,
680 1473 782 1511 absque
806 1470 922 1502 licentis
938 1481 954 1501 a
968 1472 1069 1508 nobis,
1087 1470 1131 1500 vel
1153 1468 1242 1509 Justi-

166 1518 261 1550 ciariis
275 1516 375 1547 nostris
397 1513 515 1553 petenda
528 1536 537 1550 ,
556 1522 703 1550 procurare
717 1513 744 1541 in
759 1511 849 1548 prima
862 1509 972 1539 tonsura
987 1509 1118 1539 ordinari.

207 1556 243 1587 Et
257 1555 334 1594 quod
349 1554 478 1583 homines
492 1553 575 1582 liberi
591 1549 756 1587 wallenses,
776 1559 824 1587 per
838 1549 1011 1585 triennium,
1026 1548 1088 1586 jam
1103 1548 1238 1585 proximo

168 1596 292 1626 futurum
306 1617 314 1631 ,
340 1591 443 1631 possint
468 1599 567 1629 terras,
585 1598 743 1621 tenetnenta
758 1611 767 1627 ,
792 1588 825 1618 ὃ(
850 1586 970 1617 redditus
991 1587 1052 1617 suos
1071 1586 1128 1616 aliis
1151 1586 1243 1616 liberis

167 1633 355 1665 &vallensibus
369 1629 492 1662 vendere
516 1630 550 1661 ὃς
571 1629 689 1660 donare·
714 1629 751 1658 ita
771 1636 865 1657 tamen
880 1625 966 1663 ‘quod
988 1624 1180 1664 venditiones,
1197 1623 1243 1655 seu

168 1673 334 1703 donationes
355 1668 516 1708 hujusmodi
534 1678 593 1698 non
607 1651 826 1703 fiant⁷1>raelatis‚
850 1664 1016 1702 Religiosis,
1034 1673 1080 1694 aut
1104 1663 1244 1694 Ministris

168 1711 286 1749 nostris,
302 1709 347 1741 vel
360 1709 478 1740 aliorum
491 1707 655 1738 secularibus
670 1705 714 1736 vel
727 1703 945 1741 Eccleiiasticis,
963 1704 1027 1741 qui,
1067 1701 1244 1733 raetextuOf-

167 1749 302 1781 ficiorum
317 1748 448 1786 suorum,
464 1746 530 1777 alios
543 1745 579 1776 de
598 1744 721 1783 populo,
739 1744 774 1774 ad
795 1741 957 1780 vendenda,
976 1740 1021 1772 seu
1063 1740 1175 1771 onanda
1190 1749 1245 1771 ter-

168 1799 226 1827 ras,
244 1795 420 1825 tenernenta,
438 1786 483 1816 seu
496 1784 615 1815 redditus
629 1784 689 1814 suos
702 1806 711 1820 ,
730 1790 859 1820 poterunt
875 1781 1042 1819 cohercere,
1060 1780 1129 1810 dum
1143 1781 1173 1810 in
1187 1779 1245 1810 Of-

169 1827 240 1858 ficiis
255 1827 306 1857 suis
328 1826 444 1863 fuerint,

206 1866 242 1897 Et
258 1863 513 1904 quodjusticiarius
526 1860 620 1891 noster
634 1860 754 1898 partium
771 1859 899 1897 illarum,
917 1859 966 1898 qui
981 1868 1034 1896 pro
1046 1866 1175 1897 ternpore
1183 1856 1245 1888 fue-

169 1905 223 1943 rit,
240 1904 332 1934 videat
349 1901 429 1941 quod
445 1900 638 1938 venditiones,
655 1899 700 1929 seu
721 1898 887 1929 donationes
907 1897 1066 1936 hujusmodi
1087 1907 1145 1927 non
1163 1895 1243 1934 fiant,

170 1954 220 1982 per
237 1943 420 1974 coherciones
432 1940 586 1978 aliquarum
596 1962 605 1978 ,
622 1938 786 1969 secularium
802 1936 847 1967 vel
860 1935 1134 1974 Ecclesiasticarum,
1152 1934 1246 1973 perso-

170 1992 267 2013 narum
278 2004 286 2019 ,
305 1989 402 2011 contra
415 1979 588 2009 voluntatem
603 1976 782 2007 venditorum
792 1998 802 2014 ,
815 1975 860 2005 seu
875 1974 1046 2005 donatorum
1062 1973 1246 2005 eorumdem:

208 2020 244 2051 Et
265 2019 344 2058 quod
361 2019 458 2048 omnia
479 2016 588 2047 servitia
602 2016 635 2047 ὃς
651 2015 778 2053 deveria,
795 2014 877 2044 nobis
898 2012 993 2044 debita
1010 2012 1046 2043 de
1061 2014 1153 2051 terris,
1169 2020 1247 2042 tene-

170 2060 288 2097 mentis,
306 2058 339 2088 &
355 2056 523 2094 redditibus,
543 2055 581 2085 sic
598 2053 766 2092 vendendis,
782 2051 827 2083 seu
839 2051 993 2091 donandis,
1012 2051 1095 2082 nobis
1119 2050 1184 2082 fiant
1198 2060 1247 2090 pet

171 2106 330 2136 ctnptoi·e8,
347 2095 392 2126 seu
411 2095 568 2126 donatarios
585 2092 775 2131 eorumdem,
792 2091 864 2122 adeo
892 2091 974 2129 plene
993 2091 1061 2121 sicut
1079 2100 1127 2128 per
1151 2099 1249 2120 manus

171 2137 373 2174 venditorum,
400 2134 446 2165 seu
468 2133 637 2163 donatorum
660 2140 814 2169 terrarum,
833 2138 1077 2168 tenementorum,
1095 2129 1128 2160 &
1153 2127 1247 2158 reddi-

173 2184 254 2206 tuum
270 2174 399 2211 illorum,
415 2173 497 2202 nobis
521 2171 581 2201 fieri
603 2170 754 2208 deberent,
773 2169 806 2200 &
831 2169 911 2208 quod
930 2168 1055 2199 nostrum
1073 2167 1249 2206 dampnum,

174 2216 203 2244 in
218 2212 376 2251 hujusmodi
393 2211 601 2241 venditionibus
614 2209 658 2239 seu
675 2208 889 2245 donationibus,
908 2218 965 2237 non
983 2206 1117 2244 versetur,

210 2252 246 2283 Et
258 2250 338 2289 quiid
354 2249 573 2285 Ordinationes,
591 2257 694 2284 nuper,
712 2255 858 2284 tempore,
879 2246 996 2276 celebris
1010 2244 1250 2283 niemoriae,Do-

178 2292 249 2321 mini
266 2288 397 2320 Edwardi
411 2310 420 2325 ,
439 2286 583 2324 quondam
608 2284 700 2320 Regis
719 2284 831 2320 Angliae
868 2282 953 2314 Patris
974 2283 1079 2322 nostri,
1098 2283 1169 2312 dum
1193 2292 1250 2312 era-

174 2339 237 2359 mus
254 2328 386 2363 Princeps
401 2325 442 2355 W
446 2324 533 2363 alliae,
551 2323 586 2353 de
600 2322 735 2352 Concilio
748 2322 819 2352 dicti
832 2306 920 2351 s'atris
935 2321 1023 2351 nostri
1039 2322 1071 2352 ὃς
1087 2321 1200 2359 nostro,
1221 2331 1250 2351 a-

175 2368 233 2405 pud
254 2366 425 2404 Kenynton,
442 2362 520 2400 super
535 2361 696 2399 quibusdam
707 2360 902 2398 petitionibus,
921 2370 968 2397 per
978 2359 1149 2389 hominesde
1158 2358 1251 2389 Corn—

174 2406 310 2436 munitate
325 2403 358 2434 N
361 2402 507 2433 ortivalliae
519 2401 601 2430 nobis
615 2408 682 2430 tunc
696 2400 841 2439 porrecta,
857 2398 958 2437 faihu,
973 2398 1022 2428 sub
1036 2398 1126 2435 sigillo
1142 2397 1251 2435 nostro,

172 2444 333 2485 justiciario
348 2441 446 2471 nostro
459 2441 578 2478 partium
595 2438 703 2468 illarum
722 2439 883 2474 mittantur,
898 2437 931 2467 &
941 2460 950 2475 ,
967 2438 995 2466 in
1010 2437 1144 2467 omnibus
1155 2437 1188 2467 &
1197 2436 1251 2466 fin—

175 2483 244 2524 gulis
254 2481 375 2512 articulis
386 2478 567 2516 earumdem,
583 2485 726 2508 teneantur
736 2499 745 2514 ,
764 2478 797 2507 ὃς
813 2475 993 2506 observentur
1007 2474 1250 2513 perJusticiariurn

176 2521 368 2553 amedffitum:

217 2559 253 2591 Et
267 2558 347 2598 quiid
365 2557 482 2595 singuli,
501 2566 550 2594 per
570 2554 679 2585 easdem
696 2552 896 2583 Ordinationes
912 2552 1068 2583 remedium
1084 2553 1183 2582 habere
1197 2562 1251 2582 vo-

177 2600 282 2637 lentes,
300 2598 335 2628 ab
355 2597 459 2627 eodem
472 2594 631 2634 justiciario
647 2592 803 2623 remedium
819 2591 1035 2629 consequantur,
1051 2591 1103 2629 &,
1121 2593 1150 2620 in
1173 2591 1252 2629 ipsius

177 2638 342 2674 defectum,
358 2635 546 2666 Cancellarius
562 2633 671 2670 noster,
690 2633 738 2670 qui
761 2641 812 2668 pro
833 2639 964 2667 tempore
979 2630 1078 2668 fuerit,
1094 2631 1169 2667 juxra
1191 2630 1251 2660 sor-

177 2687 254 2707 mam
269 2675 480 2707 ordinationum
496 2671 711 2710 praedistatum,
729 2679 794 2707 quas
809 2670 836 2698 in
852 2668 1026 2699 Canceilaria
1050 2668 1143 2698 nostra
1160 2669 1251 2699 volui-

179 2726 242 2747 mus
258 2714 415 2751 irrotulari,
432 2722 481 2750 per
500 2712 585 2741 breve
606 2709 732 2739 nostrum
748 2708 783 2738 de
803 2706 994 2745 Cancellarizi,
1012 2708 1251 2745 conquerentibus

178 2753 339 2785 remedium
352 2753 451 2788 faciat,
468 2759 551 2788 prout
566 2749 657 2779 decet.

196 2810 200 2813 ,
217 2793 367 2829 Volentes,
385 2790 419 2821 &
436 2790 552 2819 firmiter
570 2787 762 2825 praecipientes
774 2783 853 2824 quod
866 2784 1023 2823 praemissa,
1041 2785 1137 2814 omnia
1151 2785 1185 2814 δε
1197 2784 1250 2814 sin-

177 2831 259 2872 gula,
279 2838 362 2868 prout
385 2828 506 2866 superius
525 2827 731 2864 distinguntur,
748 2832 905 2861 teneantur,
926 2823 959 2854 &
984 2823 1179 2853 inviolabiliter
1195 2823 1250 2853 ob-

177 2870 333 2907 serventur,
349 2868 381 2899 &
398 2866 474 2904 quod
491 2864 616 2896 Ministri
638 2864 671 2895 &
693 2862 789 2892 Billivi
812 2862 900 2891 nostri
923 2863 1182 2899 contravenientes,
1199 2871 1247 2900 pet

175 2908 366 2949 justiciarium
382 2905 527 2941 nostrum,
543 2904 605 2941 vel,
623 2904 653 2932 in
666 2902 745 2942 ipsius
759 2900 905 2931 defectum
915 2923 924 2939 ,
941 2910 990 2938 per
1004 2910 1055 2931 nos
1068 2901 1191 2938 graviter
1198 2910 1250 2939 pu-

179 2955 298 2979 tuantur.

216 2985 251 3017 In
264 2986 342 3023 cujus
349 3006 358 3022 ,
376 2984 437 3014 &c.

215 3061 305 3094 Teste
319 3061 405 3099 Rege
420 3058 493 3098 apud
511 3056 689 3089 Lincolniam
699 3079 708 3095 ,
728 3064 753 3093 7.
767 3055 813 3085 die
828 3055 977 3085 Februarii.

549 3137 602 3164 Per
617 3133 699 3174 ipsum
717 3135 811 3169 Regem
829 3129 867 3166 c&
887 3138 974 3160 totum
992 3130 1144 3161 Concilium.

182 3268 241 3300 Pro
264 3260 446 3300 Hominibus
468 3253 709 3304 Wstwalliae'&
734 3255 940 3299 Smlmsalliae,
976 3255 1012 3288 de
1033 3254 1251 3300 confitetudini-

569 3308 624 3342 bus
648 3305 851 3352 obstrvandis.

34 3401 109 3434 Anii.
127 3401 169 3431 D.
189 3398 313 3460 REX
331 3397 483 3434 omnibus,
500 3395 534 3426 ad
551 3405 637 3433 quos,
656 3393 717 3424 &c.
736 3392 857 3423 salutem.

64 3441 147 3480 1316.
288 3438 388 3467 Sciatis
400 3436 479 3475 quiid
488 3458 498 3474 ,
517 3435 586 3465 cum
603 3434 631 3462 in
646 3431 772 3470 praesenti
785 3429 975 3460 parliamento
990 3426 1088 3458 nostro
1101 3427 1173 3466 apud
1183 3427 1253 3458 Lin-

36 3482 89 3508 An.
104 3489 130 3514 9.
189 3474 313 3504 colniam
329 3475 521 3511 convocato,
540 3482 573 3503 ex
591 3479 666 3510 parte
688 3470 858 3500 diletstorum
881 3467 914 3497 &
933 3466 1060 3497 fidelium
1075 3467 1253 3504 nostrorum,

38 3521 68 3546 Ε.
84 3527 111 3544 2.
188 3512 334 3543 hominurn
353 3513 388 3543 de
410 3513 532 3550 partibus
552 3509 738 3542 Westwalliae
758 3508 791 3546 δε
810 3505 1016 3544 Southwalliae,
1035 3504 1163 3543 quaedam
1183 3505 1253 3543 peti-

37 3559 97 3582 Pat.
113 3563 142 3589 9.
188 3552 278 3580 tiones
288 3574 297 3589 ,
315 3550 469 3618 &·c.ff1⁷rout
477 3548 654 3590 Jizprausque
670 3548 725 3582 [mc
740 3545 846 3583 verba,
863 3548 925 3574 viz.
1030 3579 1033 3581 -

39 3597 70 3621 Ε.
89 3603 114 3621 2.
131 3599 157 3630 p.
225 3588 261 3619 Et
276 3589 376 3627 quodi
398 3601 411 3619 a
423 3588 608 3627 consuetudo,
628 3598 689 3626 quse
703 3594 819 3617 vocatur
832 3583 996 3622 Blodwyte,
1012 3581 1047 3612 de
1068 3589 1173 3612 caetero
1192 3591 1252 3611 non

39 3640 67 3659 2.
81 3640 172 3669 m.34.
190 3628 330 3665 exigatur,
349 3638 400 3657 nec
416 3629 554 3666 capiatur,
573 3627 624 3657 nisi
638 3626 778 3662 sanguinis
794 3621 908 3660 effufio,
926 3632 974 3659 per
987 3621 1076 3651 visum
1084 3619 1253 3650 Ballivorum

188 3666 350 3696 nostrorum
364 3666 408 3695 vel
420 3666 482 3696 ali-Iis
497 3676 544 3703 per
558 3665 786 3703 inquifitionem,
802 3662 932 3699 legitime
946 3660 976 3690 sit
992 3667 1150 3697 comperta.

228 3703 264 3733 Et
278 3703 356 3741 quod
372 3705 401 3733 in
414 3706 527 3742 querelis
541 3704 577 3734 de
589 3704 793 3739 contraffibus,
814 3701 885 3738 inter
893 3698 1067 3729 Wauensem
1083 3695 1253 3728 &Wallen-

190 3743 250 3773 sem
261 3743 354 3786 initu,
372 3742 415 3771 vel
433 3742 467 3772 de
483 3741 759 3779 transgressionibus,
778 3737 912 3770 Wallensi
935 3747 984 3776 per
997 3734 1173 3767 Wallensem
1194 3734 1253 3764 illa-

190 3782 289 3822 tis‚-iri
309 3780 497 3811 VValleclieria
520 3782 618 3818 motis,
634 3780 677 3809 seu
702 3778 866 3815 movendis,
886 3774 1038 3813 secundum
1056 3774 1153 3811 legem
1170 3772 1253 3803 Wal-

191 3820 307 3850 lenlium
323 3817 507 3857 deducantur,
527 3820 559 3850 δε
573 3818 650 3856 quod
667 3819 695 3848 in
711 3818 778 3856 hiis,
797 3827 859 3855 quae
873 3825 939 3853 nos,
960 3815 1004 3846 vel
1019 3812 1253 3851 Anglicum,·vel

191 3866 354 3888 extraneum
368 3858 553 3895 contingunt,
572 3857 615 3887 seu
628 3856 812 3893 contingent,
832 3865 880 3892 per
893 3855 989 3885 brevia
1009 3851 1102 3884 nostra
1138 3849 1183 3881 vel
1197 3850 1253 3880 alio

193 3895 299 3935 modo,
314 3894 484 3937 deducantur
499 3896 532 3925 &c
547 3896 710 3932 tractentur,
728 3903 809 3932 prout
816 3894 954 3924 haetenus
966 3891 1026 3922 fieri
1041 3901 1098 3922 con
1111 3889 1195 3921 nevit.

232 3933 287 3972 Et,
305 3936 323 3977 ii
337 3933 457 3976 dehiis,
470 3942 535 3974 quse
548 3933 618 3962 inter
638 3934 790 3971 Anglicui'n
809 3933 843 3962 &
862 3930 1051 3969 wallensem,
1070 3930 1115 3960 vel
1127 3939 1144 3959 e
1156 3935 1254 3960 contra

191 3973 363 4010 emerserint,
379 3972 520 4009 mqullitio
540 3970 621 4000 fucrit
642 3971 792 4010 capienda,
809 3979 878 4001 tunc
897 3979 950 4000 una
972 3968 1108 4000 medietas
1124 3966 1194 3998 illius
1210 3967 1255 3996 in-

1277 133 1434 203 guisitionis
1448 133 1480 165 sit
1500 133 1536 164 de
1554 131 1703 170 Anglicis,
1722 131 1755 161 &
1772 129 1853 160 altera
1878 127 2011 159 medietas
2028 126 2063 159 de
2082 128 2286 169 Wallensibus,
2304 127 2359 160 fide

1298 182 1390 242 ige&
1406 210 1485 250 quod
1505 211 1535 240 in
1559 207 1777 252 consuetudine,
1792 216 1861 250 *quae
1881 213 1998 237 vocatur
2021 205 2158 246 Westua,
2178 206 2358 246 recipienda,

1278 259 1333 289 pro
1350 249 1406 288 quii
1418 259 1524 286 vacca,
1542 247 1587 278 vel
1604 256 1728 285 quinque
1749 244 1827 275 solidi
1843 244 2005 283 solvuntur,
2023 244 2054 274 sit
2071 244 2100 275 in
2121 245 2262 276 elefflone
2276 245 2358 276 Balli—

1279 300 1384 319 vorum
1404 288 1566 318 nostrorum
1581 295 1700 316 vaccam
1710 308 1719 323 ,
1739 293 1826 327 quam
1841 291 1964 314 tenentes
1979 282 2148 322 optulerint,
2165 285 2211 314 vel
2234 285 2359 322 quinque

1280 328 1380 357 solidos
1396 327 1536 364 recipere:
1562 325 1595 355 &
1615 323 1691 362 quod
1711 322 1808 353 Ballivi
1826 321 1913 352 nostri
1935 322 2019 353 aliam
2038 331 2158 352 vaccam
2176 323 2262 361 quiim
2281 323 2361 353 obla-

2380 118 2456 152 Ann.
2473 117 2515 156 D,

2408 160 2493 198 1316.

2377 198 2446 226 Edv.
2465 207 2491 227 2.

2399 235 2419 254 ²*
2435 237 2491 264 111.

2419 283 2487 310 550.

1280 375 1339 396 tam
1353 389 1363 404 ,
1389 365 1556 395 durntamen
1584 364 1708 401 quinque
1732 360 1833 391 solidos
1864 360 1955 392 valeat
1969 384 1980 400 ,
2004 371 2063 391 non
2093 368 2274 399 extorqueant
2302 362 2360 392 ullo
2385 387 2387 390 Α

1281 405 1379 435 modo.

1335 441 1452 480 thuod
1465 441 1500 471 de
1518 440 1630 471 feloniis
1645 441 1678 471 &
1701 437 1972 478 transgressionibus,
1989 438 2026 469 de
2050 439 2224 483 quibus'per
2240 437 2362 470 Ballivoe
2411 427 2415 430 ⁴

1280 481 1389 511 nostros
1407 490 1441 510 ex
1461 479 1574 510 Officio
1590 479 1692 510 fuerint
1712 477 1901 516 occasionati,
1917 476 1964 507 seu
1984 478 2069 508 etiam
2093 480 2209 516 irretiti,
2227 476 2330 515 possint
2345 488 2362 508 a

1281 520 1365 563 Festo
1378 519 1495 550 Paschae
1510 519 1643 562 proximo
1665 516 1777 560 futuro,
1797 515 1881 555 usque
1901 514 1935 545 ad
1951 514 2038 546 finem
2055 515 2179 547 duorum
2201 525 2360 555 annorum,

1280 560 1417 596 proximo
1433 557 1628 596 sequentium,
1650 556 1771 594 plenarie
1787 553 2017 592 completorum,
2033 554 2060 584 st
2081 555 2112 584 in
2126 554 2247 592 legalem
2269 556 2362 593 inqui-

1281 597 1411 627 titionem
1429 595 1584 626 duodecim
1598 595 1780 632 juratorum,
1803 593 1839 623 de
1857 593 1980 633 partibus
2006 592 2058 622 illis
2076 592 2127 623 ubi
2151 593 2275 624 felloniae
2288 593 2361 633 illae,
2381 618 2383 621 .

1280 635 1326 665 vel
1344 634 1570 672 transgreffiones
1587 633 1672 664 fad‘cae
1689 631 1807 670 fuerint,
1826 641 1946 669 ponere:
1968 632 2020 670 ὃς,
2044 641 2093 669 per
2114 632 2294 665 veredidkum
2310 642 2361 663 eo-

1280 683 1362 713 rum,
1380 673 1469 704 subire
1484 672 1645 711 judicium,
1661 680 1743 709 prout
1760 670 1860 709 decet,

1319 711 1357 743 Et
1371 712 1452 750 quod
1464 710 1631 752 superfluitas
1640 709 1811 740 Ballivorum
1823 707 2003 748 nostrorum,
2021 709 2050 738 in
2066 709 2189 747 partibus
2201 707 2251 742 illis
2260 720 2361 748 ,amo-

1282 759 1377 781 veatur
1395 762 1400 779 ·.
1429 751 1462 781 &
1484 758 1616 780 numerus
1636 758 1738 779 eorum
1762 747 1797 778 de
1816 756 1923 778 caetero
1941 747 2149 778 admensuretur
2163 749 2241 787 juxta
2258 750 2362 782 discre-

1281 790 1392 819 tionem
1407 788 1558 827 Justiciarii
1575 786 1678 825 nostri,
1696 787 1745 827 qui
1759 796 1813 824 pro
1825 794 1956 824 tempore
1979 787 2079 825 fuerit,
2099 795 2181 824 prout
2198 797 2250 824 pro
2263 788 2362 819 nostro

1282 828 1459 866 commodo,
1480 827 1514 858 δε
1537 826 1697 857 aisiamento
1717 826 1870 855 hominum
1894 826 2015 862 partium
2034 825 2146 856 illarum
2165 826 2259 856 eidem
2275 826 2363 865 Justi-

1283 867 1371 897 ciario
1382 866 1480 897 nostro
1495 865 1596 896 melius
1605 864 1745 895 videbitur
1758 863 1896 901 expedire.

1321 905 1455 935 Volentes
1472 905 1505 935 &
1520 903 1638 934 firmiter
1653 903 1848 942 praecipientes
1868 901 1948 940 quod
1963 903 2122 942 praemisfa,
2139 904 2238 934 omnia
2257 904 2290 935 &
2310 903 2364 934 sin.-

1827 943 1995 979 ‘teneantur,
2007 941 2040 971 &
2056 942 2255 974 inviolabiliter
2268 942 2364 973 obser-

1283 943 1346 984 gula
1354 967 1363 982 ,
1382 952 1464 982 prout
1477 942 1599 980 superius
1612 942 1803 979 distinguntur

1283 991 1400 1020 ventur,
1418 983 1451 1014 &
1466 981 1544 1020 quod
1560 980 1658 1011 Ballivi
1673 980 1706 1010 &
1723 963 1850 1010 Ministri
1866 978 1952 1008 nostri
1967 981 2227 1019 contravenientes,
2246 991 2295 1019 per
2309 981 2363 1019 Ju-,

1286 1021 1441 1066 sticiarium
1467 1020 1616 1058 nostrum,
1635 1018 1698 1057 vel,
1716 1019 1746 1048 in
1761 1018 1842 1056 ipsius
1860 1017 2022 1056 defedtum,
2038 1028 2088 1056 per
2108 1028 2160 1050 nos
2179 1021 2300 1060 graviter
2313 1030 2365 1058 pu·

1285 1068 1403 1091 mantur-

1319 1098 1355 1129 In
1373 1099 1466 1137 cujus,
1485 1098 1546 1129 &c-

1320 1165 1409 1197 Teste
1428 1166 1512 1205 Rege
1530 1164 1603 1204 apud
1623 1164 1821 1203 Lincolniam,
1841 1173 1869 1202 7.
1882 1164 1927 1194 die
1943 1163 2094 1194 Februarii.

1651 1244 1704 1272 Per
1719 1240 1802 1281 ipficm
1820 1244 1916 1280 Regem
1935 1240 1974 1277 ὠ·
1994 1248 2082 1271 totum
2100 1241 2255 1273 Concilium.

1312 1390 1372 1421 Pro
1400 1388 1522 1419 Amano
1547 1384 1725 1432 Bangorensi
1752 1383 1890 1429 Epiftopo
1913 1409 1923 1425 ,
1956 1381 1992 1415 de
2016 1380 2206 1417 libertatibus
2228 1386 2342 1431 conser-

1757 1430 1878 1465 vandis.

1287 1520 1428 1580 REX,
1446 1520 1554 1550 dileeto
1573 1519 1606 1550 ὅ(
1626 1517 1701 1548 fideli
1725 1516 1791 1556 suo,
1814 1516 1940 1556 Johanni
1956 1516 1993 1548 de
2011 1516 2091 1558 Grey
2105 1541 2116 1557 ‚
2135 1517 2295 1559 Justiciario
2314 1524 2363 1554 100

1362 1558 1578 1596 Northwalliae,
1594 1556 1716 1588 salutern.

1327 1598 1411 1629 Cum
1428 1608 1535 1636 nuper,
1555 1596 1590 1627 ad
1612 1595 1837 1636 prosecutionem
1850 1594 2023 1626 Venerabilis
2042 1593 2128 1626 Patris
2166 1596 2364 1630 Amani-Ban-

1289 1637 1413 1682 gorenfis
1423 1635 1677 1681 Episcopi‚.n0bis
1691 1634 1862 1671 suggerentis
1879 1633 1958 1672 quod
1981 1619 2202 1666 Praedecessores
2219 1637 2258 1668 sui
2292 1638 2363 1677 Epi-

1288 1676 1366 1715 scopi
1387 1676 1444 1706 loci
1458 1675 1607 1714 praedicti,
1623 1682 1686 1704 ante
1707 1671 1905 1710 conquaestum
1923 1680 2003 1703 terrae
2022 1672 2125 1703 nostrae
2144 1660 2278 1716 Walliae',
2296 1687 2346 1715 per

1289 1714 1405 1746 celebris
1420 1714 1586 1751 memoriae,
1610 1712 1773 1743 Dominum
1792 1710 1982 1749 Edwardum,
2008 1711 2151 1749 quondam
2170 1712 2284 1752 Regem
2305 1700 2367 1747 Ani

1290 1754 1375 1793 gliae,
1392 1752 1506 1783 Patrem
1530 1752 1674 1789 nostrum,
1691 1750 1818 1788 factum,
1841 1749 1947 1788 semper
1970 1750 2056 1788 quieti
2080 1750 2137 1782 effe
2161 1752 2366 1787 consueverunt

1290 1793 1326 1823 de
1341 1792 1468 1823 evasione
1486 1790 1630 1830 prisonurn
1647 1797 1722 1820 extra
1740 1788 1862 1827 prisonas
1878 1788 1952 1827 suas,
1970 1789 2001 1818 in
2020 1789 2090 1820 terrfi
2104 1790 2251 1828 praedirsta.

1335 1831 1371 1862 Et
1417 1830 1477 1861 uod
1502 1830 1577 1860 idem
1606 1828 1752 1859 Dominus
1783 1826 1937 1858 Edwardus
1962 1827 2025 1865 post
2056 1828 2252 1867 conquaestum
2287 1829 2367 1862 suum

1291 1878 1371 1911 terrae
1391 1871 1396 1876 ’
1421 1871 1477 1909 'us,
1502 1879 1550 1908 per
1569 1868 1685 1899 Litteras
1704 1866 1761 1897 suas
1779 1865 1921 1905 Patentes,
1945 1876 2011 1900 Quis
2028 1866 2260 1900 confirmavimus
2296 1879 2369 1901 con-

1291 1908 1370 1940 cessit
1388 1908 1525 1945 Amano,
1541 1915 1609 1938 tunc
1627 1905 1769 1944 Episcopo
1798 1904 1873 1935 Loci
1889 1902 2038 1944 praedit‘fti,
2056 1906 2133 1944 quod
2153 1907 2225 1947 ipse,
2242 1892 2276 1939 δὲ
2295 1907 2367 1940 Suc..

1292 1947 1411 1979 cessores
1428 1946 1483 1986 sui,
1498 1946 1634 1984 Episcopi
1654 1943 1787 1975 Ecclefiae
1806 1943 1953 1982 praedietae
1968 1967 1978 1980 ,
2002 1952 2141 1976 uterentur
2159 1947 2192 1976 &
2211 1946 2367 1983 gauderent

1291 1987 1413 2025 pacifice
1435 1986 1468 2016 &
1487 1986 1580 2026 quiete
1599 1983 1703 2015 eisdem
1715 1983 1838 2021 juribus,
1856 1981 2043 2021 libertatibus,
2062 1979 2275 2020 possessionibus
2289 2007 2298 2022 ,
2331 1986 2367 2016 &

1293 2023 1556 2062 consuetudinibus,
1578 2023 1677 2061 quibus
1695 2021 1753 2059 ipse
1774 2021 1808 2051 ὃς
1825 2020 2042 2051 Praedeceffores
2066 2021 2106 2053 sui
2121 2045 2131 2060 ,
2157 2022 2292 2061 Episcopi
2310 2023 2370 2055 loci

1294 2064 1380 2102 illius,
1398 2062 1436 2093 ufi
1454 2063 1487 2093 δε
1509 2062 1596 2099 gavisi
1616 2061 1719 2091 fuerint
1735 2060 1911 2097 temporibus
1923 2060 2086 2090 retroaaestis:

1329 2101 1365 2133 Et
1384 2100 1460 2140 quod
1478 2100 1649 2130 Willielmus
1667 2099 1847 2135 Trumwyn,
1874 2097 2047 2127 Vicecomes
2064 2097 2158 2129 noster
2175 2098 2212 2130 de
2232 2098 2369 2132 Kaernar-

1292 2151 1365 2180 van,
1385 2140 1474 2178 ipsum
1489 2138 1663 2177 Episcopum
1674 2160 1683 2175 ,
1702 2146 1753 2174 pro
1767 2146 1803 2166 eo
1817 2135 1892 2173 quod
1910 2134 2009 2166 David
2025 2147 2060 2174 ap
2078 2136 2192 2168 Meiller
2233 2139 2267 2169 &
2287 2139 2370 2170 Wla‘-

1292 2179 1357 2210 dosa
1374 2179 1458 2209 Uxor
1489 2179 1564 2217 ejus,
1580 2174 1876 2219 Tenentespraediffl
1898 2173 2050 2213 Episcopi,
2075 2185 2182 2214 nuper,
2198 2161 2241 2207 ³de
2263 2177 2373 2209 tonsura

1292 2218 1453 2249 bidentium
1466 2217 1602 2253 aliorum,
1621 2217 1651 2245 in
1665 2213 1754 2244 Curia
1764 2213 1811 2243 suti
1824 2212 1969 2250 indicsati,
1994 2214 2028 2244 &
2052 2213 2085 2244 ea
2102 2215 2249 2245 occafione
2267 2217 2369 2254 impri-

1292 2256 1394 2300 sonati,
1413 2267 1429 2287 a
1446 2255 1556 2302 prison&
1574 2254 1619 2284 illa
1637 2253 1797 2291 evaserunt,
1816 2250 1976 2282 molestavit
1991 2251 2200 2293 multipliciter,
2215 2253 2249 2285 &
2263 2255 2372 2293 inquie-

1294 2303 1363 2326 taVit
1382 2296 1476 2325 minus
1490 2293 1583 2332 juste3
1980 2322 1983 2324 ,

1332 2333 1423 2364 Vobis
1436 2332 1659 2363 mandaverimus
1676 2329 1756 2369 quud
1771 2352 1781 2366 ,
1807 2330 1913 2359 vocatis
1931 2338 2030 2359 coram
2056 2330 2138 2360 vobis
2155 2330 2315 2370 praedic‘tis,
2333 2329 2373 2361 Ε’-

1294 2372 1412 2410 piscopo
1428 2373 1462 2402 &
1481 2370 1658 2407 Willielmo,
1675 2368 1827 2405 auditisque
1844 2377 1945 2397 eorum
1965 2369 2134 2406 rationibus,
2160 2369 2180 2398 sl
2202 2369 2286 2399 vobis
2302 2380 2373 2400 con-

1295 2410 1365 2441 stare
1383 2409 1472 2449 posset
1487 2419 1589 2440 omnes
1606 2408 1761 2446 Episcopos
1777 2407 1835 2436 loci
1848 2406 1997 2445 praedieti,
2016 2415 2080 2436 ante
2091 2406 2288 2444 conquaestum
2301 2418 2372 2446 prae-

1295 2450 1407 2480 dietum
1418 2472 1428 2487 ,
1447 2449 1481 2479 ὃς
1500 2448 1582 2486 post,
1602 2457 1635 2478 ac
1653 2447 1740 2477 etiam
1758 2444 1819 2482 post
1835 2444 2047 2475 confectionem
2061 2444 2233 2483 litterarum,
2251 2446 2284 2476 &
2299 2457 2372 2477 con-

1296 2488 1486 2519 firmationem
1506 2487 1723 2524 praedic'tarum,
1741 2484 1775 2514 &
1798 2493 1900 2513 eorum
1918 2481 2096 2513 Successores
2109 2505 2119 2521 ,
2144 2482 2298 2523 Episcopos
2316 2486 2371 2517 ibi-

1295 2526 1363 2557 dem
1381 2550 1390 2566 ,
1416 2526 1451 2556 de
1475 2525 1634 2563 hujusmodi
1653 2523 1780 2554 evasione
1797 2521 1905 2558 semper
1920 2520 2003 2550 fuiffe
2021 2521 2144 2558 quietos·
2169 2530 2237 2552 tunc
2281 2525 2372 2555 mole-

1295 2565 1459 2596 stationibus
1479 2565 1512 2595 ὃς
1532 2562 1797 2604 inquietationibus,
1822 2560 1915 2588 eidem
1933 2558 2077 2597 Episcopo
2095 2544 2263 2600 inffirendis2
2278 2561 2371 2600 super.

1294 2603 1380 2634 sederi
1399 2603 1549 2640 facientes,
1567 2603 1657 2639 ipsum
1675 2598 1739 2628 inde
1751 2606 1879 2637 quietum
1898 2597 1953 2627 esse
1968 2599 2178 2637 permitteretis,
2197 2608 2281 2637 prout
2296 2609 2370 2632 tem-

1295 2643 1410 2680 poribus
1429 2640 1573 2671 retroacffis
1591 2638 1651 2669 fieri
1670 2636 1827 2668 consuevit:
1846 2636 1879 2666 ὃς
1898 2646 1949 2665 nos
1966 2635 2003 2665 de
2021 2644 2081 2666 toto
2097 2638 2247 2676 processu,
2272 2649 2370 2670 coram

1295 2682 1394 2718 vobis,
1419 2681 1520 2710 virtute
1535 2677 1660 2717 ejusdem
1678 2675 1803 2706 mandati
1819 2673 1921 2711 nostri,
1939 2673 2008 2704 inde
2028 2675 2144 2715 habito,
2170 2686 2203 2707 ac
2230 2678 2316 2708 etiam
2335 2678 2372 2710 de

1295 2728 1357 2750 toto
1379 2719 1457 2749 facto
1478 2717 1573 2749 vestro
1598 2718 1628 2746 iri
1652 2715 1705 2745 hac
1730 2722 1805 2754 parte
1819 2735 1829 2750 ,
1854 2713 1884 2742 in
1901 2713 2032 2750 proximo
2051 2712 2238 2746 Parliamento
2254 2716 2371 2756 nostro,

1294 2757 1372 2802 quod
1391 2757 1512 2800 habituri
1530 2765 1636 2787 eramus
1654 2752 1727 2792 apud
1747 2750 1947 2790 Lincolniam‚
1963 2751 2097 2784 distinete
2110 2753 2144 2784 &
2157 2755 2252 2792 aperte
2268 2754 2369 2787 redde-

1294 2805 1356 2827 retis
1373 2804 1518 2826 certiores:

1330 2835 1376 2866 Ac
1391 2837 1449 2872 jam
1464 2858 1474 2873 ,
1498 2843 1546 2872 per
1564 2830 1716 2863 recordum
1744 2830 1777 2860 δε
1793 2828 1955 2870 processum
1973 2851 1983 2868 ,
2008 2830 2112 2861 virtute
2128 2830 2253 2862 mandati
2277 2831 2371 2863 nostri

1295 2873 1442 2912 praedit‘ti,
1459 2883 1508 2911 per
1523 2882 1575 2903 vos
1592 2871 1699 2908 habita,
1718 2869 1750 2900 δε
1767 2869 1797 2898 in
1813 2866 1988 2898 cancellaria
2002 2867 2098 2900 nostra
2114 2877 2266 2908 retornata,
2283 2880 2369 2901 com-

1295 2921 1407 2951 pertum
1430 2912 1461 2943 iit
1483 2911 1558 2950 quod
1578 2907 1797 2940 Praedecessores
1819 2906 1892 2937 dieti
1918 2906 2068 2946 Episcopi,
2092 2917 2156 2939 ante
2178 2907 2369 2945 conquestum

1295 2960 1372 2982 terrae
1390 2950 1553 2989 praedit‘tae,
1575 2949 1610 2980 &
1630 2946 1709 2986 post,
1726 2947 1759 2977 &
1777 2945 1855 2975 idem
1873 2945 2047 2985 Episcopus,
2065 2946 2129 2984 post
2151 2945 2367 2977 confectionem

1295 2990 1465 3028 litterarum,
1484 2989 1517 3019 &
1538 2987 1785 3018 confirmationem
1805 2984 2024 3023 praedietarum,
2041 2985 2150 3022 semper
2163 2984 2251 3022 quieti
2264 2984 2301 3015 de
2316 2985 2369 3017 hu-

1291 3028 1416 3067 jusmodi
1429 3028 1557 3059 evasione
1571 3026 1734 3063 extiterunt,
1752 3023 1786 3054 &
1805 3023 1862 3053 effe
1876 3023 1981 3053 debent
1987 3033 1999 3060 5
2013 3031 2068 3053 nec
2087 3022 2117 3052 in
2132 3021 2226 3061 aliquo
2245 3033 2299 3062 pro
2314 3024 2369 3055 hu-

1291 3067 1415 3107 jusmodi
1431 3066 1558 3097 evasione
1575 3063 1740 3102 respondere
1756 3060 1976 3092 consueverunt:

1333 3107 1378 3137 Ac
1395 3106 1480 3136 etiam
1498 3103 1577 3143 quod
1594 3103 1671 3133 idem
1690 3102 1879 3136 vicecomes,
1896 3108 1948 3136 pro
1965 3107 2001 3128 eo
2019 3097 2095 3136 quod
2109 3108 2216 3139 nuper,
2232 3099 2267 3131 ad
2281 3100 2370 3133 Scae-

1295 3146 1404 3176 carium
1425 3145 1461 3174 de
1475 3143 1672 3178 Kaernarvan,
1690 3139 1769 3176 super
1791 3144 1961 3174 compotum
1976 3136 2073 3175 suum,
2091 3147 2140 3175 per
2163 3138 2313 3176 Rogerum
2331 3140 2370 3171 de

1297 3183 1416 3213 Mortuo
1439 3182 1543 3219 Mari,
1565 3178 1758 3218 Justiciarium
1778 3174 1908 3205 nostrum
1931 3174 1975 3205 W
1977 3174 2048 3205 alliae
2063 3198 2074 3214 ,
2103 3176 2138 3207 &
2169 3177 2366 3210 Camerarium

1295 3222 1420 3252 nostrum
1438 3220 1474 3250 de
1493 3218 1692 3254 Katrnarvan,
1707 3221 1835 3245 oneratus
1853 3213 1905 3244 fuit
1922 3212 1957 3243 de
1974 3213 2077 3244 decem
2093 3213 2188 3255 libris,
2214 3217 2248 3247 ad
2271 3217 2368 3248 levan-

1294 3260 1342 3290 das
1359 3259 1394 3290 de
1413 3258 1495 3289 disto
1508 3255 1650 3295 Episcopo
1664 3263 1716 3292 pro
1730 3252 1858 3283 evasione
1870 3251 2077 3290 praedidmrum
2091 3253 2111 3272 ¹*
2127 3253 2224 3285 David
2241 3252 2368 3288 &wia-

1295 3298 1387 3336 dosae,
1404 3296 1538 3327 distrinxit
1557 3293 1727 3333 praediCtum
1740 3291 1932 3329 Episcopum,
1949 3291 1983 3322 ὅ(
1997 3301 2058 3321 nori
2072 3291 2123 3323 alia
2137 3294 2260 3332 ratione,

1331 3336 1413 3373 Nos,
1431 3334 1556 3365 nolentes
1569 3331 1646 3371 quod
1659 3330 1787 3370 praefatus
1800 3329 1970 3368 Episcopus,
1995 3339 2094 3362 contra
2111 3331 2267 3362 libertatem
2285 3331 2362 3363 suam

1293 3375 1483 3414 praeditfitam,
1498 3382 1547 3411 per
1566 3369 1723 3410 hujusmodi
1743 3369 1922 3400 exafflonem
1943 3368 2127 3400 voluntariam
2147 3369 2272 3400 indebite
2290 3380 2365 3408 prae-

1297 3422 1447 3451 gravetur,
1463 3413 1508 3442 seu
1523 3410 1607 3441 etiam
1622 3416 1772 3446 oneretur,
1790 3407 1870 3438 vobis
1885 3407 2051 3438 mandamus
2065 3407 2161 3447 quod,
2185 3407 2221 3438 ab
2236 3409 2362 3440 exactio-

1298 3463 1333 3482 ne
1350 3450 1525 3489 hujusmodi,
1542 3448 1662 3487 praefato
1678 3446 1819 3485 Episcopo
1838 3445 1988 3485 facienda,
2005 3447 2117 3484 penitus
2132 3445 2303 3487 desistentes,
2322 3448 2369 3488 ip.

1295 3491 1375 3529 sum,
1389 3490 1467 3528 juxta
1487 3488 1612 3519 formam
1633 3485 1823 3517 concessionis
1843 3485 1876 3516 &
1899 3484 2119 3516 confirmationis
2140 3484 2367 3525 praedictarum,

1296 3528 1423 3560 libertate
1445 3525 1582 3568 pridie&
1604 3523 1722 3564 pacifice
1748 3525 1789 3556 uti
1813 3523 1845 3554 &
1875 3523 1995 3561 gaudere
2011 3522 2196 3562 permittatis3
2223 3523 2258 3553 &
2274 3524 2367 3555 distri-

1298 3568 1442 3604 ctionem,
1459 3566 1477 3596 si
1493 3575 1579 3604 quam
1592 3563 1685 3604 eidem
1694 3562 1836 3601 Episcopo
1851 3562 1883 3593 ea
1901 3562 2049 3594 occasione
2065 3561 2204 3601 feceritis,
2221 3561 2279 3593 fine
2298 3562 2367 3596 dila-

1295 3608 1373 3637 tione
1384 3606 1447 3636 rela*
1455 3605 1505 3635 etis
1517 3603 1619 3633 eidem.

1333 3644 1474 3674 Volumus
1487 3643 1564 3673 enim
1570 3640 1766 3672 Camerarium
1779 3638 1907 3670 nostrum
1922 3639 1959 3670 de
1966 3637 2146 3669 Kaernarvan
2154 3660 2165 3677 ,
2178 3637 2209 3668 in
2222 3647 2367 3677 compoto

1295 3683 1345 3714 suo
1357 3683 1391 3727 ad
1408 3681 1590 3713 Scaccarium
1605 3678 1795 3718 nostrum,de
1809 3678 1951 3717 praedietis
1963 3677 2063 3707 decem
2079 3675 2155 3706 libris
2170 3677 2282 3714 penituis
2297 3687 2365 3709 exo-

1296 3731 1393 3753 neran.

1337 3768 1428 3801 Teste
1438 3768 1525 3807 Rege
1537 3765 1610 3806 apud
1627 3765 1808 3797 Lincoliiiam
1817 3789 1828 3805 ,
1843 3765 1964 3804 septimo
1977 3762 2024 3793 die
2039 3761 2189 3794 Februarii.

1347 3845 1378 3876 T
1399 3846 1498 3877 manda
1585 3844 1626 3875 est
1641 3843 1770 3874 Thomae
1791 3843 1827 3874 de
1846 3838 2080 3878 Cheddeworth,
2095 3848 2184 3876 nuper
2204 3836 2372 3870 Camerario

1363 3883 1511 3922 Regis1der
1551 3893 1718 3921 aemarvan,
1736 3881 1870 3922 quodvab
1890 3879 2037 3911 exactione
2057 3876 2233 3919 hujusmodi,
2250 3877 2372 3916 praefato

1300 3922 1445 3962 Episcopo
1461 3922 1610 3962 facientis,
1623 3919 1877 3963 ,penitusdesistess
1895 3918 1936 3959 &A
1950 3915 2054 3960 ipsum,
2066 3917 2143 3954 juxta
2166 3914 2279 3959 forman
2297 3926 2372 3949 con-

1300 3961 1477 3995 ceffionisv&
1501 3961 1726 3997 confirmationis
1738 3958 1958 4002 praedictarum,
1973 3955 2101 3986 libertate
2121 3953 2258 3992 praedicta
2273 3953 2373 4000 pacifif

2336 4001 2374 4024 ce

2385 1526 2462 1559 Ann.
2477 1528 2511 1561 D

2407 1568 2494 1608 1316.
2511 1585 2513 1588 ·

2386 1610 2440 1635 An.
2453 1618 2484 1644 9.

2384 1649 2415 1673 Ε.
2433 1656 2460 1674 2.

2387 1685 2475 1724 Claus.
2489 1693 2520 1724 9.·

2388 1729 2418 1754 Ε.
2436 1735 2462 1753 2.
2480 1735 2518 1757 m.

2392 1765 2435 1792 1⁶.

2403 3269 2424 3291 ¹*
2448 3271 2502 3300 ΙΙΙ.

2422 3319 2489 3347 551-
