2562 4279
774 159 885 200 ET
966 159 1223 200 ACTA

0 280 7 286 p
33 263 81 297 'An
117 261 148 292 D
217 245 353 278 Volentes
369 247 447 286 super
459 246 517 278 hoc
531 246 688 278 remedium
700 254 842 284 apponere
856 252 1049 283 opportunum
1059 269 1068 282 ,
1086 244 1243 282 affignave⁰

58 313 70 333 1
82 274 157 339 ὣς]
181 287 267 317 rimus
280 297 332 316 vos
349 286 382 316 ad
396 287 595 325 inquirendum
605 308 615 324 ,
634 295 682 322 per
695 285 909 315 Sacramentum
924 281 1088 327 proborum
1102 285 1136 326 v&c
1154 283 1244 322 Lega-

34 312 110 373 ΕΔΒ
183 325 252 355 lium
272 325 437 355 Hominum
451 348 461 363 ,
487 325 523 354 de
543 324 691 354 Comitatu
711 322 851 361 praedidio
865 346 874 360 ,
899 322 958 352 t-Iiin
982 325 1051 351 inira
1072 321 1243 358 Libertates,

70 353 98 371 ν’
112 351 137 379 3’
185 365 271 401 quam
287 372 361 394 extra
396 374 445 401 per
461 374 531 401 quos
547 364 585 393 rei
599 363 699 392 veritas
712 361 812 390 melius
826 360 888 390 sciri
904 359 993 397 poss'et
1003 383 1011 396 ,
1022 360 1098 397 Qae
1106 381 1115 397 ,
1135 360 1167 389 ὃς
1182 358 1245 389 Cu·

184 402 327 439 jusmodi,
356 387 434 432 fiona
453 402 486 432 ὃς
508 400 614 431 Catalla
630 423 639 438 ,
662 409 724 437 quae
738 399 848 429 fuerunt
861 398 941 436 iplius
955 397 1096 435 Galfridi,
1114 407 1244 435 tempore

187 451 247 478 quo
268 440 349 470 όίξὶίε
367 441 460 470 Scotis
476 439 512 470 fic
528 438 669 469 adhaefiss'e
679 438 829 474 debuerat,
848 438 877 465 in
893 435 996 466 eodem
1013 434 1163 466 Comitatu
1178 446 1245 472 cap-

187 488 232 517 ta,
250 479 382 516 elongata
395 501 404 517 ,
428 478 473 508 seu
495 485 651 515 occupata,
670 477 833 506 eXtiterunt:
853 475 886 504 δε
899 483 948 511 per
964 474 1062 512 Qios:
1085 475 1158 512 Qio
1173 483 1244 504 tem-

186 526 271 555 pore:
293 517 436 556 Qaliter:
456 516 488 546 &
507 516 578 554 Qo
594 515 697 545 modo:

225 556 263 586 Et
277 556 337 585 tam
351 555 385 585 ad
399 555 507 584 Omnia
520 554 598 584 Bona
618 555 652 584 ὃς
672 551 777 582 Catalla
811 550 923 580 raedie'm
957 560 1021 588 quae
1035 551 1193 580 inveniretis
1205 559 1245 581 ta-

187 594 247 624 liter
263 594 388 632 elongata
401 594 433 623 &
450 601 605 629 occupata,
624 591 709 629 quarn
723 589 773 619 alia
786 560 864 618 §ona
877 589 910 618 &
919 572 1026 618 Catalla
1040 588 1245 626 praedifflGal-

187 633 269 670 fridi,
287 643 352 671 quae
364 631 493 661 nondum
509 632 633 669 elongata
646 627 782 664 existunt,
800 628 829 656 in
846 636 1097 665 quorumcumque
1112 627 1245 658 Manibus

186 670 291 701 fuerint
308 694 317 709 ,
340 672 368 700 in
391 668 540 699 Comitatu
562 666 715 706 praedieto,
735 665 792 695 sive
805 665 875 708 infra
889 664 1061 704 Libertates,
1080 667 1135 696 live
1150 675 1245 704 extra,

187 710 218 738 in
238 709 361 740 Manum
382 707 506 738 nostram
527 707 583 737 fine
604 705 737 735 dilatione
757 703 927 740 capiendum
943 728 952 742 ,
977 704 1010 735 &
1023 704 1097 735 salvo
1110 704 1246 735 custodiri

188 748 370 778 faciendum:

227 786 319 816 Vobis
338 785 502 815 mandamus
523 781 600 820 quod
623 781 733 811 Omnia
753 780 831 811 Bona
852 781 885 811 ὃ(
902 779 1010 812 Catalla
1028 781 1108 819 ipsius
1123 781 1246 811 Galfridi

212 824 325 854 raedhsta
340 848 350 862 ,
375 833 438 861 quae
454 831 502 860 per
516 831 569 851 vos
582 821 618 850 lic
633 821 696 857 capi
712 819 907 850 mandavimus
920 821 948 849 in
964 820 1090 850 Manum
1104 820 1248 858 nostram,

206 862 331 901 sabellae,
350 860 510 892 Comitissae
522 858 558 888 de
573 858 675 896 Mars,
694 866 762 888 tunc
778 857 877 888 Uxori
889 858 997 895 praefati
1011 857 1154 896 Galfridi‚

230 902 308 941 Qae
329 911 345 931 a
361 898 468 937 jamdiu
489 897 559 927 infra
574 895 712 937 Regnum
725 896 854 927 nostrum
867 906 978 927 moram
990 898 1088 935 traxit,
1106 898 1139 928 &
1153 896 1246 928 adhuc

188 948 315 970 moratur
335 938 369 968 ad
388 936 487 966 Fidem
504 934 630 965 nostram
646 959 655 974 ‚
680 935 713 966 &
736 936 782 965 cui
795 934 903 964 Omnia
914 934 994 965 Bona
1005 936 1038 966 &
1054 935 1161 966 Catalla
1175 945 1248 974 prae-

188 978 280 1016 dieta,
297 976 333 1006 de
343 973 442 1006 Gratia
455 973 552 1004 nostra
566 974 690 1012 speciali,
705 973 921 1012 Conceffimus,
939 975 966 1004 in
975 973 1119 1005 Auxilium
1133 974 1249 1005 Susten-

187 1016 301 1048 tationis
315 1014 385 1051 suae,
403 1012 440 1042 de
453 1011 548 1043 Dono
564 1012 680 1051 nostro,

226 1053 281 1084 Vel
301 1052 357 1090 ejus
380 1053 409 1081 in
428 1051 481 1081 hac
503 1060 580 1088 parte
596 1052 749 1082 Attornato
763 1051 883 1081 liberetis
898 1061 946 1089 per
961 1050 1155 1089 indenturam,
1175 1052 1248 1081 inter

187 1102 241 1125 vos
252 1092 285 1122 &
298 1090 445 1128 praefatam
460 1089 657 1128 Comitissam,
675 1090 721 1120 vel
737 1089 849 1120 dietum
864 1089 944 1120 suum
960 1089 1144 1120 Attornatum
1153 1113 1163 1128 ,
1181 1090 1249 1119 inde

188 1129 281 1161 modo
295 1129 392 1159 debito
402 1127 629 1167 conficiendam3
645 1128 777 1161 volumus
790 1129 868 1160 enim
882 1138 934 1159 vos
948 1127 1016 1159 inde
1028 1137 1093 1167 erga
1107 1138 1160 1158 nos
1181 1137 1249 1159 exo-

189 1178 286 1200 netari.

226 1205 316 1238 Teste
330 1205 460 1245 utsupra.

43 1327 134 1355 *1V0
191 1331 220 1358 ᾖ
245 1334 351 1366 Litera
368 1329 482 1364 direffa
500 1332 625 1378 Hugoni
645 1331 681 1364 de
700 1334 862 1380 Courtenay
875 1358 884 1374 ‚
917 1330 953 1364 dc
962 1329 1109 1376 fhmendo
1129 1332 1251 1363 Nomen

42 1367 109 1403 636·
568 1382 691 1413 Comitis
708 1382 858 1413 Devoniae.

39 1469 120 1502 'Ann
133 1469 175 1501 D.
196 1466 482 1523 REX².DH‘³&⁰
503 1467 536 1498 &
559 1465 647 1496 Fideli
668 1465 733 1504 suo,
752 1464 874 1505 Hugoni
888 1465 923 1496 de
937 1465 1102 1504 Courtenay
1117 1463 1249 1501 Seniori,

73 1517 146 1549 1335
271 1506 383 1537 Comiti
399 1505 562 1543 Devoniae,
581 1505 714 1549 Salutem.
927 1545 931 1549 ι

40 1553 94 1578 An.
113 1560 141 1583 9-
234 1544 314 1575 Cum
334 1555 384 1574 vos
399 1567 408 1582 ,
434 1554 483 1582 per
504 1543 674 1574 Petitionem
694 1543 816 1573 vestram
830 1567 839 1581 ,
864 1545 945 1573 nobis
960 1542 1136 1582 porrecstam,
1155 1549 1253 1572 coram

41 1592 74 1614 E.
99 1596 127 1622 3.
198 1581 295 1613 Nobis
310 1584 343 1614 ὃς
359 1583 496 1613 Concilio
510 1582 622 1620 nostro,
640 1581 688 1611 diu
703 1582 807 1612 fueritis
819 1581 977 1620 prosecuti,
1231 1616 1236 1622 ⁸

42 1626 130 1659 Clauf.
151 1637 179 1661 9,
234 1620 293 1652 Pro
311 1620 471 1652 rehabendo
486 1620 598 1651 Decem
614 1620 647 1651 &
661 1620 732 1650 osto
749 1620 846 1650 Libras
861 1619 897 1649 de
911 1619 1020 1650 Annuo
1034 1617 1132 1648 Feodo
1146 1615 1252 1647 Comi-

43 1669 76 1692 Ε,
93 1675 117 1701 3.
131 1675 166 1693 m,
195 1659 267 1689 tatsis
282 1659 443 1697 Devoniae,
462 1658 540 1697 quod
554 1659 666 1689 Isabella
678 1658 714 1688 de
731 1658 879 1696 Fortibus,
898 1657 1009 1688 dudum
1023 1655 1177 1686 Comitiffa
1190 1654 1252 1685 De-

192 1700 287 1728 voniae
306 1699 395 1736 (cujus
415 1698 515 1728 l-laeres
533 1697 607 1734 estis)
631 1698 663 1727 δε
685 1696 884 1726 Antecessores
905 1696 986 1733 ipsius
1008 1694 1193 1730 Comitiffae,
1218 1693 1251 1724 &

190 1735 291 1774 vestri,
309 1747 359 1775 per
372 1746 469 1766 manus
483 1735 699 1766 Vicecomitum
709 1733 871 1765 Comitatus
886 1733 975 1772 illius,
991 1735 1039 1773 qui
1053 1742 1107 1771 pro
1120 1741 1253 1770 tempore

193 1774 319 1813 fuerant,
339 1775 494 1805 Annuatim
506 1781 691 1811 perceperunt
699 1796 708 1810 ‚

231 1812 346 1852 Vosque
368 1813 491 1842 similiter
505 1835 515 1850 ,
539 1812 604 1849 post
624 1820 750 1841 mortem
769 1810 892 1848 praefatae
912 1809 1076 1841 Comitiffae
1091 1833 1101 1849 ,
1119 1817 1253 1848 tanquam

191 1850 295 1882 Haeres
307 1851 426 1889 ejusdem
435 1875 445 1888 ,
464 1860 513 1888 per
528 1851 617 1887 aliqua
631 1857 760 1886 tempora
774 1848 949 1888 percepistis,

228 1889 266 1920 Et
307 1889 365 1919 uod
383 1889 464 1919 vobis
477 1912 486 1926 ,
506 1898 558 1926 pro
570 1898 606 1918 eo
622 1889 702 1925 quod
718 1898 769 1918 vos
783 1888 932 1918 Comitem
949 1888 1103 1918 nullatenus
1119 1884 1254 1917 nomina-

191 1927 240 1958 stis
255 1951 264 1966 ,
308 1935 433 1958 etentum
452 1928 571 1957 extiterit
586 1952 595 1965 ‚
621 1927 689 1957 sicut
709 1937 758 1964 per
772 1925 1016 1957 Certifficationem
1031 1925 1205 1964 Thesaurarii
1219 1927 1253 1956 &

191 1965 336 1996 Baronum
346 1972 347 1975 ’
357 1966 392 1996 de
413 1965 563 1996 Scaccario
579 1965 679 1995 nostro
695 1989 704 2002 ,
723 1967 752 1994 in
766 1963 973 1995 Cancellariam
986 1964 1113 1995 nostram
1127 1963 1161 1994 ad
1175 1973 1254 1994 man-

191 2004 290 2073 dathuIm
302 2004 435 2035 nostrum
448 2003 558 2035 missam
567 2026 578 2043 ,
596 2004 703 2042 plenius
716 2002 757 2033 est
772 2013 970 2043 compertum,

266 2053 298 2073 os

228 2080 290 2110 Pro
303 2066 339 2110 eo
354 2081 433 2119 quod
449 2081 605 2113 Haereditas
616 2104 625 2120 ,
644 2091 708 2118 quae
721 2081 773 2111 fuit
787 2081 929 2120 praedietae
943 2080 1105 2112 Comitissae
1119 2104 1129 2120 ,
1147 2081 1180 2112 &
1196 2080 1256 2111 An-

193 2118 366 2150 tecessorum
391 2120 507 2150 suorum
520 2143 529 2157 ,
552 2121 585 2150 &
608 2120 786 2157 vestrorum,
806 2119 958 2150 Comitum
974 2120 1135 2157 Devonite,
1153 2120 1187 2150 ad
1203 2130 1255 2150 vos

192 2157 264 2196 jure
276 2157 418 2188 descendit
433 2158 623 2189 Haereditario
636 2181 646 2197 ,
671 2159 704 2189 &
720 2158 926 2190 Haereditatem
940 2158 1014 2188 illam
1028 2159 1127 2189 tenetis
1141 2159 1170 2187 in
1183 2167 1256 2198 prae-

194 2196 281 2234 senti,

234 2233 370 2265 Volentes
393 2235 452 2265 tarn
474 2235 572 2266 nostro
585 2260 595 2274 ,
621 2235 655 2266 &
671 2234 766 2274 Regni
780 2235 884 2274 nostri,
904 2236 991 2274 quam
1005 2235 1117 2274 vestro,
1135 2234 1255 2266 Honori

195 2272 355 2311 prospicere
369 2275 398 2303 in
412 2274 463 2304 hac
478 2282 571 2313 parte,

235 2311 395 2348 Volumus,
412 2313 446 2343 ὃς
462 2313 542 2343 vobis
558 2311 720 2344 mandamus
735 2313 866 2350 rogando
883 2336 893 2351 ,
912 2322 1067 2352 quatenuS,
1086 2312 1209 2344 Nomen
1222 2313 1256 2344 &

195 2348 353 2380 Honorem
367 2350 492 2394 Comitis
504 2351 688 2390 assumentes,
703 2361 757 2383 vos
770 2351 922 2383 Comitem
938 2351 1082 2383 Devoniae
1095 2351 1199 2382 faciatis
1220 2351 1257 2382 de

196 2397 302 2418 caetero
315 2398 471 2428 nominari,

234 2426 360 2457 Scientes
378 2427 458 2465 quod
477 2428 558 2458 vobis
581 2428 691 2459 dietum
709 2428 838 2459 Feodum
852 2429 1006 2460 Annuatim
1021 2429 1091 2460 solvi
1106 2429 1257 2467 faciemus,

195 2473 283 2502 prout
295 2465 524 2496 Antecefforibus
539 2467 651 2504 vestris,
670 2466 832 2499 Comitibus
847 2468 992 2499 Devoniae
1012 2467 1080 2499 solvi
1102 2468 1256 2498 consuevit.

234 2501 425 2546 TestehRege
443 2504 517 2541 apud
531 2505 656 2538 Novum
671 2505 805 2538 Castrum
819 2508 898 2546 super
911 2506 1048 2547 Tynam,
1065 2507 1201 2538 vicesimo
1215 2506 1256 2537 se—

198 2540 296 2572 cundo
308 2541 355 2572 die
369 2541 521 2573 Februarii.

681 2625 734 2653 Per
747 2622 828 2663 ipficm
840 2626 936 2662 Regem
951 2622 989 2658 ὠ
1002 2622 1154 2653 Concilium.

407 2747 456 2778 De
474 2745 675 2792 Affumptione
691 2747 840 2780 antediem
854 2745 1047 2794 publicanda.

54 2824 132 2855 Ann.
145 2822 187 2853 D.
209 2829 299 2886 RE
311 2829 342 2860 X
361 2828 537 2861 Vicecomiti
552 2830 709 2869 Devoniae,
726 2832 857 2862 Salutem.

76 2870 161 2902 1335·
306 2869 384 2907 Qia
403 2869 559 2899 Haereditas
572 2891 581 2906 ,
607 2879 671 2906 quae
684 2871 735 2900 fuit
751 2870 869 2901 Isabellae
881 2870 917 2901 de
932 2870 1081 2909 Fortibus,
1099 2870 1259 2901 Comitissae

56 2905 112 2930 An.
127 2911 155 2935 9·
205 2903 349 2936 Devoniae
364 2929 373 2944 ,
397 2907 431 2937 &
452 2906 673 2937 Anteceffi)ruin
695 2908 809 2938 suorum
822 2933 831 2946 ,
856 2908 1008 2940 Comitum
1028 2909 1190 2946 Devonize,
1207 2909 1240 2938 ad
1251 2931 1261 2946 ,

54 2944 86 2968 Ε·
108 2948 133 2975 3·
204 2943 352 2975 Dilectum
366 2945 399 2975 &
420 2945 545 2975 Fidelem
556 2945 699 2984 nostrum,
718 2946 876 2986 Hugonem
890 2948 925 2978 de
937 2947 1100 2988 Courtenay
1113 2948 1261 2978 seniorem

60 2979 164 3006 ibidem.
200 2981 270 3020 Jure
282 2982 423 3013 descendit
436 2983 642 3021 Haereditario,

241 3020 384 3089 {gemque
398 3022 487 3061 Hugo
501 3022 704 3054 Haereditatem
718 3023 792 3054 illam
805 3032 882 3054 tenet
894 3025 923 3054 in
939 3024 1066 3062 praesenti
1075 3047 1085 3063 ,

282 3070 312 3090 os

242 3083 328 3128 Tam,
342 3098 441 3130 nostro
455 3123 465 3137 ,
486 3100 521 3130 δε
542 3099 638 3139 Regni
661 3099 750 3131 nostri
765 3123 774 3138 ,
795 3101 881 3139 quam
895 3100 976 3138 ipsius
988 3099 1138 3140 HugoniS,
1157 3100 1261 3131 honori

207 3135 336 3167 volentes
369 3138 506 3175 rospicere
520 3139 548 3167 in
563 3139 615 3169 hac
632 3148 724 3176 parte,

245 3173 341 3211 Ipsum
391 3185 514 3215 ugonem
529 3176 678 3207 Comitem
692 3177 836 3207 Devoniae
851 3177 1002 3207 fecerimus
1017 3178 1173 3215 nominari,
1183 3186 1264 3206 man-

206 3211 301 3256 dantes
323 3213 414 3243 eidem
437 3215 516 3251 quod
531 3238 541 3252 ,
564 3215 687 3245 Nomen
709 3216 743 3246 &
754 3215 909 3246 Honorem
925 3215 1049 3247 Comitis
1062 3216 1219 3254 assumens,
1237 3215 1264 3246 se

207 3249 360 3280 Comitem
375 3253 502 3282 nominet
518 3253 588 3284 dieti
601 3254 668 3284 loci.

230 3287 279 3332 ‘Et
301 3288 370 3332 ideo
388 3290 440 3319 tibi
454 3292 633 3329 praecipimus
654 3292 750 3330 quod,
768 3293 826 3323 tam
842 3293 871 3321 in
885 3291 1033 3323 Comitatu
1047 3301 1115 3330 tuo,
1134 3293 1220 3331 quam
1236 3303 1265 3323 a·

206 3326 248 3356 liis
262 3326 349 3365 locis,
364 3337 391 3356 in
406 3327 508 3359 Ballivfi
522 3330 583 3368 tua,
601 3331 650 3360 ubi
662 3332 790 3368 expedire
802 3331 920 3368 videris,
938 3331 1019 3361 facias
1033 3332 1171 3369 publicari
1184 3331 1265 3370 quod

210 3374 312 3408 omnes
325 3388 334 3404 ,
360 3365 395 3395 de
408 3375 525 3405 caeter0‚
544 3369 692 3408 praefiitum
708 3368 869 3408 Hugonem
884 3369 1036 3401 Comitem
1053 3369 1198 3402 Devoniae
1210 3380 1264 3401 no-

209 3412 336 3441 minent,
354 3412 438 3441 prout
449 3404 538 3436 decet.

244 3440 332 3472 Teste
348 3450 379 3473 ut
392 3442 480 3480 supra.

681 3484 734 3512 Per
749 3482 830 3522 ipficm
846 3486 942 3522 Regem
957 3483 994 3519 &
1008 3484 1161 3515 Concilium.
1206 3500 1210 3501 ⁷

205 3568 376 3579 ψ-ῂῳᾼ-
577 3571 716 3573 -ῂ-Ῑ-Πν
847 3572 918 3574 ῘὝΫ

208 3620 258 3652 De
283 3617 424 3661 Potestate
453 3617 527 3650 data
554 3620 626 3664 Regi
659 3620 757 3650 Scotiae
789 3616 916 3651 habendi
944 3617 1204 3661 Constabularium
1229 3621 1266 3656 &-

278 3667 500 3712 llslarefiuzllum
518 3670 548 3698 in
564 3668 726 3698 Excercitu
738 3666 794 3711 sito
811 3667 895 3711 infra
918 3670 1051 3713 Regnum
1065 3667 1189 3713 Angliae.

66 3753 142 3784 Ann.
152 3753 190 3784 D.
210 3751 355 3809 REX,
373 3751 613 3788 vicecomitibus,
630 3751 663 3781 δε
680 3749 824 3781 Omnibus
839 3751 896 3780 aliis
912 3751 1038 3789 Ballivis,
1058 3750 1216 3789 Ministris,
1234 3752 1268 3782 ὃ(

86 3801 169 3831 1335·
283 3791 421 3820 Fidelibus
436 3791 506 3828 suis,
522 3790 580 3819 tam
596 3788 666 3818 infra
681 3788 845 3827 Libertates‚
865 3790 950 3827 quam
964 3789 1093 3826 extra,ad
1109 3799 1179 3827 quos
1185 3813 1195 3828 ,
1206 3791 1266 3821 δίς.

64 3835 105 3858 An
112 3853 116 3858 .
124 3841 149 3864 9.
212 3825 344 3859 Salutem.

65 3874 94 3896 E.
117 3878 143 3904 3.
250 3865 346 3898 Sciatis
359 3867 455 3905 qubd,

65 3912 131 3934 Scor.
144 3916 173 3940 9.
249 3902 329 3934 Cum
350 3915 438 3943 nuper
459 3903 680 3935 concesserimus
697 3926 706 3941 ,
730 3902 838 3933 Nobili
856 3903 948 3942 Viro,
964 3903 1099 3935 Domino
1110 3903 1269 3944 Edwardo,

65 3949 94 3971 Ε.
119 3953 143 3981 3.
160 3953 197 3972 m.
213 3939 293 3976 Regi
307 3942 429 3981 Scotiae,
448 3943 669 3980 Consanguineo
683 3941 782 3972 nostro
798 3941 956 3979 carissimo,

66 3991 113 4019 43.
250 3977 308 4008 Pro
331 3981 483 4017 repulsione
501 3982 653 4012 Scotorum
666 4003 676 4018 ,
701 3979 888 4009 Inimicorum
909 3981 942 4010 δε
967 3979 1131 4010 Rebellium
1153 3980 1268 4012 nostro-

159 4022 161 4025 ·
214 4025 297 4053 rum,
315 4017 343 4046 in
359 4020 479 4054 partibus
495 4020 617 4057 Scotize,
639 4028 706 4049 cum
723 4018 872 4048 Excercitu
887 4018 936 4048 suo
950 4026 1018 4048 tunc
1031 4017 1159 4049 existenti

240 4053 420 4123 ἑὲιὶὸῖιίρῖξτ
440 4058 555 4126 llifferet
576 4056 828 4090 constabularium
848 4056 882 4088 ὃς
903 4055 1098 4088 Marescallum
1120 4058 1150 4087 in
1163 4041 1270 4097 Excest

1305 158 1780 206 PUssL'ICA.
2272 181 2346 223 123

1289 245 1347 274 citu
1363 244 1411 288 suo
1428 247 1634 291 praedic‘lo,lad
1659 260 1689 280 ea
1701 274 1710 288 ,
1732 261 1797 289 quae
1811 249 1844 281 ad
1860 248 2002 281 Officium
2019 249 2178 290 hujusmodi
2194 251 2213 272 ²*
2229 251 2350 283 Consta·
2368 253 2498 285 Ann.D.

1289 283 1434 326 bularii&
1451 285 1594 315 Mai-elcali
1609 290 1765 327 pertinent,
1782 289 1973 327 excercenda,
2388 301 2473 332 1335«

1328 320 1373 350 Ac
1387 322 1462 351 idem
1477 323 1542 367 Rex
1556 325 1639 368 nobis
1654 326 1759 357 dederit
1774 329 1891 366 intelligi
1925 327 2005 365 quod
2021 328 2242 360 diversaeTrans
2256 329 2352 360 reffio-
2368 334 2434 359 Edv.
2456 343 2481 369 3.

1290 367 1354 395 nes,
1374 368 1422 402 per
1438 360 1580 405 Homines
1595 361 1760 395 Excercitsis
1774 367 1812 395 lui
1831 351 1958 403 praedieti
1971 390 1979 404 ‚
1997 366 2055 396 aliis
2068 367 2105 397 de
2117 367 2219 398 eodem
2252 369 2351 399 'xerci-
2369 372 2384 386 θ
2403 371 2457 398 lv.

1290 404 1320 424 tu
1344 398 1403 434 (qui
1420 408 1503 442 penes
1517 403 1605 439 iplum
1616 401 1752 444 Regem,
1771 404 1804 433 ad
1815 404 1959 441 justitiam
1974 405 2040 435 inde
2056 406 2230 446 habendam,
2251 407 2351 445 faepisis
2366 413 2433 446 6372

1289 434 1351 464 sunt
1364 437 1515 481 prosecuti)
1531 447 1599 469 tunc
1613 450 1642 469 in
1659 442 1779 477 partibus
1794 442 1932 480 praedietis
1947 443 2029 473 factae
2043 444 2173 483 suerunt,

1329 473 1478 517 Qiodque
1500 479 1608 520 pun—itio
1628 478 1717 515 aliqua
1738 479 1816 517 super
1830 481 1931 511 eisdem
1946 481 2212 514 Tranoreffionibus
2249 494 2301 522 pro
2314 492 2351 515 eo

1290 512 1461 581 guffgtidem
1477 512 1543 544 Rex
1554 516 1624 546 infra
1633 515 1769 555 Regnum
1783 518 1912 549 nostrum
1922 521 1982 557 jam
1998 505 2139 559 mssratur,
2156 507 2279 560 apposita
2291 533 2353 554 non

1328 588 1365 618 Et
1387 573 1470 631 nobis
1488 589 1682 637 supplicaverit
1693 618 1702 631 ,
1729 601 1758 624 ut
1773 595 1932 625 concedere
1946 596 2080 635 velimus,
2100 598 2178 635 quod
2194 599 2270 629 idem
2286 597 2353 630 Rex

1290 625 1533 666 Transgresliones
1555 632 1700 667 praedictas
1720 633 1818 670 punire
1833 655 1843 671 ,
1866 636 1899 664 &
1911 634 2054 672 justitiam
2069 638 2310 675 conquerentibus
2322 640 2355 669 in

1290 664 1343 694 hac
1358 674 1433 702 parte
1446 666 1555 705 facere,
1574 668 1676 707 poffit,

1328 703 1414 742 Nos,
1432 704 1625 749 supplicationi
1639 708 1760 751 ejusdem
1776 708 1863 748 Regis
1878 709 1957 750 super
1970 709 2028 741 hoc
2043 722 2195 744 annuentes
2209 737 2220 753 ,
2236 714 2352 754 plenam

1292 740 1465 786 Potestatem
1487 743 1581 774 eidem
1598 744 1693 789 Regi,
1713 747 1850 785 Qerelas
1862 750 1994 779 omnium
2010 750 2042 780 &
2056 751 2230 790 singulorum
2245 751 2282 784 de
2295 753 2353 784 hu-

1288 780 1411 817 jusmodi
1425 781 1716 827 TransgreffionibuS,
1736 787 1764 815 in
1781 786 1919 823 praedietis
1934 788 2055 824 partibus
2069 789 2173 820 Scotiae
2185 790 2265 822 saetis
2297 801 2353 830 pro

1291 818 1318 848 se
1342 820 1375 850 ὃς
1396 820 1447 863 suis
1461 821 1605 864 audiendi,
1624 823 1657 853 &
1667 822 1806 861 justitiam
1821 825 1934 854 ulterius
1949 826 2087 864 faciendi,
2105 838 2137 858 ac
2152 816 2354 869 Transgr’effo-

1292 867 1335 887 res
1351 859 1502 903 puniendi,
1518 869 1603 896 prout
1619 871 1648 890 in
1662 862 1822 898 hujusmodi
1833 862 1894 893 casu
1912 864 2047 894 haetenus
2059 863 2118 895 fieri
2130 867 2294 906 consuevit,
2308 877 2352 900 te-

1293 905 1365 926 nore
1377 897 1554 933 praesentlum
1569 899 1770 938 concedimus3

1330 935 1368 965 Et
1388 934 1455 966 ideo
1478 937 1563 967 vobis
1578 961 1586 975 ,
1609 939 1742 968 omnibus
1764 939 1797 969 ὃ(
1821 938 1930 978 singulis
1944 964 1954 977 ,
1979 941 2144 973 mandamus
2164 945 2243 981 quod
2258 945 2353 976 eidem

1293 972 1390 1019 Regi,
1413 975 1442 1018 in
1463 975 1610 1019 praemissis
1622 1000 1632 1014 ,
1655 976 1777 1007 affistatis
1791 1001 1800 1015 ,
1820 978 1951 1017 pareatis,
1971 979 2005 1010 &
2017 980 2181 1020 intendatiS,
2200 991 2284 1020 prout
2297 984 2354 1022 ipse

1292 1014 1374 1044 vobis
1386 1012 1454 1042 scire
1467 1013 1551 1043 faeiet
1563 1023 1597 1044 ex
1611 1023 1687 1052 parte
1701 1015 1806 1047 nostri.

1331 1051 1364 1082 In
1381 1052 1473 1089 cujus,
1491 1053 1552 1083 ὅτε.

1369 1089 1458 1122 Teste
1472 1090 1557 1129 Rege
1569 1091 1642 1130 apud
1657 1091 1820 1131 Coventre,
1837 1093 1914 1125 sexto
1926 1093 1972 1125 die
1986 1094 2092 1126 Martii.

1982 1174 2037 1201 Per
2049 1171 2130 1212 ipsicm
2144 1175 2249 1212 Regem.

1295 1299 1344 1330 De
1372 1298 1510 1329 Licentia
1527 1294 1601 1329 dara
1623 1299 1710 1344 Regis
1727 1298 1913 1331 Francorum
1930 1297 2077 1340 Nauem,
2101 1298 2145 1331 ad
2159 1300 2356 1335 traffandum

1426 1344 1509 1392 apud
1515 1345 1659 1387 Newerk‘
1668 1358 1735 1379 cnm
1754 1344 1936 1393 quibusdam
1954 1347 2087 1391 Persc'mis
2101 1350 2212 1381 Scotiae.

1297 1431 1411 1489 REX
1430 1431 1672 1469 Vicecomitibus,
1689 1430 1815 1470 Ballivis,
1833 1430 1991 1471 Ministris‚
2007 1432 2041 1464 &
2056 1431 2113 1463 aliis
2131 1432 2272 1466 Fidelibus
2286 1434 2339 1466 suis

1372 1471 1405 1501 ad
1420 1481 1509 1508 quos,
1527 1471 1588 1501 &c.
1603 1470 1739 1501 Salutem.

1335 1509 1434 1539 Sciatis
1448 1508 1543 1547 quod,

1336 1547 1417 1578 Cum
1431 1547 1498 1577 Nos
1513 1557 1618 1585 nuper,

1338 1585 1385 1615 Ad
1403 1586 1628 1623 requisitionem,
1647 1583 1940 1625 Venerabilis¹Patris,
1958 1584 2090 1624 Episcopi
2112 1584 2289 1627 labricense,
2306 1589 2357 1629 &,
2372 1575 2402 1599 E.
2426 1583 2450 1609 3·

1298 1623 1418 1654 Nobilis
1432 1624 1508 1662 Viri,
1528 1623 1605 1654 Petri
1619 1624 1655 1654 de
1668 1624 2009 1662 Tiersseu‚Nunciorum
2018 1625 2265 1662 ,Excellentiffimi
2274 1628 2356 1658 Prin·
2375 1614 2440 1639 sm*
2459 1621 2487 1647 9·

1298 1665 1384 1702 cipis,
1402 1663 1526 1693 Domini
1538 1662 1674 1700 Philippi,
1692 1662 1779 1700 Regis
1795 1662 1920 1692 Franciae
1934 1662 2061 1701 illustris,
2076 1663 2290 1703 Consanguinei
2304 1677 2358 1702 no-
2374 1653 2402 1677 E.
2420 1659 2445 1687 3·
2461 1661 2499 1686 '²²¹

1299 1702 1347 1731 stri
1361 1701 1510 1740 cariffimi,
1526 1700 1559 1730 ad
1575 1700 1642 1730 Nos
1656 1702 1685 1730 in
1701 1700 1831 1740 Angliam
1846 1711 1934 1741 nuper
1954 1703 2146 1742 venientium,
2164 1704 2197 1735 ὃ(
2217 1705 2258 1735 ob
2279 1716 2361 1738 reve·
2377 1697 2426 1726 43¹

1298 1741 1414 1771 rentiam
1431 1740 1512 1780 ipsius
1527 1738 1743 1776 Conlanguinei
1758 1738 1863 1777 nostri,

1335 1779 1542 1817 Susceperimus
1562 1780 1590 1808 in
1607 1777 1819 1808 Proteetionem
1841 1779 1874 1809 &
1894 1777 2101 1809 Defensionem
2123 1779 2248 1812 nostram
2261 1806 2271 1819 ,
2289 1793 2361 1816 nec-

1299 1827 1359 1848 non
1372 1819 1401 1847 in
1415 1818 1522 1848 salvum
1536 1817 1570 1848 &
1584 1817 1712 1847 securum
1729 1815 1920 1846 Condustum
1940 1816 2089 1856 nostrum,
2107 1818 2239 1857 Triginta
2260 1821 2361 1853 Perso-

1299 1866 1346 1886 nas
1369 1856 1405 1886 de
1424 1856 1520 1887 Scotifi
1541 1856 1745 1894 cujuscumque
1760 1853 1845 1884 statsis
1859 1855 1904 1885 vel
1918 1855 2091 1886 conditionis
2103 1857 2223 1895 fuerint,
2241 1868 2273 1889 ac
2288 1861 2362 1898 ipso-

1299 1905 1364 1926 rum
1387 1895 1530 1933 Familias,
1547 1893 1688 1925 veniendo
1708 1893 1776 1922 infra
1793 1893 1930 1932 Regnum
1952 1893 2082 1924 nostrum
2103 1895 2190 1933 usque
2205 1896 2362 1930 Civitatem

1299 1934 1426 1964 nostram
1442 1933 1589 1970 Eborum,
1606 1933 1639 1964 &
1654 1941 1716 1963 eam
1730 1931 1931 1974 ingrediendo,
1949 1931 1982 1962 ad
1997 1933 2173 1964 trad'candum
2190 1945 2257 1966 cum
2279 1938 2362 1969 dietis

1300 1972 1425 2003 Nunciis
1439 1972 1518 2010 ipsius
1532 1972 1620 2011 Regis
1632 1971 1758 2001 Franciae
1772 1974 1852 2008 iuper
1865 1970 2018 2008 aliquibus,
2038 1972 2076 2000 eis
2091 1982 2140 2009 per
2154 1972 2246 2004 dietos
2270 1976 2362 2006 Nun-

1301 2013 1362 2042 cios
1382 2020 1416 2041 ex
1435 2020 1512 2048 parte
1530 2010 1610 2048 ipsius
1632 2009 1721 2048 Regis
1733 2008 1861 2039 Franciae
1875 2009 2063 2047 exponendis,
2082 2010 2189 2041 ibidem
2204 2014 2365 2054 morando,

2346 1459 2356 1475 ³
2373 1454 2449 1485 Ann.
2461 1455 2503 1488 D.

2371 1501 2489 1570 Αέἒξῗ·

1282 2069 1284 2071 -
1300 2051 1334 2081 &
1349 2049 1450 2080 exinde
1464 2048 1627 2086 redeundo,
1645 2055 1729 2085 prout
1743 2048 1773 2077 in
1788 2047 1869 2077 literis
1883 2047 1984 2077 nostris
2005 2047 2183 2087 Patentibus,
2200 2051 2268 2081 inde
2289 2062 2362 2082 con-

1300 2089 1400 2133 feffls,
1418 2090 1504 2132 usque
1519 2087 1555 2118 ad
1570 2087 1686 2118 Festum
1698 2085 1813 2117 Paschae
1828 2087 1963 2124 proximo
1979 2085 2107 2118 futurum
2130 2088 2284 2128 duraturis,
2303 2091 2366 2129 ple-

1300 2128 1374 2196 nisis]
1377 2136 1553 2166 continetur,

1376 2176 1407 2197 os

1338 2204 1386 2236 Ad
1399 2189 1608 2243 requisitionem
1620 2204 1763 2235 didkorum
1778 2204 1985 2242 Muciorum,
2004 2205 2052 2243 qui
2064 2203 2233 2238 Traeiatum
2252 2207 2364 2245 pleni&

1301 2254 1363 2275 rem
1385 2254 1454 2275 cum
1473 2244 1575 2275 eisdem
1596 2242 1772 2273 Hominibus
1792 2242 1828 2273 de
1842 2243 1957 2281 Scotifi,
1975 2243 2054 2281 super
2070 2246 2192 2281 negotiis
2205 2247 2363 2286 praedietis,

1300 2282 1374 2321 apud
1390 2282 1494 2313 Villam
1509 2284 1545 2313 de
1558 2282 1704 2320 Newerk,
1723 2281 1758 2312 de
1771 2281 1866 2312 nostra
1880 2281 2009 2320 licentia,
2027 2283 2129 2313 habere
2143 2284 2325 2323 ordinfirunt,

1338 2321 1516 2359 Suscepimus
1536 2322 1564 2350 in
1584 2321 1797 2351 Proteffionem
1813 2321 1847 2350 &
1863 2319 2069 2351 Defensionem
2084 2321 2231 2361 nostram,
2247 2333 2365 2355 necnon

1301 2361 1331 2390 in
1351 2360 1457 2391 salvum
1478 2360 1511 2390 &
1532 2360 1660 2390 securum
1675 2358 1865 2389 Conduehirn
1881 2358 2028 2398 nostrum,
2047 2359 2136 2391 dietas
2150 2360 2280 2400 Triginta
2294 2362 2365 2392 Per-

1302 2399 1381 2429 sonas
1399 2399 1436 2429 de
1456 2398 1569 2436 Scotia,
1586 2408 1620 2428 ac
1641 2397 1786 2428 Homines
1802 2397 1836 2426 de
1850 2397 1965 2427 Familia
1979 2397 2042 2435 sua,
2058 2399 2088 2427 in
2104 2400 2247 2430 veniendo
2259 2400 2295 2430 de
2310 2400 2365 2431 Ci-

1301 2439 1386 2469 vitate
1400 2436 1552 2476 praedietsi,
1571 2436 1656 2474 usque
1670 2435 1779 2466 dietam
1795 2434 1899 2465 Villam
1913 2436 1950 2465 de
1967 2436 2115 2474 Newerk,
2133 2446 2167 2466 ex
2190 2438 2273 2469 causa
2287 2439 2366 2469 Tra-

1302 2476 1393 2507 &atsis
1415 2475 1543 2514 praedieti
1557 2499 1567 2513 ,
1586 2484 1649 2505 eam
1668 2473 1851 2514 ingrediendo
1865 2498 1875 2512 ,
1901 2474 2009 2504 ibidem
2030 2475 2190 2514 morando,
2207 2477 2241 2507 δε
2262 2477 2366 2508 exinde

1302 2517 1338 2547 us
1353 2526 1388 2546 ue
1402 2523 1489 2552 partes
1502 2514 1609 2544 Scotiae
1624 2513 1786 2550 redeundo,
2344 2534 2348 2541 s

1334 2526 1377 2585 Klit
1399 2553 1467 2584 ideo
1489 2553 1590 2591 vobis,
1608 2553 1740 2582 omnibus
1761 2552 1794 2582 &
1817 2550 1946 2589 singulis,
1964 2551 2014 2581 sub
2033 2551 2207 2582 forisfactura
2229 2551 2306 2583 Vitae
2329 2553 2364 2585 &

1304 2593 1566 2629 Membrorum,ac
1580 2592 1710 2621 omnium
1726 2599 1790 2628 quae
1801 2599 1863 2629 erga
1878 2590 1948 2620 Nos
1959 2589 2117 2621 forisfacere
2130 2592 2366 2628 poteritis,man-

1302 2632 1416 2669 damus,
1435 2630 1551 2660 firmiter
1566 2630 1756 2668 injungentes,
1774 2628 1856 2666 quod
1870 2628 2016 2665 praedietas
2032 2629 2161 2667 Triginta
2180 2629 2312 2660 Personas
2327 2628 2366 2660 de
2414 2640 2417 2644 ·

1303 2670 1417 2707 Scotia,
1435 2680 1467 2700 ac
1491 2669 1615 2699 Familias
1633 2668 1706 2704 suaS,
1724 2677 1778 2697 nec
1801 2677 1860 2697 non
1882 2666 1982 2705 Equos
2003 2668 2036 2698 ὅτ.
2053 2667 2189 2697 Hernelia
2202 2667 2261 2705 sua,
2279 2669 2307 2697 in
2325 2669 2365 2698 sic

1303 2708 1446 2739 veniendo
1461 2707 1547 2745 usque
1559 2707 1665 2737 dictam
1680 2706 1786 2736 Villam
1799 2705 1834 2735 de
1849 2705 1998 2743 Newerk,
2016 2715 2078 2735 eam
2095 2705 2292 2745 ingrediendo,
2310 2707 2365 2736 ibi-

1304 2748 1370 2778 dem
1388 2746 1545 2784 morando,
1564 2746 1597 2776 ὃς
1615 2745 1715 2775 exinde
1730 2744 1891 2782 redeundo,
1911 2744 1980 2774 sicut
1995 2744 2165 2782 praedietum
2186 2743 2245 2782 est,
2264 2753 2365 2776 manu-

1305 2787 1434 2826 teneatis,
1454 2786 1620 2824 protegatis,
1639 2785 1671 2815 ὃς
1687 2782 1859 2820 defendatis,

1342 2826 1415 2855 Non
1439 2824 1587 2854 inferentes
1606 2824 1662 2860 eis,
1680 2822 1726 2852 vel
1747 2822 1830 2850 alicui
1851 2830 1969 2858 eorum,
1986 2819 2031 2850 seu
2045 2820 2081 2850 ab
2093 2820 2168 2858 aliis,
2185 2828 2320 2859 quantum
2336 2821 2368 2852 in

1303 2865 1386 2895 vobis
1406 2863 1464 2899 est,
1482 2862 1576 2891 inferri
1595 2862 1802 2900 permittenteS,
1819 2859 1847 2888 in
1870 2857 1996 2888 Personis
2018 2867 2064 2889 aut
2087 2859 2185 2889 Rebus
2205 2860 2276 2898 suis,
2294 2861 2367 2899 inju-

1304 2903 1373 2932 riam
1384 2925 1393 2940 ,
1411 2899 1588 2937 molestiam,
1607 2898 1779 2936 dampnum,
1797 2896 2034 2935 impedimentum
2048 2897 2182 2936 aliquod,
2201 2898 2247 2929 seu
2268 2908 2366 2938 grava-

1305 2950 1372 2970 men

1342 2963 1391 3009 Se}
1404 2978 1442 3008 eis
1456 2977 1549 3015 potius
1563 2975 1667 3007 salvum
1682 2975 1715 3005 &
1737 2974 1866 3004 securum
1888 2973 2094 3011 ConduAEtum,
2113 2973 2164 3004 suis
2183 2974 2366 3012 Sumptibus,

1306 3018 1376 3048 cum
1391 3026 1440 3055 per
1453 3026 1504 3046 vos
1519 3014 1663 3046 transitum
1680 3013 1815 3051 fecerint,
1833 3014 1866 3043 ὃ(
1880 3023 1929 3050 per
1946 3013 2034 3051 ipsos,
2052 3013 2096 3043 vel
2110 3022 2209 3042 eorum
2223 3013 2366 3050 aliquem,

1306 3056 1385 3094 super
1396 3056 1454 3085 hoc
1467 3053 1588 3091 requisiti
1604 3052 1708 3082 fueritis
1716 3075 1726 3090 ,
1737 3052 1840 3081 habere
1854 3051 1957 3081 faciatis
1965 3075 1974 3087 ,

1345 3094 1399 3131 Et,
1417 3093 1436 3123 si
1457 3092 1524 3131 quid
1547 3092 1584 3121 eis
1598 3090 1772 3121 forisfacitum
1788 3090 1888 3128 fuerit,
1906 3090 1934 3121 id
1946 3091 1986 3119 eis
2001 3089 2056 3119 sine
2070 3088 2204 3118 dilatione
2217 3087 2321 3118 faciatis
2335 3097 2366 3118 e-

1356 3132 1392 3161 nd
1411 3133 1441 3161 ri.

1307 3142 1379 3200 meIn
1394 3143 1555 3208 {ujus,&c.
1569 3168 1654 3206 usque
1668 3167 1702 3198 ad
1714 3166 1824 3197 dietum
1832 3164 1947 3196 Festum
1956 3164 2070 3196 Paschae
2085 3165 2219 3203 proximo
2235 3163 2365 3196 futurum

1308 3209 1458 3240 duraturas.

1343 3246 1432 3278 Teste
1446 3245 1527 3285 Rege
1540 3243 1613 3284 apud
1630 3242 1796 3283 Cattywade
1803 3266 1814 3282 ,
1832 3242 1968 3275 vicesimo
1982 3240 2106 3272 secundo
2118 3240 2164 3271 die
2176 3240 2283 3272 Martii.

1994 3319 2047 3347 Per
2060 3317 2142 3357 ipfhm
2156 3319 2261 3355 Regem.

1348 3399 1367 3419 ²*
1387 3399 1425 3430 Et
1463 3398 1629 3430 ostmodi'rm

1349 3438 1395 3468 Ad
1417 3410 1625 3475 reguisitionern
1637 3421 1787 3466 'dierorum
1808 3433 1996 3464 Nunciorum
2010 3431 2099 3471 Regis
2114 3431 2257 3475 Franci-z,
2275 3433 2323 3471 qui
2339 3441 2370 3465 a·
2385 3433 2401 3451 ὓ
2423 3432 2478 3470 ἶν’(

1310 3476 1369 3515 pud
1393 3476 1544 3516 Gedelyng
1567 3476 1763 3511 morabantur,
1781 3474 1814 3504 &
1837 3473 1885 3510 qui
1898 3472 2005 3501 ibidem
2021 3480 2089 3513 cum
2105 3470 2186 3500 diens
2201 3471 2295 3514 Scotis
2309 3471 2369 3508 ple-
2385 3471 2452 3510 638.

1311 3517 1422 3545 niorem
1436 3513 1603 3544 Tradmtum
1618 3513 1696 3551 super
1712 3512 1791 3542 dietis
1804 3511 1923 3550 negotiis
1929 3532 1940 3548 ,
1956 3509 1993 3539 de
2010 3508 2120 3539 licentia
2140 3508 2247 3547 Regis,
2265 3509 2370 3541 habere

1311 3554 1591 3629 orssriglcten'tfriginta
1604 3588 1734 3619 Personae
1750 3585 1957 3629 habent-literas
1970 3583 2017 3614 Re
2037 3585 2057 3613 is
2077 3583 2113 3613 de
2137 3584 2322 3616 Proteffione
2335 3585 2369 3617 &

1312 3629 1469 3660 Conduesu
1487 3653 1497 3667 ,
1515 3627 1656 3658 veniendo
1676 3627 1711 3656 de
1733 3625 1809 3655 dieta
1830 3623 1906 3654 Villa
1926 3623 1962 3652 de
1988 3622 2118 3665 INevrerk
2143 3624 2228 3661 usque
2251 3625 2371 3656 eandem

1311 3668 1417 3699 Villam
1439 3667 1474 3697 de
1497 3666 1668 3705 Gedelyng,
1693 3664 1809 3694 eandem
1832 3660 2014 3700 ingrediendo
2027 3683 2036 3698 ,
2053 3660 2157 3690 ibidem
2177 3661 2318 3692 morando
2336 3661 2371 3693 &

1312 3706 1412 3737 exinde
1425 3706 1509 3743 usque
1522 3705 1554 3734 ad
1568 3714 1656 3742 partes
1671 3702 1775 3732 Scotiae
1790 3699 1949 3737 redeundo,
1966 3698 2026 3734 (ἶφι.
2041 3706 2071 3727 ut
2084 3697 2168 3738 fhpra
2183 3703 2297 3729 mutatis
2312 3710 2371 3730 mu-

1312 3745 1403 3775 tavdis
1422 3744 1457 3774 us
1473 3753 1507 3773 ue
1521 3743 1554 3772 ad
1567 3743 1675 3772 dietum
1685 3739 1800 3770 Festum
1808 3739 1919 3768 Paschae
1934 3738 2067 3775 proxImo
2081 3737 2208 3768 futurum
2221 3737 2371 3774 duraturas.

1349 3767 1438 3814 Teste
1451 3754 1537 3819 Rege
1551 3780 1622 3819 apud
1634 3779 1667 3809 N
1670 3778 1819 3815 otingham
1828 3799 1836 3815 ,
1855 3777 1949 3815 primo
1964 3775 2010 3805 die
2026 3775 2135 3812 Aprilis.

1990 3854 2043 3881 Per
2061 3850 2144 3889 ipfim
2161 3853 2267 3891 Regem.

2330 4089 2377 4117 De
