2562 4279
751 124 862 172 ET
943 126 1211 172 ACTA
1292 120 1765 170 PUBLICA.

58 225 133 258 Ann.
143 221 184 252 D.
203 221 340 252 fervidam
355 220 510 260 speramus,
525 219 634 251 devotis
647 216 776 256 precibus
789 215 972 253 supplicamus
987 215 1130 253 quatinus,
1148 223 1261 251 praeno-

75 271 158 301 1312-
200 268 289 291 tatum
309 261 484 298 Episcopum
507 261 540 290 δε
562 257 777 299 Thesaurarium
799 254 928 297 nostrum
945 278 954 291 ,
981 263 1068 291 quern
1092 252 1258 294 liberalitatis

56 305 122 333 Edv.
140 311 166 328 2·
194 299 294 330 vestrze
309 299 397 336 gratia
411 301 444 329 δε
463 299 560 327 favore
579 303 709 331 cupimus
730 302 923 329 communiri,
941 292 1090 327 habentes,
1109 293 1129 319 li
1149 290 1257 327 placet,

2334 134 2358 178 5

1295 217 1366 241 teret
1381 235 1390 248 ,
1408 211 1454 255 vel
1472 214 1547 243 circa
1570 224 1601 244 ea
1617 236 1625 251 ,
1643 215 1672 243 in
1694 212 1887 253 prieiudicium
1908 212 2088 243 ordinationis
2106 212 2151 243 seu
2173 211 2355 249 dispositionis
2378 204 2503 241 Anni}-

1298 249 1489 286 Apostolice,
1509 261 1558 288 per
1573 252 1674 281 Sedem
1690 255 1824 289 einstem,
1843 259 1873 281 ut
1886 253 2081 288 priemittitur,
2097 250 2230 281 facienda:
2251 249 2353 287 aliquid
2392 255 2478 287 1312·

1297 286 1417 324 faceret,
1436 288 1597 326 innovaret,
1616 289 1658 319 *iel
1677 293 1759 320 etiam
1780 298 1974 327 attemptaret:
1995 288 2191 320 Decernentes
2209 288 2226 307 ᾗ
2251 296 2354 318 extunc
2373 292 2436 315 Edv.
2458 302 2486 319 2„-

65 1077 142 1111 Anti.
152 1075 192 1106 D.

90 1125 174 1155 1312.

61 1159 114 1184 An.
130 1165 157 1191 5.

59 1215 147 1271 ciij.

61 1279 90 1306 5.
108 1275 135 1298 E.
148 1280 173 1296 2.

61 1318 97 1337 nm
111 1308 179 1336 6.d.

62 1348 79 1364 *
102 1348 156 1375 ili.

64 1393 128 1423 323.

77 2531 152 2564 Ann.
165 2526 209 2559 D.
228 2515 285 2578 C

90 2579 183 2610 1312.

76 2613 129 2640 An.
147 2619 173 2645 5.

78 2653 108 2678 Ε.
128 2659 154 2677 2.

78 2687 163 2726 Claus.
182 2697 210 2724 5.

82 2730 112 2754 E.
127 2735 153 2755 2.
167 2737 203 2756 m.

200 336 288 367 nostri
310 335 565 374 contemplatione,
583 331 732 369 specialiter
751 330 1004 367 commendatum,
1023 329 1117 359 eidem
1141 327 1259 365 Episco-

204 386 262 414 ΡΟ,
280 375 318 406 sic
334 375 456 405 indebite
468 371 618 409 oppresso,
635 369 671 399 de
683 369 782 399 salubri
798 370 830 398 δε
844 367 947 397 festino
962 367 1089 397 remedio
1104 366 1260 405 dignemini

201 413 369 452 providere,
384 414 416 444 δε
430 411 575 449 negotium
589 408 779 446 appellationis
794 405 936 443 praedi&ae
950 406 1046 436 vestio
1063 405 1186 435 examini
1200 404 1260 441 spe-

206 451 311 482 cialiter
324 452 470 482 reservare:
496 448 499 451 ’
743 483 748 488 ¹
794 483 799 488 .
933 482 938 487 .
1028 482 1033 487 ⁶
1162 482 1166 486 Ι

241 489 342 520 Diei-as
355 487 497 519 sententias
511 484 829 520 excommunicationis,
850 481 887 511 sic
899 491 991 511 minus
1013 482 1064 511 rit'c
1085 481 1261 518 fulminatas,

207 529 241 559 &
265 526 398 566 quicquid
420 534 470 564 per
498 523 667 561 praedicstum
688 520 943 557 Archiepiscopum
962 519 1042 549 estin
1058 518 1204 557 praemiffis
1218 519 1262 547 in-

202 565 277 604 juste
299 569 508 601 attemptatum,
528 561 546 590 si
565 561 673 598 placet,
691 567 880 595 revocanteS,
900 567 930 588 ut
952 558 990 588 sic
1009 565 1183 588 memoratus
1206 557 1262 586 Ar-

204 603 412 641 chiepiscopus,
431 610 480 637 per
494 598 594 630 vesti-ie
608 597 784 628 Beatitudinis
795 596 946 635 justitiam,
964 597 992 625 in
1008 595 1152 633 praemissis
1165 595 1261 624 sentiat

203 643 231 672 se
246 641 406 676 liberatum,
423 639 456 668 &e
471 638 600 675 praefatus
613 636 783 675 Episcopus,
801 634 960 665 nostrarum
974 633 1205 664 iiiterceslionum
1221 633 1263 662 in-

206 686 332 711 terventu
341 700 351 716 ,
369 676 442 715 apud
458 675 578 706 vestram
593 673 833 705 mansuetudinem
855 674 988 710 gratiam,
1000 674 1077 712 juitta
1090 672 1181 702 nostri
1193 670 1262 701 deii-

207 717 334 753 derium,
352 716 517 753 assequatur.

242 753 419 792 Conservet‚
437 754 498 784 &c.

241 830 311 862 Dat.
325 830 398 868 apud
411 828 538 859 Novum
555 826 688 857 Castrum
701 825 779 864 super
793 825 927 866 Tyriam,
946 826 1043 864 primo
1059 825 1105 856 die
1118 824 1201 856 Maii.

205 959 255 992 De
272 968 327 989 non
346 952 515 1000 infitltando
535 951 796 999 Archiepifiopum
814 950 1028 996 Eborizcenftm
1054 954 1084 984 in
1104 952 1266 996 'Comitem

681 1004 798 1035 Camir-

209 1087 344 1150 REX
363 1087 523 1119 Venerabili
547 1088 576 1117 in
597 1084 715 1117 Christo
738 1084 811 1117 Patri
835 1085 874 1116 R.
894 1084 994 1116 eadem
1017 1084 1102 1123 gratia
1117 1108 1126 1124 ‚
1144 1082 1267 1114 Archie-

290 1127 407 1165 piscopo
419 1126 625 1163 Cantuariensi,
644 1127 729 1155 totius
744 1125 856 1162 Angli-‚e
870 1124 1003 1161 Primati,
1021 1124 1143 1154 salutem.

246 1165 447 1196 Proficiscente
470 1174 558 1202 nuper
580 1163 741 1194 Venerabili
761 1163 843 1193 Patre
863 1163 916 1192 W.
939 1162 1164 1201 Archiepiscopo
1186 1160 1268 1191 Ebo-

209 1214 273 1234 rum
287 1227 297 1243 ,
316 1204 428 1243 Angliae
446 1204 464 1223 ἢ*
484 1202 608 1232 Primate
621 1224 631 1241 ,
650 1201 692 1231 ad
713 1201 883 1232 Concilium
905 1199 1047 1230 Generale
1062 1223 1072 1240 ,
1095 1202 1126 1231 in
1145 1200 1268 1239 partibus

209 1243 391 1273 transmarinis
411 1250 481 1272 tunc
504 1239 724 1281 celebrandum,
744 1241 777 1270 δε
796 1239 847 1270 sub
863 1239 958 1270 nostrii
980 1239 1203 1276 protectione&
1217 1238 1267 1268 sal-

210 1292 250 1311 vo
264 1280 410 1311 conductu
423 1280 495 1310 infra
507 1278 643 1318 Regnum
657 1277 785 1309 nostrum
800 1277 949 1316 existente,
965 1277 1056 1316 quida·
1096 1277 1268 1308 Malefacto-

211 1329 252 1349 res
275 1321 309 1350 &
331 1319 406 1357 pacis
427 1317 532 1348 nostrae
552 1317 755 1355 perturbatores
770 1341 779 1354 ,
798 1325 859 1347 non
880 1316 938 1346 line
959 1316 1050 1347 vestra
1089 1316 1214 1346 oluntate
1233 1316 1267 1346 sc

209 1357 359 1397 mandato,
378 1366 408 1388 ut
430 1355 632 1393 intelleximus,
650 1355 679 1385 in
701 1355 789 1393 ipsum
810 1354 1064 1392 Archiepiscopum
1079 1354 1212 1385 Eborum
1234 1356 1268 1385 &

209 1397 338 1427 homines
360 1396 439 1434 suos,
456 1395 554 1425 secum
573 1403 642 1424 tunc
665 1393 828 1432 existentes,
847 1395 876 1423 in
897 1394 1020 1431 partibus
1043 1393 1174 1431 Kantiae,
1192 1393 1268 1423 vi&

208 1436 292 1465 armis
313 1434 445 1466 insultum
464 1433 611 1470 fecerunt,
630 1433 663 1463 ὅτ.
687 1432 822 1471 quosdam
847 1431 883 1462 de
897 1432 1060 1462 hominibus
1074 1432 1123 1462 illis
1137 1433 1269 1462 verbera-

207 1481 327 1512 verunt,
346 1475 380 1505 Sc
405 1471 496 1503 eidem
518 1470 740 1508 Archiepiscopo
764 1470 896 1501 Eborum
918 1471 1044 1500 enormia
1064 1470 1270 1509 quamplurima

208 1512 378 1550 intulerunt,
397 1511 424 1540 in
446 1510 521 1548 pacis
542 1509 645 1540 nostrae
667 1509 829 1548 helionem,
847 1510 880 1540 ὃς
893 1509 1094 1547 praedistorum
1122 1509 1272 1547 Archiepi·

210 1551 289 1588 scopi
303 1550 453 1588 Eborum,
471 1549 504 1580 Sc
519 1549 672 1579 hominum
694 1548 809 1578 suorum
828 1547 984 1586 dampnum
999 1557 1058 1577 non
1074 1547 1224 1578 modicum
1237 1548 1271 1578 δε

232 1598 381 1627 ravamen,
399 1589 432 1619 ὅτ.
452 1596 551 1618 contra
570 1586 779 1624 protectionem
801 1588 835 1617 δε
855 1585 1034 1617 ςοηάυᾶυῐῃ
1054 1586 1166 1616 nostros
1180 1586 1273 1623 supra-

208 1597 301 1696 {idtos
316 1639 327 1665 3
345 1626 421 1657 unde
443 1625 648 1657 admirabamur
660 1649 671 1663 ,
688 1625 722 1656 &
744 1625 847 1656 fuimus
861 1647 872 1663 ,
894 1634 954 1655 non
974 1625 1110 1655 inmerito
1127 1648 1137 1662 ,
1155 1632 1273 1656 contur-

231 1674 277 1696 ati.

248 1703 331 1735 Ciitn
345 1702 437 1742 itaque
449 1701 578 1740 praefatus
592 1700 827 1742 Archiepiscopus
843 1700 974 1732 Eborum
996 1711 1012 1731 a
1031 1700 1111 1731 dieto
1136 1700 1273 1731 Concilio

214 1742 242 1772 in
257 1741 393 1781 Regnum
408 1740 538 1771 nostrum
554 1739 723 1778 praedictum
737 1740 769 1771 sit
782 1742 812 1770 in
826 1741 978 1779 proximo,
997 1748 1028 1770 ut
1041 1741 1272 1778 accepimus,re-

209 1780 352 1819 versurus,
370 1779 453 1810 vobis
467 1777 648 1817 mandamus,
664 1779 692 1808 in
707 1778 763 1809 fide
777 1780 810 1810 &
825 1779 994 1816 diletffione,
1014 1778 1114 1816 quibus
1128 1779 1211 1809 nobis
1231 1787 1274 1809 te-

208 1819 335 1857 nemini,
352 1818 386 1849 &
407 1817 457 1848 sub
476 1817 554 1857 gravi
574 1816 752 1848 forisfad'tura
771 1817 889 1848 firmiter
906 1818 1082 1854 inhibentes,
1099 1827 1135 1847 ne
1156 1817 1274 1854 praefato

208 1856 431 1897 Archiepiscopo
446 1855 596 1895 Eborum,
613 1856 643 1885 in
659 1855 805 1887 redeundo
821 1855 858 1886 de
874 1855 953 1886 die'to
967 1854 1106 1885 Concilio
1122 1855 1156 1885 ad
1172 1855 1275 1886 Eccle-

211 1895 278 1925 siam
290 1895 366 1926 suam
380 1895 510 1925 Eborum
519 1917 529 1933 ,
544 1903 590 1924 aut
603 1894 780 1932 hominibus,
797 1898 858 1925 non
872 1894 1011 1932 inferatis,
1020 1894 1064 1924 seu
1078 1904 1127 1932 per
1140 1894 1207 1924 alios
1214 1894 1274 1924 fieri

209 1935 366 1972 procuretis
379 1933 554 1972 dampnum,
571 1933 732 1972 violentias,
749 1933 988 1971 impedimentum
1003 1932 1133 1971 aliquod,
1147 1932 1197 1963 seu
1212 1941 1275 1972 gra-

212 1982 325 2003 vamen.

248 2010 282 2041 In
302 2011 354 2041 hac
378 2019 455 2048 parte
477 2010 566 2041 taliter
587 2021 640 2042 vos
661 2010 795 2041 habentes
809 2034 818 2048 ,
845 2009 922 2048 quod
945 2009 1057 2048 querela
1078 2009 1114 2040 de
1136 2010 1219 2040 vobis
1240 2009 1276 2040 ad

214 2058 268 2079 nos
287 2059 347 2082 non
368 2050 511 2087 perveniat
535 2059 569 2080 ex
592 2050 645 2080 hac
661 2049 760 2087 causa,
777 2059 828 2088 per
842 2048 921 2088 quod
933 2049 968 2079 ad
984 2059 1036 2081 vos
1050 2049 1171 2088 graviter
1185 2049 1277 2086 capia-

217 2096 288 2118 mus.

253 2161 344 2193 Teste
356 2163 440 2200 Rege
452 2164 526 2201 apud
542 2164 670 2194 Novum
684 2163 818 2193 Castrum
832 2163 913 2200 super
927 2161 1061 2201 Tyriam,
1082 2171 1107 2191 1.
1128 2159 1174 2191 die
1193 2159 1275 2191 Maii.

904 2240 959 2268 Per
971 2237 1052 2278 ipsum
1067 2239 1170 2275 Regem.

218 2379 310 2415 Bulla
320 2378 411 2424 strper
425 2375 608 2421 conceffi'one,
628 2378 718 2422 fassa
734 2377 886 2424 Hospitali
902 2378 1006 2410 Sentii
1033 2376 1189 2424 Johannis
1213 2378 1277 2425 Je-

429 2427 628 2477 rosblymitani
640 2453 649 2470 ,
673 2425 710 2459 de
729 2424 810 2459 bonis
827 2427 1075 2472 Templariorum-

285 2514 408 2545 Lerneiis
419 2509 601 2557 Episcopus,
616 2512 719 2544 Servus
737 2511 892 2543 Servorum
904 2511 980 2551 Dei,
998 2512 1032 2543 ad
1053 2520 1218 2551 perpetuam
1241 2512 1281 2543 rei

304 2562 471 2583 memoriam

265 2591 311 2622 Ad
323 2576 724 2630 providam’ChristiVicarii,
741 2588 910 2628 praefidentis
931 2588 961 2619 in
974 2589 1082 2627 specula
1105 2589 1283 2628 Apostolicae

227 2629 376 2670 Dignitatis
389 2654 398 2668 ,
425 2629 711 2667 circumspectionem
737 2629 856 2666 pertinet
877 2628 954 2659 vices
981 2628 1092 2668 pensare
1118 2637 1282 2667 temporum

227 2669 449 2708 emergentium,
469 2669 650 2708 negotiorum
669 2665 759 2697 causas
775 2666 929 2705 discutere,
945 2676 979 2697 ac
1004 2668 1184 2704 personarum
1195 2675 1285 2698 atteri-

229 2707 295 2738 dere
309 2707 464 2746 qualitates,
481 2715 512 2738 ut
524 2730 533 2745 ,
544 2707 579 2737 ad
591 2706 697 2744 singula
710 2705 839 2736 debitum
852 2705 973 2745 dirigens
985 2706 1144 2738 necessariae
1157 2706 1286 2737 conside-

230 2747 343 2777 rationis
364 2745 513 2783 intuitum,
528 2746 561 2776 ὃς
582 2752 732 2783 oportunae
749 2753 867 2774 manum
885 2745 1054 2784 operationis
1072 2754 1233 2786 apponens,
1252 2745 1287 2776 de

229 2794 300 2822 agno
316 2784 438 2815 Domini
450 2784 488 2814 sic
502 2784 638 2814 vitiorum
653 2782 771 2814 tribulos
785 2791 878 2820 eruat,
893 2792 926 2814 ut
940 2784 1055 2815 virtutes
1071 2783 1287 2822 amplificet3sic

232 2823 476 2861 praevaricantium
491 2821 578 2860 spinas
590 2821 686 2860 tollat,
704 2829 735 2852 ut
746 2821 894 2853 evellendo
907 2822 968 2860 plus
990 2822 1115 2862 placeat,
1133 2832 1219 2861 quam
1237 2822 1287 2853 de-

203 2897 214 2901 *
235 2861 335 2892 struat:
354 2862 402 2900 &,
418 2863 448 2891 in
466 2861 530 2891 loca
547 2867 653 2898 vacua,
672 2869 722 2898 per
744 2860 963 2891 eradicationem
983 2862 1149 2892 nocentium
1168 2861 1287 2892 tribulo-

235 2908 318 2937 rum,
334 2899 434 2930 devota
456 2899 525 2930 Deo
546 2899 674 2938 plantaria
695 2898 903 2938 transferendo,
919 2899 1064 2937 potiorem
1086 2900 1211 2938 praebeat
1224 2924 1233 2937 ,
1251 2899 1287 2930 de

233 2936 349 2974 provisi
367 2937 400 2967 ὃ(
418 2938 478 2968 utili
499 2937 667 2968 eorumdem
687 2937 823 2968 locorum
840 2939 947 2968 unione
961 2938 995 2969 ὃς
1007 2938 1200 2977 transsatione,
1215 2938 1287 2969 laeti-

232 2976 318 3019 tiam,
339 2980 423 3011 quam
443 2982 509 3019 vera
523 2976 643 3014 justitia,
663 2986 726 3014 quae
739 2976 964 3016 compassionem
978 2977 1078 3015 habet,
1096 2977 1229 3008 dolorem
1242 2978 1288 3006 iri-

233 3012 544 3057 tulerit'demerentium
559 3015 754 3052 personarum,
772 3015 904 3046 locorum
917 3015 1076 3054 hujusmodi
1091 3026 1140 3054 per
1161 3017 1287 3054 ruinam,

233 3051 272 3081 fic
292 3061 370 3082 enim
393 3050 555 3082 sufferendo
577 3051 655 3089 quod
675 3051 768 3083 officit
809 3055 843 3084 ὃς
863 3053 1043 3091 subrogando
1063 3054 1142 3093 quod
1161 3054 1288 3093 proficit,

234 3090 370 3134 virtutum
383 3086 527 3128 profestu‘s
541 3089 710 3129 amplificat,
726 3092 760 3122 δε
774 3075 878 3122 sublata
889 3092 927 3123 de
941 3091 1039 3123 medio
1052 3093 1169 3124 meliori
1188 3092 1289 3123 subro-

235 3136 348 3167 gatione
363 3128 499 3160 restaurat.

276 3165 397 3210 Dudum
409 3167 544 3206 siquidem
558 3166 688 3197 ordinem
703 3164 821 3198 Domus
835 3167 966 3206 Militiae,
984 3167 1102 3206 Templi
1113 3168 1289 3206 Jerosolimi·

238 3211 312 3248 tani,
326 3213 440 3249 propter
454 3205 626 3244 Magistrum
639 3207 674 3237 &
687 3206 810 3243 Fratres,
827 3207 994 3245 caeterasque
1011 3208 1138 3245 personas
1156 3207 1225 3239 dieti
1242 3218 1290 3238 or—

237 3242 327 3281 diniS,
344 3253 372 3274 in
396 3243 564 3282 quibussibet
584 3245 681 3275 mundi
703 3245 825 3283 partibus
838 3245 1036 3284 consistentes,
1054 3246 1135 3276 variis
1151 3247 1185 3277 &
1198 3246 1290 3278 diver-

237 3281 286 3319 fis,
304 3291 364 3323 riori
384 3282 442 3312 tarn
464 3282 588 3326 nefandis
601 3305 611 3322 ,
627 3283 714 3322 quam
733 3283 867 3323 infandis,
884 3284 962 3315 Proh
983 3283 1066 3315 dolor
1083 3284 1088 3314 ἱ
1105 3295 1233 3315 errorum
1255 3285 1289 3316 δε

235 3319 372 3350 scelerum
388 3320 604 3352 obscenitatibus
618 3345 628 3358 ,
654 3322 833 3359 pravitatibus
848 3346 858 3361 ,
883 3321 999 3353 maculis
1020 3323 1053 3354 &
1075 3322 1137 3353 labe
1157 3323 1289 3362 respersos

239 3359 336 3396 (quae,
352 3367 465 3402 propter
481 3358 590 3389 tristem
609 3361 642 3391 &
654 3359 812 3398 spurcidam
826 3371 927 3392 eorum
942 3362 1129 3400 memoriam,
1149 3361 1290 3400 praesenti-

237 3396 289 3427 bus
310 3397 490 3439 subticemus)
511 3397 688 3436 ejusdemque
708 3398 814 3429 ordinis
836 3399 939 3430 statum
953 3422 963 3438 ,
982 3400 1110 3430 habitum
1131 3409 1215 3439 atque
1238 3411 1291 3430 no-

239 3445 400 3504 gen,ssnon
411 3436 476 3465 'line
493 3434 584 3466 cordis
604 3437 805 3476 amaritudine,
823 3438 858 3469 &
880 3437 981 3469 dolore
995 3461 1005 3478 ,
1021 3436 1100 3469 sacro
1119 3440 1292 3477 approbante

269 3484 326 3504 one
347 3483 395 3512 io,

287 3511 386 3542 Non
411 3520 490 3542 PER
513 3520 664 3544 Monuit
689 3522 981 3546 n1FF1N1T1vAE
1005 3523 1268 3547 SENTENTIAE
1284 3540 1294 3555 ,

242 3559 312 3596 cuin
334 3560 397 3594 eam
416 3549 495 3588 super
515 3550 589 3589 hoc,
605 3551 761 3583 secundum
779 3553 970 3592 inquisitiones
990 3555 1023 3586 δε
1038 3554 1199 3592 processus,
1213 3554 1293 3592 super

246 3589 301 3619 hiis
318 3589 446 3627 habitos,
464 3597 535 3618 NON
555 3597 714 3621 rossanus
730 3600 843 3624 FERRE
863 3601 905 3623 Di:
923 3600 1030 3631 June,
1049 3601 1109 3623 sm·
1125 3601 1192 3624 PER
1205 3602 1292 3624 v1AM

243 3635 474 3672 PROVisroNis,
492 3635 548 3657 sau
570 3636 817 3661 ORDINATIONIS
837 3639 1069 3669 APosToLlcAE,

278 3665 462 3710 Irrefragabili
483 3666 516 3697 &
531 3668 665 3706 perpetuo
685 3667 800 3699 valitura
818 3667 995 3700 substulimus
1015 3669 1178 3708 sanctione,
1201 3670 1294 3708 ipsum

242 3704 434 3749 prohibitioni.
448 3714 588 3743 perpetuae
606 3704 805 3745 supponentes,
823 3706 974 3739 distriffius
997 3707 1154 3739 inhibendo
1177 3719 1214 3738 ne
1237 3710 1297 3747 quis

243 3742 354 3774 dietum
374 3742 522 3782 ordinem,
539 3742 575 3773 de
595 3751 715 3781 caeter0,
728 3745 830 3776 intrare
843 3769 853 3785 ‚
870 3746 917 3776 vel
938 3747 995 3784 ejus
1013 3746 1141 3777 habitum
1163 3747 1297 3785 suscipere

243 3781 293 3826 vel
313 3790 438 3819 portare,
456 3790 502 3811 aut
521 3791 574 3819 pro
595 3780 760 3818 Templario
782 3793 878 3821 gerere
894 3783 922 3814 se
937 3784 1116 3822 praesumeret
1131 3795 1138 3815 ε
1158 3786 1237 3824 quod
1252 3809 1261 3824 ,
1277 3786 1297 3816 si

244 3828 417 3888 qugcontra
430 3820 551 3859 faceret,
569 3821 871 3853 excommunicationis
886 3823 1041 3854 incurreret
1055 3824 1217 3855 sententiam
1236 3824 1294 3863 ipso

261 3868 276 3887 a
307 3869 336 3888 o.

262 3934 268 3940 ·
282 3895 423 3942 Universa
438 3898 522 3928 etiam
537 3898 615 3942 bona
634 3896 739 3941 ordinis
755 3897 886 3933 praelibati
902 3899 1078 3939 Apostolicae
1091 3899 1169 3931 Sedis
1190 3900 1302 3932 ordina-

247 3941 319 3978 tioni
332 3936 365 3966 Sc
384 3935 573 3974 dispositioni,
590 3936 752 3966 andlontate
773 3935 956 3977 Apostolica,
974 3939 1104 3970 duximus
1125 3939 1304 3978 reservanda,

248 3973 405 4016 inhibentes
426 3974 578 4004 districtius
597 3985 634 4005 ne
656 3975 734 4012 quis,
750 3973 949 4014 cujuscumque
971 3976 1144 4008 conditionis
1158 3978 1205 4009 vel
1218 3977 1304 4008 statiis

249 4010 393 4052 existeret,
409 4011 436 4045 se
457 4012 494 4044 de
516 4012 650 4053 personis*
660 4013 706 4046 vel
719 4013 801 4044 bonis
814 4012 972 4052 hujusmodi
984 4015 1147 4055 aliquatenus
1161 4017 1306 4050 innomin-

1298 326 1408 368 irritum
1429 326 1463 356 &
1484 327 1617 370 inane,'1i
1637 327 1714 358 secus
1727 338 1742 357 a
1757 337 1903 367 quoquam
1918 328 2035 359 scienter
2048 327 2093 359 vel
2110 327 2271 366 ignoranter
2284 336 2355 356 con-

1300 371 1421 399 tingeret
1436 371 1602 401 attemptari.
2301 396 2303 398 .

1337 401 1382 430 Ac
1404 401 1590 439 postmodum
1604 425 1613 440 ,
1633 412 1669 432 ne
1691 402 1764 433 dicia
1786 404 1859 435 bona
1874 428 1883 443 ,
1903 410 1967 442 quae
1987 403 2097 434 dudum
2113 426 2123 442 ,
2142 402 2177 433 ad
2197 401 2356 432 Subsidium

1302 437 1403 468 Terrae
1424 439 1539 483 §antii-ze
1562 442 1594 471 St
1616 442 1859 479 impugnationem
1881 443 2066 473 inimicorum
2080 442 2158 471 Fidei
2171 440 2358 477 Christianae,

1299 476 1333 506 &
1357 476 1465 520 Christi
1486 478 1640 521 cultoribus
1660 479 1739 516 data,
1757 480 1863 518 legata,
1882 479 2012 511 concessa
2031 482 2064 512 &
2085 479 2338 518 acquisitafuerunt

1298 515 1394 545 debita
1412 516 1620 559 gubernatione<
1634 518 1754 547 cai-entia
1766 541 1775 555 ,
1802 526 1936 555 tanquam
1960 519 2083 549 vacantia
2103 517 2284 555 deperirent,
2307 501 2357 547 vel

1298 562 1529 597 converterentur
1542 564 1570 583 iii
1585 558 1645 584 ulus
1659 556 1743 592 alios,
1762 557 1847 592 quani
1864 559 1891 585 in
1908 557 1967 586 illos
1982 558 2015 587 ad
2030 566 2101 595 quos
2112 557 2221 588 fuerant
2240 556 2284 592 pia
2307 554 2357 585 de⁴

1300 600 1419 634 votione
1433 591 1556 621 fidelium
1569 592 1712 630 deputata,
1733 594 1794 630 vel,
1812 603 1925 630 propter
1939 595 2094 625 tarditatem
2116 594 2297 625 ordinationis
2322 593 2356 623 &

1298 629 1485 666 dispolitioiiis
1510 631 1667 667 hujusmodi
1690 640 1791 660 eorum
1815 631 1967 671 destrudtio
1990 633 2033 663 vel
2060 633 2220 671 dilapidatio
2233 632 2359 669 sequere-

1300 675 1363 705 tur,
1380 677 1449 698 cum
1470 668 1611 698 Fratribus
1634 668 1735 698 nostris
1756 669 1867 698 Santftae
1888 669 2029 700 Romame
2051 671 2187 702 Ecclesia:
2202 669 2359 700 Cardinali-

1301 704 1371 743 buS,
1387 715 1502 749 necnon
1525 707 1705 745 Patriaicliis,
1724 707 1968 744 Areliiepiscopis‚
1986 708 2146 747 Episcopis,
2163 710 2197 741 δε
2217 708 2361 745 Praelarts,

1301 753 1334 774 ac
1357 753 1440 774 etiam
1461 754 1529 775 cum
1552 745 1695 774 nonnullis
1709 745 1906 774 excellentibus
1919 748 1951 775 δε
1964 746 2112 777 illustribus
2128 748 2268 785 Personis,
2289 755 2359 776 cum

1301 783 1476 820 reliquorum
1492 793 1606 821 quoque
1618 783 1771 823 absentium
1786 782 1988 821 Praeiatorum,
2006 793 2038 813 ac
2054 786 2137 815 etiam
2159 785 2361 824 Capitiilorurn

1303 820 1336 850 &
1352 822 1560 852 Conventuum
1576 821 1780 858 hccieii'ariini,
1800 822 1832 851 &
1849 821 2090 851 monasteriorum
2112 823 2341 854 Procuratoribus
2349 846 2363 861 ,-

1303 859 1332 888 in
1348 859 1427 901 didio
1441 859 1576 890 Concilio
1593 859 1767 897 constitutis,
1785 859 1933 889 habuimus
1948 859 2047 897 ardua,
2066 862 2192 900 morosa,
2209 864 2241 892 ὃ(
2255 861 2361 892 diversa

1303 898 1418 927 coniilia
1434 898 1467 928 ὃ(
1480 899 1667 935 ῖωέὶατυε,υῑ
1679 920 1688 935 ,
1707 908 1756 934 per
1773 897 1930 931 huiusmodi
1947 898 2127 927 consiliorum
2144 901 2176 929 ὃς
2193 900 2359 930 tractatuum

1303 935 1533 966 deliberationem
1548 936 1768 976 praeliabitorum
1782 935 1961 974 diligentem,
1979 936 2123 965 diciorum
2137 937 2279 967 bonorum
2299 937 2359 967 Or-

1303 973 1410 1004 dinatio
1424 976 1457 1004 &
1473 974 1646 1012 Dispositio,
1664 974 1697 1004 ad
1715 974 1857 1004 honorem
1879 974 1953 1011 Dei,
1971 983 2154 1013 augmentum
2177 975 2270 1012 Fidei,
2289 976 2361 1005 exal-

1304 1013 1441 1043 tationem
1457 1012 1609 1050 Eccleliae,
1627 1013 1714 1043 dietae
1727 1013 1825 1043 Terrae
1839 1012 1987 1042 subsidium
1998 1036 2007 1049 ,
2024 1013 2140 1042 salutern
2162 1022 2274 1050 quoquc
2293 1014 2361 1044 side-

1304 1050 1392 1089 lium,
1411 1053 1444 1082 &
1459 1052 1584 1089 quietem
1598 1051 1706 1081 salubris
1723 1052 1755 1081 &
1770 1050 1841 1081 utilis
1857 1052 2033 1088 proveniret:

1341 1088 1412 1119 Post
1429 1099 1506 1128 quae,
1525 1091 1621 1127 utique
1633 1089 1718 1128 longa
1732 1088 1936 1127 praemeditata,
1956 1089 2077 1126 provisa,
2095 1090 2129 1119 δε
2144 1095 2248 1118 matura
2269 1090 2360 1120 consi-

1305 1127 1357 1165 lia,
1377 1127 1550 1158 suadentibus
1564 1129 1690 1165 plurimis
1699 1126 1778 1166 justis
1793 1127 1897 1164 causis,
1916 1128 2009 1157 nostra
2023 1128 2055 1157 δε
2072 1127 2216 1157 dictorum
2226 1127 2363 1166 Fratrum,

1306 1176 1422 1196 necnon
1446 1165 1686 1204 Patriarcharum,
1705 1166 1991 1204 Archiepiscoporum
2008 1189 2018 1203 ,
2036 1165 2242 1205 Episcoporum
2260 1189 2269 1202 ,
2287 1166 2319 1195 &
2338 1176 2367 1195 a-

1305 1204 1411 1234 liorum
1428 1204 1670 1243 Praelatoruin,ac
1684 1204 1880 1234 excellentium
1895 1204 1929 1233 &
1942 1203 2091 1234 illustrium
2104 1203 2287 1233 Personarum
2294 1212 2365 1240 prae-

1305 1243 1467 1281 dictorum,
1484 1244 1514 1273 in
1538 1243 1618 1274 dieto
1638 1242 1776 1273 Concilio
1800 1250 1869 1273 tunc
1885 1242 2081 1280 praesentium,
2100 1241 2312 1272 deliberationes
2328 1242 2361 1272 &

1307 1282 1423 1312 consilia
1439 1283 1468 1312 in
1483 1282 1541 1312 hoc
1557 1281 1675 1312 finaliter
1689 1281 1859 1320 residerunt3

1345 1318 1404 1350 UT
1424 1329 1603 1351 PRAED1cTA
1624 1328 1711 1350 BONA
1730 1327 1854 1349 ORDINI
1882 1327 2076 1348 HosP1TALrs
2102 1326 2219 1348 SANCTI
2243 1326 2366 1357 jonati-

1308 1367 1362 1389 Nis
1378 1366 1690 1398 JERosoLrMiTAm,
1708 1358 1741 1388 &
1758 1358 1808 1395 ipsi
1823 1357 1976 1395 Hospitali,
1993 1367 2026 1386 ac
2044 1357 2152 1387 dileffls
2170 1356 2243 1385 Fil'iis
2299 1356 2366 1386 Ma·-

1308 1397 1397 1436 gistro
1419 1398 1452 1428 &
1477 1397 1615 1428 Fratribus
1636 1396 1787 1434 Hospitalis
1802 1396 1924 1435 ejusdem
1934 1418 1943 1434 ,
1960 1397 2078 1425 nornine
2094 1394 2245 1431 Hospitalis
2260 1396 2292 1424 ὃς
2307 1394 2366 1424 Or-

1309 1437 1380 1466 dinis
1393 1436 1578 1475 eorumdem,
1595 1437 1660 1473 qui,
1678 1443 1824 1473 tamquam
1844 1434 1953 1465 athleta:
1975 1434 2117 1470 Domini,
2133 1443 2186 1470 pro
2208 1432 2369 1464 defensione

1310 1474 1388 1505 Fidei
1400 1474 1427 1504 se
1443 1474 1570 1511 periculis
1585 1474 1683 1504 mortis
1692 1474 1799 1511 jugiter
1812 1481 1998 1511 exponentes,
2018 1472 2135 1503 onerosa
2151 1472 2234 1501 nimis
2250 1472 2283 1502 δε
2298 1474 2368 1508 peri-

1310 1513 1403 1544 culosa
1417 1512 1557 1557 dispendia
1575 1514 1711 1543 continue
1727 1512 1871 1550 perferunt
1884 1513 1914 1541 in
1928 1512 2051 1549 partibus
2066 1510 2368 1548 transmarinis,inper-

1310 1560 1427 1590 petuum
1442 1559 1594 1581 unirentur.

1347 1589 1416 1620 Nos
1430 1590 1530 1629 igitur,
1549 1591 1619 1620 inter
1636 1597 1736 1619 caetera
1751 1588 1850 1618 mundi
1865 1588 1945 1625 loca,
1962 1588 1991 1618 in
2013 1588 2113 1626 quibus
2133 1589 2161 1619 vi
2182 1597 2229 1618 ere
2247 1587 2369 1618 dinosci->

1311 1636 1356 1659 tur
1375 1629 1551 1659 observantia
1570 1627 1699 1667 regularis
1712 1651 1722 1665 ,
1754 1627 1864 1657 didium
1883 1626 2025 1656 Ordinem
2044 1626 2163 1664 Hospita
2175 1628 2197 1657 is
2221 1628 2255 1658 &
2275 1626 2367 1664 ipsum

1310 1666 1458 1705 Hospitale
1473 1667 1586 1697 sincerae
1601 1667 1718 1696 caritatis
1734 1665 1907 1704 plenitudine
1918 1665 2129 1702 prosequentes:
2149 1675 2183 1696 ac
2197 1666 2370 1696 attendentes

1312 1705 1405 1744 quod,
1425 1705 1493 1736 sicut
1509 1705 1648 1737 evidentia
1659 1704 1726 1734 fac‘ti
1742 1704 1844 1741 docet,
1863 1705 1891 1733 in
1906 1713 1942 1733 eo
1958 1703 2060 1734 divinis
2073 1703 2212 1742 obsequiis
2227 1704 2369 1734 ferventer

1311 1744 1460 1782 insistitur,
1479 1745 1584 1782 pietatis
1608 1743 1641 1773 ὃς
1661 1742 1858 1772 misericordiae
1879 1751 1965 1779 opera
1986 1741 2163 1781 vigilantibus
2184 1741 2279 1772 studiis
2293 1751 2373 1772 exer-

1311 1790 1429 1821 centur,
1449 1783 1554 1813 Fratres
1578 1781 1729 1819 Hospitalis
1750 1780 1848 1820 ipsius,
1866 1780 2014 1810 mundanis
2036 1780 2129 1818 spretis
2151 1780 2305 1817 illecebris,
2323 1779 2374 1810 de*

1311 1830 1413 1852 votum
1429 1821 1622 1858 impendentes
1629 1819 1770 1850 Altiffimo
1783 1818 2003 1856 famulatum,ac
2016 1828 2070 1856 pro
2083 1820 2294 1856 recuperatione
2300 1819 2376 1848 Ter-

1313 1871 1352 1890 rae
1365 1860 1527 1898 praedicffse,
1545 1868 1678 1896 tanquam
1693 1857 1823 1897 intrepidi
1839 1857 1944 1887 Christi
1960 1857 2079 1896 pugiles,
2095 1857 2267 1888 ferventibus
2280 1857 2377 1887 studiis

1313 1899 1348 1929 δε
1364 1898 1501 1929 desideriis
1517 1897 1709 1935 intendentes,
1726 1896 1858 1934 quaelibet
1872 1896 1981 1926 ducunt
1993 1897 2115 1926 humana
2124 1896 2247 1933 pericula
2261 1897 2289 1926 in
2302 1905 2375 1926 con-

1313 1944 1474 1974 temptum:
1495 1935 1712 1967 Considerantes
1726 1944 1843 1973 quoque
1855 1933 1932 1972 quod
1956 1943 1989 1964 ex
2013 1934 2089 1973 hoc,
2107 1942 2186 1965 tanto
2205 1934 2374 1965 eorumdem

1315 1975 1447 2015 Magistri
1467 1976 1500 2006 δε
1522 1975 1651 2005 Fratrum
1674 1973 1819 2004 dierorum
1839 1972 1945 2003 ordinis
1967 1974 2000 2004 δε
2022 1972 2174 2010 Hospitalis
2188 1974 2291 2003 crescet
2306 1972 2377 2002 stre-³

1314 2016 1418 2053 nuitas,
1436 2015 1601 2044 animorum
1617 2012 1712 2043 fervor
1730 2012 1893 2050 augebitur,
1910 2011 1943 2040 &
1957 2011 2082 2049 ipsorum
2098 2012 2276 2041 roborabitur
2291 2012 2375 2041 forti-

1314 2052 1400 2090 tudo,
1417 2052 1451 2082 ad
1465 2051 1660 2089 propulsandas
1670 2049 1758 2080 nostri
1775 2048 1977 2086 Redemptoris
1990 2049 2116 2087 injurias,
2133 2050 2167 2079 &
2189 2049 2283 2079 hostes
2302 2050 2375 2087 ejus-⁴

1312 2091 1379 2120 dem
1403 2090 1467 2120 fidei
1489 2088 1693 2126 conterendos,
1712 2096 1837 2126 quanto,
1855 2089 1980 2124 ipsorum
2000 2087 2144 2125 potentia,
2163 2088 2192 2116 in
2213 2087 2374 2124 opulentio-v

1313 2130 1387 2159 ribus
1399 2128 1574 2158 facultatibus
1587 2125 1786 2163 augmentata,
1804 2135 1909 2163 onera,
1926 2135 1991 2163 quae
2013 2125 2214 2162 prosecutionis
2236 2127 2304 2156 tanti
2323 2135 2375 2156 ne-

1314 2167 1387 2204 gotii
1409 2165 1553 2197 neceffitas
1575 2166 1681 2204 exigit,
1699 2165 1787 2195 levitis
1807 2164 1840 2194 δε
1864 2163 1970 2193 facilius
1986 2172 2119 2205 poterunt
2138 2164 2298 2203 supportare
2311 2186 2321 2200 ,
2338 2165 2373 2195 &

1313 2215 1367 2244 pro
1387 2213 1460 2235 terea
1473 2215 1532 2235 non
1546 2204 1662 2241 indigne
1675 2203 1773 2241 vigiles
1791 2201 1898 2240 reddit,
1916 2201 2065 2240 studiiique
2078 2202 2199 2233 sollicitis
2211 2203 2377 2241 excitarint,

1316 2245 1350 2274 ad
1381 2244 1411 2274 ‘ui
1434 2243 1521 2274 statiis
1537 2250 1722 2281 augmentum
1728 2264 1738 2280 ,
1755 2251 1844 2279 opem
1863 2242 1896 2272 ὃς
1913 2249 2030 2278 operam
2044 2241 2256 2279 impendamus,
2273 2240 2378 2271 eodem

1316 2283 1396 2313 sacro
1410 2283 1583 2320 appiobante
1597 2280 1734 2310 Concilio
1743 2303 1752 2316 ,

1352 2320 1445 2358 Ipsam
1459 2320 1596 2350 Domum
1611 2318 1724 2350 Militi-se
1738 2317 1816 2348 Tem
1837 2317 1873 2354 li,
1891 2315 2060 2354 caeterasque
2074 2315 2209 2356 Domos,
2227 2316 2375 2356 Ecclesias,

1315 2358 1460 2397 Capellas,
1475 2357 1626 2394 Oratoria,
1645 2355 1798 2394 Civitates,
1816 2327 1932 2393 Castra,
1951 2353 2054 2393 Villas,
2072 2354 2178 2386 Terras
2191 2379 2201 2393 ,
2220 2355 2376 2395 Grangias‚

1317 2399 1351 2429 &
1366 2397 1465 2436 Loca,
1482 2395 1684 2433 Poffeffiones,
1699 2394 1923 2434 JurisdiCtioneS,
1941 2392 2098 2432 Redditus,
2116 2402 2200 2432 atque
2207 2393 2292 2432 Jura,
2312 2403 2379 2424 orn-

1317 2437 1420 2474 niaque
1439 2437 1489 2466 alia
1509 2435 1606 2472 Bona,
1624 2433 1804 2471 Immobilia,
1821 2433 1855 2463 &
1871 2431 2014 2471 Mobilia,
2032 2432 2079 2464 vel
2090 2433 2117 2463 se
2131 2434 2292 2470 moventia,
2310 2442 2379 2463 cum

1317 2475 1453 2505 omnibus
1474 2474 1618 2504 Membris
1631 2497 1641 2511 ,
1656 2472 1769 2511 Juribus
1785 2495 1795 2510 ,
1813 2471 1846 2503 &
1867 2469 2046 2501 Pertinentiis
2066 2471 2116 2501 suis
2130 2493 2140 2509 ,
2168 2470 2237 2502 ultra
2258 2473 2291 2503 &
2312 2471 2381 2502 citra

1319 2513 1422 2551 Mare,
1439 2523 1472 2544 ac
1493 2514 1521 2542 in
1541 2511 1671 2542 universis
1693 2512 1727 2541 ὃς
1750 2509 1918 2548 quibussibet
1932 2509 2032 2539 mundi
2048 2511 2170 2548 partibus
2186 2509 2381 2547 consistentia,

1319 2562 1385 2590 quae
1405 2552 1462 2591 ipse
1483 2551 1569 2581 Ordo
1591 2550 1623 2580 &
1640 2549 1709 2579 dieti
1724 2548 1853 2587 Magistri
1868 2548 1901 2578 &
1915 2547 2020 2577 Fratres
2036 2547 2116 2584 ipsius
2130 2547 2249 2579 Ordinis
2263 2547 2380 2579 Militiae

1323 2589 1461 2628 Templi,
1479 2597 1611 2627 tempore
1625 2598 1685 2626 quo
1695 2589 1752 2628 ipse
1768 2586 1910 2623 Magister
1923 2586 1957 2616 &
1975 2586 2103 2616 nonnulli
2117 2595 2151 2616 ex
2164 2585 2267 2617 eisdem
2281 2586 2381 2617 Fratri-

1319 2630 1371 2659 bus
1385 2628 1500 2659 Militiae
1518 2627 1635 2667 Templi
1648 2628 1676 2656 in
1691 2626 1797 2664 Regno
1811 2625 1834 2655 F
1836 2627 1937 2656 ranciae
1951 2625 2145 2656 communiter
2161 2626 2237 2663 capti
2250 2625 2364 2656 fuerunt

1322 2667 1457 2698 videlicet
1470 2690 1480 2706 ,
1498 2676 1575 2696 anno
1598 2666 1722 2696 Domini
1745 2664 1896 2694 milleIimo
1917 2663 2113 2694 trecentesimo
2134 2663 2258 2701 offitavo,
2278 2663 2352 2693 Men
2364 2671 2382 2693 e

1325 2706 1463 2736 Offobris
1476 2730 1485 2743 ,
1504 2715 1552 2744 per
1570 2705 1597 2735 se
1612 2728 1622 2742 ,
1640 2704 1685 2735 vel
1704 2703 1898 2742 quoscumque
1917 2702 1984 2731 alios
2004 2701 2144 2732 habebant
2178 2703 2329 2740 tenebant,
2346 2702 2382 2733 &

1322 2745 1516 2783 possidebant,
1534 2743 1580 2775 vel
1592 2743 1627 2773 ad
1640 2742 1755 2773 eosdem
1769 2741 1903 2771 Domum
1916 2741 1949 2771 &
1962 2739 2104 2770 Ordinem
2119 2725 2234 2770 M'ilitiae
2248 2740 2382 2779 Templi,

1323 2785 1358 2816 δε
1379 2783 1470 2814 ἀίέὶοε
1488 2781 1660 2822 Magistrum
1681 2781 1713 2812 &
1735 2780 1841 2810 Fratres
1862 2779 1944 2817 ipsius
1962 2778 2078 2809 Ordinis
2103 2778 2217 2809 Militiae
2240 2778 2382 2817 Templi,

1324 2821 1543 2861 quomodolibet
1565 2820 1753 2859 pertinebant:
1792 2818 1924 2849 Necnon
1942 2818 2076 2855 nomina,
2093 2817 2235 2856 actiones,
2252 2817 2285 2848 &
2309 2818 2382 2855 ‘ura‚

1326 2871 1392 2900 quae
1413 2860 1550 2898 praedicto
1569 2868 1700 2896 tempore
1717 2858 1853 2895 captionis
1868 2856 1992 2894 ipsorum
2007 2855 2128 2894 eisdem,
2144 2855 2277 2894 Domui,
2327 2854 2385 2885 rai-

1324 2901 1372 2939 ni,
1390 2900 1436 2930 vel
1458 2898 1586 2928 Personis
1608 2897 1689 2935 ipsius
1713 2895 1830 2926 Ordinis
1843 2895 1958 2926 Militiae
1975 2894 2094 2932 Templi
2105 2904 2278 2932 quocunque
2292 2894 2384 2924 modo

1324 2937 1526 2976 competebant
1540 2959 1551 2975 ,
1567 2936 1614 2966 vel
1635 2943 1800 2974 competere
1819 2940 1972 2974 poterant,
1989 2942 2088 2964 contra
2109 2932 2293 2971 quoscunque
2304 2955 2314 2970 ‚
2331 2942 2383 2963 cu-

1321 2977 1479 3015 juscunque
1502 2975 1669 3015 Dignitatis,
1685 2973 1770 3005 status
1788 2975 1834 3004 vel
1855 2971 2027 3003 conditionis
2049 2971 2216 3009 existerent,
2234 2981 2302 3002 cum
2317 2980 2383 3001 orn-

1324 3016 1407 3046 nibus
1427 3014 1580 3053 Privilegiis
1593 3036 1603 3051 ,
1627 3013 1804 3052 indulgentiis
1820 3034 1829 3050 ,
1851 3010 2078 3041 Immiinitatibus
2091 3035 2100 3048 ,
2118 3010 2152 3041 &
2174 3009 2383 3047 Libertatibus,

1325 3054 1426 3092 quibus
1446 3053 1552 3092 praefati
1571 3051 1701 3089 Magistri
1721 3052 1754 3082 δε
1775 3050 1881 3081 Fratres
1900 3049 2045 3079 dierorum
2068 3047 2201 3087 Domus,
2219 3049 2252 3080 &
2268 3046 2384 3077 Ordinis

1325 3092 1441 3123 Militiae
1466 3090 1600 3129 Templi,
1619 3091 1653 3121 &
1673 3089 1728 3128 ipsa
1749 3089 1882 3126 Domus,
1900 3089 1933 3119 &
1954 3087 2038 3117 Ordo
2052 3097 2102 3124 per
2117 3086 2221 3117 Sedem
2237 3084 2384 3123 Apostoli*

1325 3141 1408 3169 cam,
1426 3130 1471 3161 vel
1488 3139 1536 3168 per
1548 3129 1714 3160 Catholicos
1726 3128 1744 3148 ²¹²
1765 3127 1968 3165 Imperatores,
1986 3125 2097 3164 Reges,
2115 3126 2149 3155 &
2169 3125 2330 3162 Principes,
2349 3124 2383 3154 &

1329 3169 1437 3200 Fideles
1459 3169 1543 3206 alios,
1563 3167 1608 3198 vel
1628 3176 1801 3206 quocunque
1822 3166 1876 3196 alio
1899 3167 2006 3201 modo,
2024 3172 2100 3194 erant
2112 3163 2236 3201 legitime
2251 3171 2384 3193 commu-

1327 3209 1396 3247 niti,
1414 3207 1508 3238 eidem
1530 3206 1635 3236 Ordini
1657 3205 1807 3243 Hospitalis
1827 3203 1922 3234 Sancti
1941 3202 2078 3241 Johannis
2092 3201 2331 3245 jerosolimitani,
2349 3201 2384 3232 δε

1326 3247 1375 3284 ipsi
1390 3246 1530 3284 Hospitali
1541 3244 1699 3283 donamus,
1717 3242 1925 3280 concedimus,
1943 3242 2073 3278 unimus,
2089 3248 2320 3280 incorporamus,
2334 3248 2385 3282 ap-

1327 3286 1462 3323 plicamus
1481 3285 1514 3316 &
1537 3283 1713 3314 annesftinius
1733 3284 1762 3313 in
1785 3289 1954 3320 perpetuum
1973 3279 2009 3309 de
2028 3278 2202 3317 Apostolicae
2212 3276 2386 3317 plenitudine

1420 3333 1434 3352 a
1456 3333 1483 3352 s:
2386 3345 2389 3347 .

1327 3323 1496 3399 poffffcdptis
1517 3360 1598 3391 bonis
1619 3358 1767 3397 quondam
1787 3357 1856 3389 dieti
1877 3356 1992 3386 Ordinis
2011 3355 2091 3394 ipsius
2111 3350 2383 3397 Militiae-Templi,

1329 3400 1541 3431 consistentibus
1563 3400 1592 3429 in
1614 3398 1722 3429 Reunis
1742 3399 1775 3428 δι’
1799 3397 1895 3427 Terris
1906 3393 2112 3426 cariffimorum
2127 3395 2156 3422 in
2170 3391 2284 3422 Christo
2299 3390 2387 3421 Filio·-

1330 3449 1395 3469 rum
1410 3438 1574 3469 nostrorum
1649 3422 1798 3474 Castellae,
1871 3434 2035 3473 Aragoniae,
2109 3430 2295 3473 Portugaliae,
2313 3430 2347 3461 ὃς
2384 3452 2385 3455 ,

1331 3477 1535 3516 Majoricarum
1556 3476 1672 3515 Regum
1695 3474 1859 3511 illustrium,
1879 3482 1954 3515 extra
1975 3471 2109 3515 Regnum
2125 3468 2273 3512 ‘FranCiae3
2291 3476 2356 3512 quae
2369 3475 2386 3499 a

1331 3516 1500 3552 donatione,
1519 3516 1552 3546 &
1566 3515 1723 3545 annexione
1737 3512 1890 3550 praediistis,
1908 3509 2057 3552 specialiter
2071 3506 2233 3550 erreipienda
2245 3505 2388 3551 duxu‘riuS,

1332 3564 1365 3584 ac
1383 3555 1467 3585 etiam
1487 3552 1674 3583 excludenda:
1711 3551 1751 3583 Ea
1771 3551 1971 3581 nichilominus
1982 3545 2152 3584 dispositioni
2167 3545 2201 3577 &
2215 3544 2386 3576 ordinationi

1332 3593 1410 3624 Sedis
1427 3591 1604 3631 Apostolicae
1617 3591 1792 3622 reservantes.

1370 3631 1573 3662 Inhibitioneni
1593 3629 1703 3660 dudum
1720 3653 1729 3666 ,
1754 3637 1802 3665 per
1823 3625 1888 3656 alios
1907 3621 2048 3662 processus
2069 3619 2183 3666 nostros
2204 3621 2307 3652 fastam
2322 3643 2332 3660 ‚
2348 3628 2387 3651 ne

1334 3672 1395 3709 quis
1409 3670 1542 3701 videlicet
1555 3669 1758 3707 cujuscumque
1773 3663 1958 3699 conditionis,
1968 3660 2021 3704 *vel
2036 3659 2121 3704 statiis
2141 3659 2287 3704 existeret,
2303 3660 2330 3690 se
2349 3660 2388 3690 de

1333 3709 1457 3746 personis
1469 3710 1502 3739 ὃς
1518 3707 1599 3738 bonis
1612 3705 1768 3744 hujusmodi
1783 3703 1952 3737 aliquatenus
1966 3707 2182 3738 intronutteret,
2199 3699 2244 3729 vel
2263 3708 2337 3730 circa
2354 3708 2388 3729 ea

1334 3749 1364 3777 in
1389 3746 1584 3785 praejudicium
1606 3742 1797 3774 Ordiiiationis
1816 3741 1861 3769 seu
1883 3738 2077 3776 Dispositionis
2096 3736 2175 3767 Sedis
2188 3737 2328 3776 ejusdem,
2346 3737 2388 3767 fa-

1335 3785 1444 3816 ciendae
1465 3785 1502 3814 de
1523 3784 1574 3813 illis
1586 3805 1596 3820 ,
1621 3790 1734 3812 necnon
1755 3778 1859 3808 decreti
1878 3777 1968 3809 nostri
1989 3775 2229 3813 interpositionem
2242 3799 2253 3814 ,
2272 3785 2331 3814 quo
2351 3772 2389 3805 ad

1336 3823 1462 3862 personas
1484 3823 1518 3853 ὃς
1539 3823 1632 3858 bona,
1650 3822 1678 3848 in
1700 3818 1781 3848 dietis
1802 3816 1912 3853 Regnis
1928 3817 1962 3847 &
1977 3815 2073 3845 Terris
2085 3815 2253 3845 eorumdem
2268 3814 2388 3850 Regum

1335 3863 1470 3902 proximo
1491 3859 1682 3897 expressorum
1702 3854 1881 3887 consistentia
1893 3877 1903 3893 ,
1934 3855 2057 3884 omnino
2078 3862 2193 3884 manere
2207 3852 2334 3883 volentes
2360 3853 2390 3881 in

1337 3901 1425 3939 pleno
1444 3899 1549 3929 robore
1568 3896 1721 3932 firmitatis,
1752 3894 1899 3932 quousque
1916 3892 1953 3923 de
1981 3892 2104 3930 perspnis
2125 3893 2159 3923 &
2187 3892 2269 3922 rebus
2290 3889 2391 3929 praedi·

1338 3940 1407 3976 etis,
1426 3939 1454 3968 in
1468 3936 1570 3967 eisdem
1585 3935 1696 3972 Regnis
1708 3934 1742 3965 ὃς
1757 3933 1854 3977 Terris
1867 3931 2097 3968 consistentibus,
2114 3940 2164 3969 per
2183 3929 2392 3968 dispositionem

1340 3976 1421 4010 Sedis
1438 3975 1558 4014 ejusdem
1571 3973 1653 4004 fuerit
1666 3973 1744 4003 aliter
1758 3971 1929 4003 ordinatum.

1379 4015 1576 4053 Occupatores
1595 4021 1710 4052 quoque
1730 4011 1877 4080 &6³:0er
1895 4009 2060 4048 bonorum,
2071 4016 2118 4041 aut
2137 4006 2249 4040 illicitos
2263 4004 2393 4071 demite?

1866 4057 1881 4089 3
2385 4062 2396 4078 3

2374 330 2386 342 ·⁵
2407 323 2461 357 iii.

2376 374 2438 400 324.

2400 3125 2416 3142 *⁸
2433 3122 2490 3153 111³*

2402 3172 2466 3201 3250
