2562 4279
731 185 844 227 ET
929 183 1199 224 ACTA

28 266 104 298 Arm·
115 263 156 295 D·
174 281 275 303 eorum
297 272 441 304 dese-stum
452 296 461 310 ,
480 273 581 303 Terras
599 272 632 303 δε
652 271 833 301 Tenementa
853 269 897 299 illa
908 270 938 313 in
956 267 1081 313 Manum
1095 268 1171 299 suam
1189 277 1236 298 ca-

53 311 136 343 1331.
172 312 245 349 piet,
264 312 297 342 ὃ(
311 312 347 342 (16
360 311 506 342 sufficienti
521 309 660 341 Custodia
674 309 840 339 eorumdem
852 308 1000 354 ordinabit.
1047 345 1051 351 ³
1068 345 1073 351 ·
1120 345 1124 350 ι

26 345 92 372 Edv·
114 350 140 378 3·
212 348 318 388 ITEM,
333 352 414 388 quod
436 350 542 380 Nullus
579 349 780 387 cujuscumque
797 347 882 377 status
900 346 946 376 seu
966 345 1156 389 conditionis,
1176 353 1237 374 rna-

174 395 321 427 nuteneat,
339 389 451 425 foveat,
471 398 524 417 nec
539 372 687 424 defendat,
707 384 951 422 Hibernicos‚seu
964 383 1051 413 alium
1065 392 1236 426 quemcum-

173 436 250 465 que,
268 431 368 463 contra
382 426 487 457 Pacem
502 425 628 455 Domini
642 425 729 464 Regis
749 424 957 460 Insurgentem3
976 422 1026 458 &,
1043 421 1063 451 si
1081 422 1177 459 aliquis
1200 423 1237 450 116

175 465 290 503 fecerit,
308 466 341 496 ὃ(
354 465 421 495 inde
436 464 586 496 convictus
603 464 701 501 fuerit,
718 473 771 500 pro
785 462 890 492 Felone
903 460 1044 490 habeatur.

216 502 251 533 In
266 504 363 542 cujus,
381 504 443 534 &c.

216 579 306 611 Teste
319 579 400 620 Rege
412 578 485 616 apud
498 577 674 617 Croyndon,
692 577 774 608 tertio
789 575 836 605 die
850 574 957 605 Martii.

657 655 711 683 Per
723 652 804 691 ipsim
818 653 914 688 Regem
928 649 966 686 (θ’
981 649 1133 680 Concilium.

454 795 504 827 De
522 778 723 836 Rffltmptione
744 787 964 832 Conceffionum.

29 869 108 902 Ann.
121 868 166 899 D.

57 917 143 947 1331.

29 951 83 977 Aa.
101 957 129 984 5.

28 991 59 1014 E.
81 996 94 1024 3

28 1027 83 1053 Fin.

246 878 305 910 EX
341 877 449 909 (11166115
462 876 495 907 &
508 873 650 905 Fidelibus
663 873 731 912 suis,
753 873 882 905 Antonio
895 874 931 904 de
945 874 1047 914 Lucy,
1061 874 1223 913 Justiciario
1232 898 1243 914 ,

187 879 243 934 R
268 902 339 948 Ad3ae
360 916 396 947 de
417 912 580 954 Lymbergh
594 936 604 950 ,
627 910 809 943 Cancellario
823 937 833 951 ,
859 914 893 944 ὃς
912 913 1042 943 Thornae
1061 913 1098 944 de
1118 913 1215 951 Burgh
1232 937 1242 952 ,

183 952 383 991 Thesaurario,
398 951 449 983 suis
462 951 627 988 Hiberniae‚
643 950 777 981 Salutem.
1111 990 1116 996 ι

223 992 300 1032 Quia
311 993 341 1022 in
353 988 541 1022 Parliamento
556 988 673 1027 nostr0,
691 1000 780 1030 nuper
793 989 866 1026 apud
878 989 1168 1034 Westmonasterium
1181 998 1243 1020 ten-

183 1037 214 1061 to
228 1053 239 1070 ,
261 1040 312 1075 per
330 1039 383 1077 nos
396 1028 578 1077 ,-Praelatos,
603 1026 733 1097 Cprnites
748 1053 757 1067 ,
779 1027 916 1067 Barones,
941 1029 975 1059 &
995 1027 1242 1059 communitatem

182 1067 636 1145 Κῗῗιέἓοξιὲἐεξῗὲἓὲἓῗὲἑὲ,
649 1075 705 1142 ‘fids
716 1104 785 1135 Nos
797 1105 895 1143 faetae,
913 1105 1065 1144 postquam
1076 1104 1242 1142 suscepimus

105 1034 133 1060 ς.

29 1068 59 1092 Ε.
79 1073 105 1101 3.
127 1069 165 1089 m.

29 1112 76 1137 24-

180 1144 381 1176 Gubernacula
402 1144 499 1184 Regni
520 1144 626 1181 nostri,
644 1143 679 1173 de
701 1142 825 1182 Castris,
847 1143 926 1174 Villis
962 1143 1112 1182 Maneriis,
1127 1144 1242 1182 Terris,

179 1183 384 1223 Tenementis,
400 1183 533 1221 Wardis‚
552 1181 712 1216 Custodiis,
732 1181 904 1220 Maritaaiis,
923 1167 1098 1226 Ῑξ3111ν13,,ὃε
1113 1181 1242 1212 Liberta-

179 1222 272 1260 tibus,
296 1227 482 1253 revocentur:
510 1221 544 1252 &
566 1220 664 1251 eadem
686 1218 803 1259 Castra,
828 1218 926 1256 Villae,
953 1219 1103 1258 Manena,
1118 1220 1239 1258 Terrae,

178 1258 378 1299 Tenemema,
396 1260 533 1299 Wardae,
551 1258 714 1296 Custodiae,
732 1258 897 1297 Maritagia,
913 1257 1044 1297 Ballivae,
1059 1258 1243 1302 &ULibena-

179 1306 238 1337 res,
256 1299 427 1329 resumantur
440 1300 468 1329 in
482 1308 602 1329 manum
617 1296 761 1335 nostram,
777 1307 830 1335 pro
845 1307 880 1327 eo
895 1297 973 1335 quod
993 1296 1141 1342 Negotia,
1154 1296 1242 1335 Nos,

179 1337 214 1368 δ(
235 1337 344 1368 Statum
366 1337 463 1377 Regni
484 1336 591 1374 nostri,
617 1336 650 1366 &
671 1335 772 1365 Terrae
791 1335 949 1374 praediCtae,
967 1336 1175 1374 contingentia,
1193 1346 1243 1373 per

178 1375 314 1413 quosdam
345 1383 415 1406 tunc
444 1374 632 1405 Conciliarios
659 1373 793 1412 nostros,
824 1373 945 1404 deduaesta
965 1374 1077 1404 fuerunt
1098 1373 1131 1404 ad
1154 1374 1243 1404 nostri

181 1414 358 1453 dampnum,
383 1414 417 1445 &
438 1413 560 1444 dedecus
572 1435 583 1451 ,
606 1422 640 1444 ac
660 1412 930 1451 depauperationem
951 1411 1056 1450 Populi
1075 1411 1146 1444 dieti
1164 1412 1244 1452 Reg-

181 1462 209 1482 ni
573 1482 575 1485 .

217 1475 308 1521 {fobis
322 1489 488 1521 mandamus
502 1488 580 1528 quod
594 1490 692 1520 omnia
703 1487 801 1520 Castra
810 1513 819 1527 ‚
837 1488 942 1526 Villas‚
961 1488 1106 1533 Maneria,
1121 1488 1242 1533 Terras,

180 1528 380 1568 Tenementa,
395 1528 534 1567 Wardas,
552 1527 720 1567 Custodias,
738 1527 825 1558 Marit
843 1528 902 1566 tria,
920 1527 1051 1565 Balhvas,
1070 1528 1103 1558 &
1118 1528 1243 1558 Liberta-

180 1575 240 1606 tes,
258 1577 308 1606 per
330 1566 417 1605 Nos,
439 1567 590 1606 postquam
612 1566 814 1597 Gubernacula
866 1567 930 1607 egni
952 1565 1041 1596 nostri
1060 1566 1245 1610 suscepimus,

181 1605 275 1644 Data,
297 1605 459 1644 Concessa,
476 1605 522 1636 seu
544 1604 725 1644 Commiffa,
743 1605 772 1635 in
797 1614 916 1642 manum
938 1604 1065 1635 nostram
1086 1604 1246 1643 resumatis,

182 1645 216 1675 δε
236 1655 283 1682 ea,
300 1643 334 1674 ad
355 1654 427 1682 opus
449 1644 598 1683 nostrum,
617 1653 668 1682 per
690 1645 784 1674 bonos
797 1645 831 1674 ὃς
843 1642 1008 1673 sufficientes
1021 1641 1177 1687 Custodes,
1198 1653 1246 1680 per

181 1693 236 1714 vos
254 1683 289 1714 ad
309 1683 368 1713 hoc
387 1682 579 1721 deputandos,
595 1682 670 1713 salvo
693 1681 827 1713 custodiri
845 1681 963 1718 faciatis,
982 1681 1032 1718 qui
1051 1680 1086 1710 de
1100 1680 1246 1725 Eurinus,

182 1721 250 1752 inde
270 1721 501 1762 provenientibus
540 1721 641 1759 nobis,
666 1720 700 1751 ad
720 1720 902 1751 Scaccarium
921 1718 1051 1749 nostrum
1067 1742 1077 1757 ,
1100 1718 1247 1750 Dubhniae

183 1759 384 1800 respondeant,
401 1768 486 1798 prout
520 1766 591 1790 ecet.

219 1834 310 1868 Teste
322 1835 409 1876 Rege
422 1836 496 1876 'apud
510 1830 689 1877 Cro'yndon,
708 1828 809 1876 quinto
824 1828 871 1867 die
887 1827 995 1868 Martii.

473 1896 475 1898 -
657 1915 711 1944 Per
725 1911 809 1952 tPfitm
823 1917 920 1952 Regem
934 1912 972 1949 ό·
989 1912 1142 1944 Concilium.

217 2051 244 2079 ³*
271 2056 364 2099 Super
381 2051 564 2097 Penfionibus
583 2057 615 2085 in
632 2053 777 2098 Vastonia
796 2056 880 2099 Papae
895 2044 1059 2099 Nepostbus
1079 2049 1214 2101 conceffis.

250 2135 328 2174 EX,
346 2135 501 2168 senescallo
523 2137 572 2167 suo
594 2136 762 2174 Vaseoniae,
782 2137 816 2168 &
831 2135 1050 2168 Constabulario
1069 2136 1119 2167 suo
1140 2134 1249 2166 Burde-

267 2174 349 2212 galiae
363 2198 374 2213 ‚
400 2176 450 2214 qui
473 2185 550 2206 nunc
573 2175 651 2214 sunt,
677 2175 723 2207 vel
743 2177 793 2214 qui
816 2185 870 2216 pro
892 2183 1022 2214 tempore
1045 2182 1144 2214 erunt,
1170 2174 1251 2205 Salu-

143 2219 149 2226 ·
187 2221 257 2243 tem.
492 2243 495 2247 Δ

224 2249 305 2282 Cum
319 2250 465 2283 Dominus
482 2250 516 2281 E.
536 2252 682 2290 quondam
696 2252 763 2283 Rex
779 2252 907 2291 Angliae,
926 2251 1009 2283 Pater
1021 2251 1116 2282 noster
1127 2251 1251 2296 dudum,

191 2299 240 2328 per
258 2289 364 2320 Literas
384 2290 441 2320 suas
460 2290 604 2328 patentes,
620 2290 799 2322 concessisset
818 2291 906 2322 Petro
926 2291 1020 2329 Dosa,
1038 2299 1106 2321 tunc
1126 2290 1251 2321 Viceco-

126 2334 133 2341 ·
162 2334 170 2341 ·
190 2328 252 2359 miti
273 2327 469 2367 Caramannii,
490 2329 548 2366 jam
568 2329 724 2368 defuneto,
748 2329 899 2361 Sexcentas
920 2329 1019 2359 Libras
1037 2328 1251 2360 Turonenfium

161 2373 168 2381 ‘
187 2366 363 2405 Parvorum,
380 2366 569 2405 percipiendas
583 2367 694 2407 singulis
708 2368 813 2406 Annis,
829 2370 858 2398 in
872 2367 956 2398 Festo
969 2367 1101 2405 Paschae,
1119 2377 1168 2405 per
1184 2367 1251 2398 Ma-

145 2412 152 2419 ·
185 2415 239 2436 nus
260 2404 466 2436 Constabularii
486 2405 673 2445 Burdegaliae,
692 2408 741 2445 qui
761 2416 813 2444 pro
835 2416 967 2444 tempore
987 2406 1078 2445 foret,
1103 2406 1250 2450 quousque

187 2443 265 2474 idem
280 2444 363 2475 Pater
378 2444 472 2474 noster
487 2444 605 2484 praefato
621 2445 723 2483 Petro,
742 2446 779 2475 de
791 2445 935 2476 Sexcentis
950 2445 1068 2476 Libratis
1080 2445 1178 2488 Terris
1187 2444 1252 2475 Tu-

186 2481 350 2512 ronenfium
372 2481 549 2522 Parvorum,
567 2493 617 2521 per
637 2483 774 2522 Annum,
792 2483 859 2523 fibi,
875 2484 909 2515 &
926 2482 1098 2514 Haeredibus
1113 2482 1183 2522 suis,
1201 2483 1252 2513 ha-

187 2519 286 2552 bendis
299 2521 524 2560 imperpetuum,
541 2522 706 2559 providisset

196 2590 199 2593 ,
226 2557 417 2590 Conceffisset
439 2560 542 2597 etiarn,
561 2570 612 2598 per
627 2560 690 2591 alias
711 2544 818 2591 Literas
838 2560 987 2599 Patentes,
1004 2559 1082 2590 idern
1103 2559 1185 2591 Pater
1198 2570 1253 2605 no-

188 2597 262 2635 ster,
279 2597 366 2628 Petro
379 2597 416 2628 de
431 2597 505 2636 Via,
523 2598 690 2630 Trescentas
703 2599 819 2637 Libras,
837 2600 871 2630 &
884 2599 1010 2629 Arnaldo
1030 2599 1067 2629 de
1086 2598 1169 2638 Tryn
1190 2599 1254 2629 alias

188 2635 354 2667 Trescentas
368 2635 466 2667 Libras
479 2636 695 2667 Turonensium
714 2636 891 2676 Parvorum,
910 2637 1100 2676 percipiendas
1122 2647 1172 2675 per
1184 2647 1254 2681 ‚ma-

189 2684 242 2706 nus
255 2674 324 2704 dieti
337 2673 543 2705 Constabularii
558 2676 588 2705 in
603 2675 688 2706 Festo
702 2676 857 2713 praedicto,
877 2676 1023 2714 quousque
1043 2676 1159 2707 cuilibet
1182 2676 1254 2714 lpso-

189 2722 272 2751 rum,
290 2711 368 2744 Petri
381 2712 418 2743 de
433 2713 488 2744 Via
500 2714 534 2745 ὅτ.
548 2714 679 2752 Arnaldi,
697 2714 734 2744 de
748 2713 907 2745 Trescentis
929 2714 1051 2745 Libratis
1070 2713 1172 2744 Terrae
1191 2714 1256 2745 Tu-

191 2751 354 2782 ronensium
367 2749 544 2789 Parvorum,
562 2752 697 2783 habendis
710 2753 778 2790 fibi,
796 2754 830 2785 &
844 2752 1014 2784 Haeredibus
1033 2753 1103 2791 suis,
1118 2763 1168 2791 per
1186 2763 1257 2784 eun-

191 2789 261 2820 dem
275 2789 390 2820 Patrem
405 2789 534 2820 nostrum
548 2791 691 2827 provisum
704 2791 773 2822 esset

112 2832 114 2835 ’
165 2839 168 2842 ⁴
230 2826 323 2859 Prout
344 2828 374 2857 in
398 2827 498 2858 Literis
518 2828 659 2866 praediffis
678 2829 759 2868 ipsius
780 2814 870 2861 i'atris
888 2829 979 2861 nostri
998 2830 1107 2870 plenius
1126 2831 1256 2862 contine-

193 2873 257 2897 tur:

232 2902 278 2934 Ac
294 2904 372 2942 jam,
390 2913 425 2934 ex
443 2913 518 2942 parte
534 2903 650 2935 Arnaldi
666 2903 760 2945 Dosa,
778 2906 967 2938 Vicecomitis
978 2907 1177 2946 Caramannii,
1196 2908 1259 2939 Filii

193 2942 229 2972 &
250 2941 381 2972 Haeredis
400 2943 529 2980 praedic'ti
554 2944 630 2974 Petri
650 2943 744 2983 Dosa,
763 2955 795 2975 ac
817 2946 1040 2984 praedidlwrum,
1058 2945 1136 2976 Petri
1149 2946 1185 2977 de
1204 2946 1258 2977 Via

193 2982 229 3011 &
250 2980 379 3018 Arnaldi,
397 2981 480 3012 nobis
504 2982 536 3012 sit
556 2982 740 3020 supplicatum
762 2992 792 3014 ut
817 2985 872 3022 eis,
889 2983 926 3014 de
943 2985 1058 3022 Terris,
1074 2984 1109 3015 ad
1130 2985 1259 3016 valorem

192 3017 382 3057 praediemm,
399 3019 553 3051 secundum
566 3020 690 3051 formam
702 3022 738 3053 ’ὃς
751 3021 888 3052 effectum
905 3022 1064 3054 Literarum
1075 3022 1156 3060 ipfius
1171 3023 1259 3054 Patris

195 3056 285 3087 nostri
297 3056 511 3095 praedictarum,
530 3059 558 3087 in
573 3059 670 3089 Terris
685 3060 801 3099 nostris,
814 3061 920 3091 vocatis
933 3059 1044 3091 INTER
1062 3069 1131 3091 Duo
1144 3070 1258 3093 MARIA

163 3100 165 3104 ’
197 3103 242 3126 ΕΤ
263 3103 414 3134 CONDAK,
428 3095 621 3136 Burdegalenfi
640 3097 791 3136 Dioecese,
808 3099 853 3128 vel
874 3100 904 3129 in
916 3099 972 3129 aliis
983 3099 1053 3129 locis
1068 3101 1260 3140 competenti-

196 3133 266 3171 bus,
291 3134 361 3163 infra
380 3134 530 3166 Ducatum
552 3135 683 3166 nostrum
705 3136 892 3176 praedietum',
916 3137 1085 3177 providere,
1102 3138 1137 3169 &
1157 3148 1201 3169 eas
1221 3142 1260 3169 e1s

196 3171 316 3240 vellimus
330 3171 422 3203 facere
433 3172 561 3213 affignari
570 3199 580 3212 ,
595 3175 735 3206 habendas
750 3176 779 3206 in
793 3175 888 3207 forma
900 3175 1053 3217 praedista,

273 3219 321 3247 os,

235 3247 284 3278 Ut
297 3257 400 3278 eorum
413 3248 616 3287 Supplicationi
630 3251 858 3282 condescendere
877 3253 1038 3292 valeamus,
1052 3261 1139 3291 prout
1161 3252 1262 3293 decet,

197 3286 324 3318 volentes
345 3296 394 3324 per
415 3297 466 3318 vos
484 3290 626 3320 certiorari
646 3292 674 3321 in
697 3292 797 3329 quibus
811 3291 881 3322 locis
898 3291 1104 3329 Affignationes
1118 3292 1260 3330 praedieiae

199 3323 387 3356 commodius
401 3324 459 3355 fieri
474 3327 607 3365 possunt,
619 3328 677 3357 five
689 3329 718 3359 in
733 3329 814 3359 diciis
825 3329 923 3360 Terris
936 3329 1047 3361 INTER
1064 3339 1133 3361 DUO
1147 3339 1260 3362 MAruA

200 3372 247 3394 ΕΤ
259 3371 420 3432 ἀςὲὶΝυΑΚ,
436 3363 493 3396 five
513 3365 544 3394 in
561 3365 617 3396 aliis
639 3365 737 3396 Terris
750 3367 868 3407 nostris,
883 3368 955 3400 infra
967 3369 1116 3400 Ducatum
1131 3369 1261 3401 nostrum

221 3411 258 3432 rae
278 3413 286 3432 1
318 3411 368 3432 um
458 3428 461 3429 γ

199 3412 219 3441 P
239 3439 331 3471 Vobis
343 3424 552 3471 co³mmittimus
566 3442 599 3471 &
613 3441 795 3480 mandamus,
812 3445 940 3480 quatinus
954 3455 1007 3476 vos
1025 3446 1105 3485 inde,
1126 3447 1263 3477 omnibus

201 3478 296 3510 modis
320 3480 353 3510 &
375 3479 444 3516 viis,
467 3479 569 3517 quibus
588 3481 719 3517 expedire
739 3480 877 3520 videritis,
900 3483 1076 3523 informeris,
1103 3485 1138 3515 &
1158 3484 1262 3515 Terras

200 3517 372 3557 praedffitas,
394 3527 426 3547 ac
447 3516 530 3555 alias,
554 3523 640 3557 prout
659 3518 788 3556 expedire
809 3519 948 3559 videritis,
974 3521 1060 3560 usque
1076 3522 1111 3552 ad
1135 3523 1262 3554 valorem

223 3555 391 3594 raedicium,
413 3555 564 3593 diligenter
582 3556 694 3587 exrendi
712 3557 832 3596 faciatis,
858 3567 1012 3598 quantum,
1039 3560 1189 3598 videlieet,
1213 3572 1263 3593 va-

213 3602 277 3625 eant
298 3604 348 3633 per
371 3600 508 3633 Annum,
535 3594 565 3623 in
587 3595 720 3626 omnibus
738 3595 866 3633 Exitibus
888 3597 922 3628 &
944 3596 1171 3637 Emolumentis,
1184 3600 1263 3644 juxta

201 3637 304 3665 Verum
324 3632 452 3665 valorem
472 3632 663 3671 eorumdem,
687 3642 720 3664 ac
743 3633 982 3666 Informationem
1005 3636 1039 3667 &
1059 3636 1191 3667 Extentas
1209 3638 1263 3669 hu-

198 3670 324 3710 jusmodi
343 3672 444 3710 nobis,
461 3671 511 3702 sub
530 3669 631 3708 Sigillis
650 3671 763 3710 vestris,
779 3671 911 3704 distincte
934 3675 968 3706 δε
985 3676 1096 3713 aperte,
1114 3675 1173 3705 fine
1194 3675 1264 3707 dila-

203 3709 301 3748 tione,
318 3710 432 3741 mittatis
449 3710 505 3741 una
527 3719 596 3741 cum
615 3708 753 3741 Concilio
767 3710 882 3751 vestro,
896 3713 931 3745 &
945 3713 1144 3752 Avisamento,
1162 3715 1194 3745 in
1208 3714 1261 3747 hac

204 3755 290 3785 parte.

242 3783 278 3816 In
292 3786 388 3826 cujus,
405 3787 466 3818 &c.
493 3818 495 3821 .

240 3857 309 3892 Dat.
324 3862 399 3902 apud
413 3863 527 3896 Eltham
535 3888 546 3903 ,
563 3864 701 3898 vicesimo
713 3863 821 3898 odravo
832 3865 878 3898 die
891 3843 1000 3899 Martii.

1282 146 1767 224 possth.

2284 191 2338 225 61⁵

1284 302 2338 313 Ἣ
2353 267 2430 299 Ann.
2444 268 2485 299 D.

1275 348 1322 379 De
1346 349 1499 395 Homagio
1527 348 1690 383 Ambianis
1708 353 1792 396 fasso
1803 380 1813 394 ,
1838 357 1874 392 (ζῇ-
1892 351 1928 386 de
1936 353 2043 398 forma
2051 351 2112 399 stab
2128 366 2190 401 qua
2204 354 2334 402 deinceps
2353 316 2471 383 ΕᾹῙὊΞῩῙΞ·

1687 399 1724 442 est
1735 401 1924 444 faciendum.

1276 479 1466 540 EDward,
1476 490 1538 549 dpar
1560 481 1585 512 la
1608 483 1705 515 Grace
1727 484 1762 515 de
1782 484 1875 524 Dieu,
1902 486 1962 517 Roi
1981 487 2190 527 d'Englererre,
2214 488 2336 528 seignur
2356 502 2406 529 Aa,
2423 507 2450 534 ς,

1355 517 1475 549 d⁷Irlaun
1496 530 1528 557 c,
1547 522 1580 551 δε
1606 521 1688 552 Ducs
1706 522 1858 562 Aquitain,
1874 535 1900 554 as
1921 535 1990 556 touz
2012 536 2101 565 ceux,
2122 528 2151 565 qi
2172 527 2260 558 cestes
2272 537 2336 566 pre·
2356 541 2386 563 E.
2407 547 2432 573 3·

1275 556 1362 586 sentes
1380 557 1472 587 lettres
1486 567 1617 597 verront,
1635 570 1675 591 ou
1689 570 1807 599 orront,
1822 563 1925 593 Salutz.
2355 580 2412 603 rat.
2437 583 2466 610 5.

1314 594 1413 624 Savoir
1423 594 1526 625 fesoms
1541 598 1609 635 qui,
2356 618 2385 641 Ε.
2397 620 2453 650 3.p.
2466 621 2490 641 1:

1314 631 1412 663 Come
1427 643 1498 663 nous
1510 634 1652 671 feiffoms,
1669 646 1684 665 a
1701 635 1841 681 Amyens,
1858 637 1993 683 Homage
2007 651 2039 678 a,
2056 640 2204 672 Excellent
2218 641 2337 682 Prince,
2354 661 2391 681 m,
2414 661 2457 687 ¹9-

1276 671 1374 701 nostre
1387 671 1456 702 cher
1470 672 1553 702 Frere
1567 674 1600 703 &
1615 673 1711 712 Cosyn
1721 699 1729 712 ,
1748 674 1882 713 Phehppe
1898 677 1958 707 Ror
1971 679 2006 708 de
2018 680 2126 710 France
2135 703 2144 718 ,

1313 708 1388 740 Lors
1408 720 1479 740 nous
1502 711 1544 740 fut
1563 711 1621 749 dit,
1636 713 1669 742 &
1684 714 1791 751 requis,
1810 714 1845 744 de
1861 724 1909 752 par
1922 716 1958 754 li,
1978 720 2025 755 qui
2043 728 2114 748 nous
2127 717 2339 757 recogneffoms

1277 747 1304 778 le
1313 747 1354 777 dit
1367 747 1506 785 Homage
1518 748 1589 779 estre
1600 749 1671 788 lige,

1320 784 1358 816 Et
1373 787 1422 823 qui
1436 797 1526 825 nous,
1543 797 1577 817 en
1594 788 1678 818 sesant
1691 789 1715 818 lc
1728 788 1769 820 dit
1785 789 1940 830 Homage,
1954 792 1973 822 li
1988 793 2187 830 promesfioms
2201 795 2340 836 expresse·

1280 833 1360 854 ment
1374 824 1427 855 Foi
1442 826 1476 856 &
1491 825 1612 856 Loiaute
1626 835 1738 865 poster,

1320 861 1361 892 La
1380 864 1462 902 quele
1483 864 1568 894 chose
1590 874 1661 895 nous
1683 875 1718 894 ne
1738 865 1844 896 feismes
1859 877 1904 904 pas
1919 867 1991 905 lors,
2008 879 2058 907 pur
2071 880 2105 900 ce
2121 873 2167 908 qui
2182 882 2254 902 nous
2267 873 2339 903 n'es‹

1280 902 1388 931 toioms
1401 903 1567 941 enformez,
1586 913 1622 933 ne
1638 905 1773 942 certeins,
1791 906 1840 942 qui
1856 905 1920 934 ains.
1934 906 1960 936 le
1972 907 2115 938 deussbrns
2127 910 2211 947 faire,

1320 939 1441 970 Feismes
1461 951 1495 971 au
1517 941 1559 972 dit
1580 941 1640 971 Roi
1660 942 1696 972 de
1710 942 1816 973 France
1831 942 1966 974 Homaoe
1982 955 2028 982 par
2045 945 2156 976 Paroles
2172 948 2343 988 Generales,

1281 987 1318 1008 en
1341 977 1429 1008 disant
1457 980 1506 1017 qui
1533 990 1603 1010 nous
1624 981 1760 1011 entrioms
1780 992 1815 1011 en
1838 982 1887 1012 son
1910 968 2046 1022 H’omage
2068 995 2116 1021 par
2137 986 2201 1015 ainsi
2219 1009 2228 1023 ,
2256 997 2342 1018 corne

1281 1014 1372 1046 Nous
1386 1040 1396 1055 ,
1419 1017 1452 1048 &
1473 1027 1531 1047 noz
1548 1017 1780 1057 Predecess'ours,
1803 1019 1885 1051 Ducs
1907 1021 1942 1052 de
1964 1021 2123 1062 Guyenne,
2143 1024 2260 1055 estoient
2275 1026 2343 1063 jadis

1280 1061 1377 1085 entrez
1396 1065 1432 1085 en
1451 1055 1585 1095 l'Omage
1604 1057 1653 1087 des
1675 1057 1748 1088 Rois
1768 1058 1803 1088 de
1827 1059 1935 1091 France
1947 1083 1957 1098 ,
1986 1061 2017 1098 qi
2035 1063 2148 1092 avolent
2169 1061 2226 1092 este
2247 1073 2298 1100 pur
2317 1065 2344 1094 le

1281 1100 1339 1123 tem
1360 1103 1374 1123 S

1320 1103 1360 1162 Elt)
1371 1117 1483 1171 depuis,
1500 1143 1586 1163 encea
1600 1143 1672 1164 nous
1686 1134 1791 1164 soioms
1803 1135 1868 1165 bien
1888 1135 2035 1167 enformez
2047 1137 2080 1168 ὃς
2097 1139 2256 1168 acertcincz
2271 1140 2306 1169 de
2320 1140 2345 1171 la

1284 1171 1392 1209 verite,
1409 1172 1616 1208 recogniffoms
1625 1196 1634 1211 ,
1653 1183 1700 1210 par
1712 1173 1801 1203 cestes
1816 1173 1959 1205 Presenres
1975 1175 2098 1214 Lerrres,
2117 1178 2166 1215 qui
2177 1177 2203 1207 le
2214 1178 2255 1208 dit
2277 1178 2345 1209 Ho-

1282 1217 1383 1248 mage,
1401 1210 1450 1246 qui
1465 1220 1536 1240 nous
1551 1210 1658 1241 feismes
1668 1236 1677 1250 ,
1693 1222 1708 1240 a
1724 1211 1867 1251 Amyens,
1885 1224 1919 1243 au
1934 1213 1993 1243 Roi
2007 1214 2041 1244 de
2063 1215 2189 1253 France,
2208 1217 2347 1247 combien

1284 1248 1334 1284 qui
1353 1257 1425 1277 nous
1445 1248 1471 1278 16
1492 1249 1600 1280 feismes
1613 1260 1662 1288 par
1685 1249 1798 1281 Paroles
1821 1250 1991 1290 Generales,
2009 1252 2058 1291 fu,
2076 1254 2135 1292 est,
2153 1256 2186 1285 &
2200 1254 2261 1286 doit
2274 1255 2346 1287 estre

1281 1285 1423 1316 entenduz
1437 1286 1528 1326 Lige,

1319 1323 1358 1354 Et
1378 1325 1427 1362 qui
1448 1335 1520 1355 nous
1541 1325 1560 1355 li
1581 1325 1702 1357 devoms
1725 1326 1778 1357 Foi
1796 1328 1830 1358 δε
1854 1327 1976 1359 Loiaute
1989 1337 2101 1367 portet,
2119 1340 2207 1361 corne
2220 1331 2289 1363 Duc
2309 1333 2346 1364 de

1283 1361 1311 1392 A
1333 1363 1434 1431 usiktainn,
1452 1365 1485 1395 &
1500 1363 1564 1395 Pier
1577 1365 1596 1384 ²¹¹⁵
1613 1365 1650 1395 de
1664 1365 1787 1404 France,
1804 1367 1837 1397 &
1850 1376 1938 1397 come
1953 1366 2070 1398 Counte
2080 1368 2116 1398 de
2132 1367 2254 1400 Pountif
2264 1372 2297 1402 ὃ(
2311 1372 2347 1402 (16
2366 1376 2381 1393 ¹¹⁸
2399 1377 2452 1405 IV.

1324 1410 1343 1430 0
1370 1411 1412 1431 roi
2402 1413 2431 1442 8.

1321 1439 1359 1471 Et
1373 1439 1392 1470 li
1408 1426 1609 1479 prbtnettorns,
1628 1441 1726 1473 defore
1739 1453 1774 1473 en
1785 1452 1888 1482 avant,
1906 1443 1959 1474 Foi
1974 1445 2008 1476 &
2024 1444 2145 1476 Loiaute
2159 1455 2264 1483 porrer.
2363 1423 2397 1450 47

1320 1477 1360 1508 Et
1381 1488 1432 1516 pur
1455 1489 1490 1509 ce
1508 1481 1573 1518 qui,
1592 1490 1628 1510 en
1649 1489 1741 1519 temps
1759 1484 1871 1521 avenir,
1889 1482 1926 1513 de
1939 1493 1974 1513 ce
1988 1494 2025 1514 ne
2039 1483 2091 1514 soit
2101 1485 2199 1522 jamais
2212 1484 2351 1518 Contenz

1283 1525 1321 1545 ne
1342 1515 1475 1547 Descord
1497 1528 1512 1548 a
1531 1519 1598 1548 faire
1617 1519 1643 1549 le
1663 1519 1704 1550 dit
1723 1519 1878 1559 Homage,
1895 1531 1967 1552 nous
1989 1531 2192 1561 promettomS,
2218 1533 2254 1554 en
2276 1524 2352 1556 bone

1284 1553 1345 1591 foi,
1363 1564 1416 1592 pur
1438 1555 1544 1593 Nous,
1562 1558 1596 1587 ὃς
1615 1566 1674 1588 noz
1696 1558 1893 1597 SucceffourS,
1912 1560 1994 1591 Ducs
2013 1561 2049 1592 de
2068 1560 2210 1600 Gyenne,
2228 1564 2277 1600 qui
2297 1564 2352 1594 ser-

1287 1600 1354 1623 ront
1365 1603 1418 1630 pur
1433 1593 1459 1623 le
1474 1603 1579 1632 temps,
1597 1597 1645 1633 qui
1659 1605 1719 1626 tute
1734 1597 1822 1633 soitz,
1841 1600 1889 1636 qui
1903 1598 2009 1638 Nous,
2029 1601 2062 1630 &
2078 1610 2137 1630 noz
2150 1602 2352 1643 Success‘ours,

1286 1629 1369 1660 Ducs
1388 1631 1425 1661 de
1446 1631 1606 1671 Guyenne,
1625 1644 1786 1673 entreorns,
1806 1637 1839 1666 &
1856 1645 2019 1676 entreront,
2037 1648 2072 1668 en
2085 1638 2220 1676 l’Omage
2239 1640 2276 1672 de
2289 1641 2352 1673 Roi

1286 1668 1322 1698 de
1338 1668 1361 1698 F
1363 1679 1463 1708 rance,
1480 1672 1514 1701 ὅς
1528 1671 1562 1701 (16
1576 1672 1614 1702 ses
1626 1672 1826 1713 Succeffours‚
1844 1676 1874 1713 qi
1889 1674 1994 1706 serront
2009 1686 2062 1714 pur
2075 1676 2101 1707 le
2114 1686 2205 1716 temps
2211 1701 2221 1717 ,
2239 1679 2352 1712 l'Oma-

1286 1717 1324 1745 ge
1338 1707 1364 1738 se
1378 1708 1436 1739 fera
1448 1719 1497 1746 par
1511 1710 1587 1741 ceste
1602 1721 1733 1750 manere,

1324 1785 1371 1817 LE
1387 1785 1456 1817 Ror
1472 1787 1762 1828 D’ENGLETERRE,
1780 1799 1843 1821 Duc
1858 1799 1898 1821 DE
1916 1800 2076 1830 GYENNE,
2095 1792 2193 1824 tendra
2209 1794 2353 1827 sesMeins

1286 1833 1365 1855 entre
1388 1825 1425 1855 les
1447 1826 1544 1857 Meins
1567 1827 1605 1858 du
1629 1827 1691 1858 Roi
1705 1828 1741 1859 de
1756 1829 1879 1860 France:
1897 1829 1935 1860 Et
1948 1831 2003 1868 cil,
2022 1833 2051 1868 qi
2065 1831 2171 1869 parlera
2184 1842 2234 1872 pur
2248 1833 2274 1863 le
2294 1834 2354 1865 Roi

1287 1862 1323 1892 de
1349 1863 1471 1902 France,
1495 1865 1634 1896 adrescera
1657 1867 1696 1897 ses
1718 1867 1831 1898 Paroles
1849 1879 1883 1899 au
1906 1867 1969 1899 Roi
1990 1869 2197 1910 d'Engleterre,
2225 1871 2294 1903 Duc
2317 1874 2354 1904 de

1289 1901 1429 1940 Gyenne,
1448 1905 1481 1934 ὃς
1497 1904 1570 1934 dirra
1583 1905 1665 1942 ainsi,

1325 1940 1405 1972 Vous
1418 1938 1546 1973 devenez
1560 1942 1694 1974 Homme
1708 1943 1780 1983 Lige
1794 1943 1832 1975 du
1855 1943 1916 1975 Roi
1938 1945 1974 1976 de
1993 1945 2118 1984 France,
2136 1946 2303 1989 Monfieur‚
2324 1951 2354 1989 qi

1287 1979 1315 2008 ci
1334 1978 1393 2018 est,
1411 1990 1499 2011 come
1520 1981 1590 2012 Duc
1604 1982 1640 2012 de
1651 1982 1776 2021 Gyenne
1792 1985 1824 2014 δε
1837 1983 1899 2014 Ρ161
1916 1983 1952 2015 (16
1967 1984 1990 2015 F
1992 1995 2075 2016 rance
2081 2009 2091 2024 ,
2109 1987 2142 2017 &
2157 1986 2175 2016 li
2190 1997 2353 2026 promettez

1288 2016 1342 2047 Foi
1357 2019 1391 2049 &
1406 2018 1527 2050 Loiaute
1544 2030 1639 2058 portet
1673 2022 1750 2052 dites
1765 2022 1897 2053 VorRE?

1311 2055 1363 2099 'Et
1385 2057 1404 2086 li
1420 2057 1462 2087 dit
1482 2057 1561 2097 Roi,
1578 2060 1611 2090 &
1631 2044 1717 2098 Duc,
1736 2061 1770 2092 &
1790 2061 1828 2091 ses
1841 2060 2043 2101 Succeffours,
2060 2061 2142 2094 Ducs
2157 2062 2192 2094 de
2209 2063 2350 2105 Gyenne,

1287 2093 1398 2124 dirront
1414 2095 1534 2127 VOIRE.

1325 2131 1363 2163 Et
1386 2133 1440 2164 lors
1464 2134 1489 2164 le
1512 2135 1572 2166 Roi
1593 2135 1629 2166 de
1651 2136 1759 2167 France
1779 2147 1911 2168 recevera
1932 2138 1959 2169 le
1977 2138 2018 2170 dit
2031 2137 2094 2169 Roi
2108 2138 2303 2178 d’Engleterre
2318 2143 2354 2173 86

1289 2170 1359 2201 Duc
1380 2179 1415 2203 au
1435 2172 1476 2203 dit
1496 2173 1633 2213 Homage
1655 2174 1744 2215 Lige,
1761 2185 1776 2206 a
1795 2175 1821 2206 la
1842 2176 1914 2216 Foi,
1932 2179 1966 2209 &
1989 2188 2005 2208 a
2024 2177 2049 2208 la
2071 2177 2208 2218 Bouche,
2223 2179 2285 2211 sauf
2301 2180 2354 2211 son

1290 2208 1399 2249 Droit,
1415 2211 1450 2242 &
1466 2212 1563 2243 l'autri.

1325 2286 1512 2328 Derrechief,
1531 2298 1617 2329 quant
1631 2291 1657 2321 le
1668 2290 1709 2322 dit
1722 2290 1782 2323 Roi
1795 2291 1829 2323 &
1842 2291 1913 2324 Duc
1923 2301 2032 2324 enterra
2046 2304 2082 2325 en
2098 2294 2233 2333 l’Ornage
2247 2295 2287 2326 du
2293 2294 2356 2327 Roi

1289 2325 1326 2356 de
1342 2326 1366 2356 F
1367 2338 1451 2358 rance
1457 2351 1467 2366 ,
1485 2329 1518 2360 &
1531 2329 1566 2360 de
1580 2330 1619 2360 ses
1633 2330 1814 2361 Succeffours
1829 2330 1903 2362 Rois
1916 2332 1952 2362 de
1968 2332 2093 2371 France,
2108 2343 2161 2371 pur
2174 2335 2199 2364 la
2218 2333 2354 2366 Countee

1290 2364 1327 2394 de
1340 2363 1442 2396 Pontis
1453 2368 1485 2397 &
1499 2367 1535 2397 de
1549 2367 1711 2407 Mostroill‚
1730 2369 1748 2400 il
1763 2378 1864 2400 metrra
1878 2370 1917 2400 ses
1932 2370 2028 2401 Meins
2050 2381 2128 2402 entre
2149 2372 2189 2403 les
2209 2372 2307 2403 Meins
2328 2374 2356 2404 le

1290 2402 1352 2433 Roi
1371 2404 1408 2434 de
1431 2405 1556 2444 France,
1575 2407 1608 2438 &
1632 2407 1684 2445 cil,
1703 2409 1752 2445 qui
1768 2409 1874 2446 parlera
1888 2419 1941 2446 pur
1955 2409 1980 2440 le
1996 2409 2057 2439 Roi
2071 2410 2106 2440 de
2122 2411 2245 2450 France,
2264 2411 2356 2442 adres-

1290 2451 1352 2472 cera
1366 2442 1404 2473 les
1419 2443 1532 2474 Paroles
1546 2455 1579 2475 au
1595 2445 1635 2475 dit
1651 2444 1713 2476 Roi
1727 2447 1760 2477 δε
1775 2446 1862 2485 Duc,
1880 2449 1914 2478 &
1928 2447 2000 2478 dirra
2013 2449 2096 2487 ains13

1328 2480 1407 2512 Vous
1429 2482 1558 2514 devenez
1577 2483 1712 2514 Homine
1730 2484 1802 2523 Lige
1820 2485 1859 2516 du
1874 2485 1984 2516 R01de
1997 2486 2120 2525 France,
2138 2485 2306 2527 Monsieur,
2325 2489 2357 2527 qi

1290 2520 1320 2550 ci
1334 2519 1394 2558 est,
1414 2530 1499 2552 come
1515 2521 1634 2553 Counte
1648 2522 1684 2552 de
1699 2522 1819 2553 Pountif
1828 2525 1861 2555 &
1875 2523 1911 2554 de
1926 2523 2092 2565 Mostroill,
2110 2526 2143 2557 &
2158 2526 2178 2557 li
2194 2535 2357 2565 promettez

1290 2558 1344 2588 Foi
1358 2560 1392 2590 &
1410 2556 1531 2591 Loiaute
1544 2570 1656 2599 portet,
1673 2561 1750 2592 ditez
1767 2561 1901 2593 Vomss?

1292 2595 1367 2664 diEt
1390 2597 1408 2627 li
1429 2598 1470 2629 dit
1493 2598 1571 2638 Roi,
1591 2601 1624 2631 &
1644 2599 1731 2638 Due,
1750 2599 1868 2632 Counte
1887 2599 1924 2632 de
1940 2600 2064 2633 Pountif
2080 2603 2114 2635 &
2135 2602 2171 2634 de
2193 2603 2356 2644 Mustroill,

1324 2645 1369 2704 siria}
1379 2636 1570 2706 Χ1Ῑὲ>1ἲῖ1111ζοί
1591 2675 1627 2706 (16
1648 2676 1756 2708 France
1775 2687 1905 2709 recevera
1924 2678 2014 2709 ledit
2036 2678 2098 2710 Roi
2121 2681 2156 2712 δε
2177 2679 2295 2712 Counte
2322 2691 2358 2712 au

1291 2711 1496 2789 ῗὲῑυὲ-ἰῑῗωαςε
1517 2714 1606 2755 Lige,
1624 2724 1640 2745 a
1657 2716 1682 2746 la
1702 2716 1770 2754 Foi,
1788 2717 1822 2748 &
1839 2727 1854 2747 a
1870 2717 1896 2747 la
1910 2717 2045 2757 Bouche,
2062 2718 2125 2749 saus
2135 2719 2184 2749 son
2201 2719 2303 2758 Drost,
2322 2720 2358 2751 &

1294 2828 1310 2858 f
1332 2789 1372 2822 Et
1386 2792 1449 2822 auxi
1461 2792 1532 2823 serra
1542 2791 1591 2824 fait
1605 2793 1639 2824 &
1663 2792 1823 2824 renovellee
1837 2801 1909 2825 tutes
1928 2793 1966 2825 les
1987 2794 2088 2833 Foitz,
2109 2795 2157 2834 qui
2179 2793 2313 2836 l’Omage
2332 2796 2360 2828 se

1306 2838 1361 2859 era.

1333 2905 1370 2936 Et
1383 2905 1420 2937 de
1434 2917 1469 2938 ce
1482 2907 1643 2938 bailleroms
1655 2908 1758 2947 Nous,
1776 2909 1811 2940 &
1824 2917 1883 2940 noz
1894 2909 2094 2949 Succeffours,
2112 2910 2196 2942 Ducs
2207 2911 2242 2942 de
2256 2911 2358 2952 Gyen-

1296 2954 1334 2974 ne
1347 2967 1357 2982 ,
1384 2945 1450 2975 faitz
1475 2946 1513 2976 les
1532 2946 1594 2977 ditz
1612 2946 1760 2987 Homages
1775 2970 1786 2986 ,
1809 2947 1919 2978 Lettres
1939 2949 2069 2980 Patentes
2081 2974 2091 2988 ,
2122 2950 2219 2981 sealees
2241 2950 2358 2982 de·noz

1296 2982 1410 3014 Granrz
1424 2983 1522 3022 Sealx,
1538 2984 1557 3014 fi
1571 2985 1596 3015 le
1610 2985 1670 3016 Roi
1686 2986 1723 3016 de
1738 2986 1846 3017 France
1860 2987 1886 3016 le
1902 2988 2032 3026 requiert.

1335 3021 1389 3060 Et,
1406 3032 1514 3060 aveque
1527 3033 1578 3061 ce,
1596 3034 1667 3054 nous
1681 3033 1891 3064 promettomS,
1909 3036 1946 3056 en
1960 3027 2039 3057 bone
2052 3026 2110 3065 foi,
2125 3028 2197 3071 tenir
2215 3028 2248 3058 &
2280 3026 2358 3057 arder

1296 3059 1525 3092 effectuelernent
1544 3062 1582 3091 les
1601 3062 1664 3093 Pais
1687 3065 1721 3094 &
1742 3064 1858 3103 Acord,
1876 3065 1943 3095 faitz
1962 3073 2041 3096 entre
2063 3066 2101 3095 les
2116 3065 2188 3095 Rors
2202 3065 2238 3094 de
2273 3074 2358 3096 rance

1296 3099 1330 3166 {c
1345 3099 1383 3143 les
1400 3099 1472 3146 Rois
1484 3100 1690 3140 d’EngIererre,
1709 3101 1792 3133 Ducs
1807 3102 1843 3133 de
1858 3102 1998 3143 Gyenne,
2018 3105 2051 3135 &c
2065 3103 2127 3133 lour
2142 3102 2359 3134 Predeceffoure

1328 3137 1452 3213 3312ng
1459 3148 1542 3207 ἓῖεῃίξξ
1550 3140 1908 3219 ἰιῗαζηέἒῗςῐὲξαοξζίἳῗῃὲξ
1928 3179 2033 3210 serront
2050 3179 2273 3210 16ηον61166316ε
2286 3180 2357 3210 dites

1297 3213 1424 3253 Lettres,
1443 3225 1491 3253 par
1505 3216 1542 3245 lec
1557 3216 1616 3246 dirz
1630 3218 1704 3247 Rois
1717 3219 1750 3249 &
1765 3217 1863 3257 Ducs,
1881 3219 1914 3248 &
1926 3218 1989 3248 lour
2005 3218 2204 3257 Succeffours,
2221 3218 2301 3249 Ducs
2321 3219 2358 3249 de

1297 3252 1439 3291 Gyenne,
1457 3255 1490 3285 ὃς
1513 3253 1643 3286 Countes
1664 3256 1699 3286 de
1723 3255 1846 3287 Pountif
1862 3257 1894 3288 &
1915 3256 1950 3287 de
1965 3255 2125 3295 Mostroill,
2143 3265 2204 3288 tute
2217 3257 2254 3287 les
2272 3257 2357 3288 Foitz

1296 3293 1345 3327 qui
1369 3292 1395 3322 le
1417 3292 1478 3323 Roi
1498 3293 1703 3332 d'Englererre‚
1723 3295 1805 3326 Ducs
1826 3296 1862 3325 de
1882 3294 2024 3339 Gyenne,
2043 3296 2076 3326 ὃ(
2096 3294 2134 3325 ses
2157 3295 2357 3363 Succeffoprs,

1298 3329 1429 3407 3233?
1440 3331 1589 3409 ἕζὲἓῗξξ,
1600 3332 2358 3415 ῗῖῗψῖἳὲἓὶῗηάῗὲἒὲἓὲἏῗιὲἓῑὶῖὤέἱὲἒὲὲ,(1ὲεῖἱὲ

1298 3407 1336 3437 ses
1350 3407 1533 3439 Successours
1547 3409 1621 3440 Rois
1637 3410 1673 3440 de
1693 3410 1807 3440 France.

1334 3445 1380 3476 En
1394 3446 1554 3485 Tesmoign
1569 3447 1605 3478 de
1619 3448 1712 3485 queles
1727 3448 1823 3478 choses
1837 3459 1852 3478 a
1876 3448 1966 3480 cestes
1983 3457 2037 3479 nos
2058 3448 2167 3481 Lettres
2186 3447 2309 3480 Overtes
2328 3457 2358 3480 a·

1298 3495 1382 3515 voms
1396 3486 1444 3516 fait
1459 3496 1559 3518 mettre
1574 3487 1668 3517 nostre
1681 3486 1775 3517 Grant
1788 3487 1858 3517 Seal.

1338 3561 1417 3591 Don.
1437 3572 1451 3592 a
1474 3561 1588 3593 Eltham
1609 3563 1634 3593 le
1651 3562 1811 3593 Trentisme
1829 3562 1895 3600 jour
1916 3563 1952 3592 de
1966 3561 2086 3599 Marcz,
2105 3562 2171 3593 l'An
2184 3561 2219 3592 de
2239 3562 2357 3601 Gracc,

1298 3599 1491 3676 &Sirium-O&
1512 3600 1625 3641 Centz,
1642 3601 1676 3632 ὃς
1695 3601 1856 3632 Trentisme
1878 3600 2005 3639 Primer,
2022 3601 2056 3632 &
2076 3599 2113 3631 de
2135 3599 2232 3632 nostre
2253 3601 2358 3641 Regne

2142 3718 2149 3720 ,
2159 3718 2200 3720 —a
2207 3717 2356 3724 -r—--.....-

1366 3763 1426 3800 Ad
1439 3767 1553 3812 Papam
1565 3789 1575 3806 ‚
1593 3775 1649 3810 pro
1672 3765 1904 3797 Canonizatione
1921 3762 2037 3798 Thomae
2055 3774 2148 3811 nuper
2164 3766 2288 3798 Comitis

1731 3811 1916 3856 Lancastriae.

2378 3855 2454 3887 Ann.
2465 3857 2505 3890 D,

1382 3935 1441 3966 Etfi
1461 3935 1593 3965 Romana
1614 3934 1738 3965 Ecclesia
1759 3935 1956 3980 Sacrosanita,
1976 3947 2040 3975 quae
2056 3935 2135 3976 justis
2155 3946 2188 3968 ac
2211 3938 2262 3976 piis
2281 3939 2355 3969 votis
2375 3904 2428 3961 A?
2436 3905 2482 3976 351..

1295 3972 1462 4011 Principum
1484 3974 1639 4003 clementer
1658 3982 1781 4003 annuere
1803 3973 1966 4013 consuevit,
1982 3985 2189 4014 nonnunquam
2208 3978 2236 4006 in
2257 3977 2308 4007 hiis
2329 3976 2355 4007 se
2369 3976 2399 3999 Ε·
2419 3981 2444 4008 3.

1294 4012 1390 4042 reddat
1404 4010 1568 4055 difficilem,
1586 4010 1740 4049 praesertim
1752 4013 1783 4042 in
1791 4010 1904 4051 ardun,
1921 4023 2006 4051 prout
2027 4013 2227 4052 Apostolicam
2247 4014 2353 4046 conde·
2372 4015 2442 4075 {om
2454 4025 2483 4053 ς.

1294 4058 1542 4127 ςαίὶῗίΐυαενιὲἓξῐεᾌζ
1568 4088 1649 4134 cujus
1666 4088 1744 4122 vices
1764 4089 1877 4159 Εξὶἰῑίε,
1899 4088 2135 4125 Promiffionibus
2153 4088 2356 4160 annuatiggitn
2372 4095 2408 4120 m,
2423 4063 2454 4128 Ξ.

1833 4136 1848 4167 3
2290 4139 2300 4160 ³
2347 4151 2358 4168 ²

1348 3896 1443 3928 APAE
1457 3896 1523 3927 Rex
1538 3897 1642 3927 devota
1654 3895 1767 3927 Pedum
1783 3895 1876 3927 oscula
1893 3896 2052 3929 beatorum.
