2562 4279
18 181 136 215 AnnD

39 223 124 262 1328.

17 264 86 289 Erlv.
109 271 133 298 3.

19 302 36 316 ⁴¹
58 301 110 328 lv.

17 346 82 373 377·

0 1659 66 1691 ann.
82 1659 123 1691 D.

0 1709 44 1766 41γὲ
49 1709 96 1776 ΖΞ

0 1798 54 1863 {cisa
72 1824 96 1851 3.

0 1902 22 1920 H.
42 1904 84 1922 10.

0 3151 56 3173 mn.
70 3141 112 3173 D.

4 3191 87 3221 1329.

0 3224 31 3247 lu.
50 3230 74 3256 3.

0 3264 10 3300 [·
33 3269 57 3294 3·

0 3298 81 3325 urlem.

23 3336 74 3363 lV.

2 3372 45 3407 78.

165 113 212 142 22

159 232 204 254 tur
226 222 356 259 gratioso)
379 220 480 250 exinde
501 218 614 248 forsitan
634 226 824 255 provocatus,
842 217 870 246 id
892 216 968 255 fieri,
988 218 1017 247 in
1037 217 1076 247 sui
1088 216 1219 256 praejudi-

160 263 254 299 cium,
270 260 461 296 aequanimiter
475 257 628 286 nullatenus
641 256 775 292 patietur;
790 252 942 295 praesertim
958 255 977 274 ²¹²
994 265 1062 286 curn
1076 265 1136 289 non
1148 265 1221 286 con—

161 300 279 330 sueverit
291 297 349 327 fieri
362 296 538 326 Proviliones
549 293 712 331 hujusmodi
726 293 761 323 de
772 293 959 332 prioratibus,
976 293 1022 325 seu
1035 295 1091 324 aliis
1110 293 1221 324 Benefi-

163 340 230 375 ciis,
249 335 427 366 existentibus
440 333 475 363 de
490 333 580 362 Laico
594 332 765 369 patronatu,
837 362 841 366 ,
989 362 992 365 ,

199 374 306 405 Vestrae
334 371 522 402 Sanffltudini
547 371 647 400 iteratis
674 371 804 408 precibus
826 370 955 401 duximus
981 370 1196 410 supplicandum
1211 393 1221 409 ‚

158 415 301 452 quatinus,
321 410 465 448 praemissis
488 409 622 439 clementi
642 409 825 439 meditatione
843 408 982 446 discussis,
1001 412 1021 439 ll
1044 419 1108 447 quae
1122 411 1151 439 in
1166 419 1221 439 no-

158 453 224 489 stri,
242 450 286 480 seu
295 449 369 488 Juris
383 448 464 485 ipsius
479 447 620 485 Comitis,
638 447 832 486 praejudicium
851 447 978 485 disposita
994 448 1097 478 fuerint
1116 448 1145 477 in
1168 448 1220 477 hac

157 499 252 528 parte,
268 487 480 525 praemifforum
501 487 618 516 veritate
637 495 698 516 non
717 485 847 522 detesta,
865 496 897 516 ea
916 487 1012 523 iubere
1027 487 1118 517 velitis
1134 495 1219 516 revo-

155 529 228 564 cari,
246 536 307 556 non
331 525 464 563 sinentes,
482 524 502 555 fi
525 525 630 562 placet,
649 524 800 562 praefatum
820 524 950 555 Priorem
969 524 1048 562 super
1066 524 1136 555 statu
1150 524 1220 563 suo,

157 568 186 596 in
203 566 330 596 Prioratu
344 564 408 601 illo,
427 563 629 594 Vexationibus
642 562 773 594 indebitis
786 563 902 601 fatigari.

196 603 234 634 Et
256 604 345 634 taliter
362 601 510 640 disponere
529 602 660 642 dignetur
674 602 752 640 super
765 601 818 632 hiis
833 602 933 632 vestrae
948 601 1219 639 Circumspefflonis

156 641 336 681 magnitudo,
354 640 434 678 quod
446 641 591 678 cujussibet
604 640 790 671 Dissensionis
803 648 962 679 amputetur
975 642 1103 678 materia,
1122 641 1155 671 &
1172 640 1218 670 Fi-

157 681 262 712 liorum
277 680 394 710 devotio
408 679 562 710 nullatenus
576 679 761 718 perturbetur.

194 719 306 750 Placeat
319 717 442 756 insuper,
461 718 635 756 quaesumus,
648 716 752 748 vestrae
766 716 978 748 Mansuetudini
992 717 1139 755 praefatum
1152 716 1216 747 Co-

152 759 254 789 mitem
270 757 331 794 (qui
344 755 537 788 Sacrosantstae
552 756 698 787 Romanae
713 756 849 787 Ecclefiae
861 756 968 793 semper
983 756 1103 786 devotus
1116 756 1216 793 extitit,

152 798 188 828 &
202 795 304 832 existit)
320 794 473 833 specialiter
488 794 752 826 recommendatum
769 795 887 832 babere,
905 795 938 824 &
955 794 1011 831 ejus
1027 793 1216 831 Supplicatio-

150 845 200 866 nes
216 833 329 873 (vestrae
343 833 488 865 Sandiitati
503 843 536 864 ex
551 842 628 871 parte
641 832 687 863 sua
699 833 894 870 porrigendas)
911 833 1033 869 benigne
1047 832 1156 870 audire,
1168 834 1213 871 &,

147 875 226 913 quta
247 872 382 911 speratam
405 871 557 910 fiduciam,
575 872 609 902 ad
628 871 810 902 exauditionis
829 872 946 910 gratiam
968 869 1130 908 admittere,
1158 881 1213 902 no-

149 911 276 943 strorum
290 912 470 951 rogaminum
483 912 652 943 interventu.

185 988 344 1020 Conservet
356 988 417 1019 &c.

185 1065 255 1097 Dat.
276 1065 350 1104 apud
363 1064 493 1103 Eltham,
509 1064 646 1096 vicefimo
659 1064 741 1095 tertio
751 1063 796 1094 die
810 1064 957 1094 Februarii.

180 1143 238 1173 Ad
247 1141 426 1181 cardinales,
437 1141 518 1181 saper
533 1142 611 1172 dietis
625 1141 825 1171 Vexationibus.

183 1218 253 1250 Dat.
272 1227 304 1250 ut
316 1219 404 1257 supra.

181 1296 240 1326 Ad
258 1298 378 1335 Papam,
400 1304 448 1335 pro
469 1299 583 1335 Hugone
602 1297 635 1326 de
658 1299 792 1334 Camera,
818 1294 1019 1325 Archidiacono
1036 1292 1206 1332 Lincolniae,

134 1334 218 1373 super
229 1333 353 1374 ejufinodt‘
366 1336 568 1365 Vexatiom'bus.

167 1411 252 1480 'DaBt
265 1411 339 1457 apud
349 1411 481 1455 ‘Eltham,
498 1411 636 1444 vicesimo
651 1410 772 1452 septimo
783 1402 830 1441 die
844 1410 1003 1448 Februarii,
1021 1410 1111 1441 Anno
1122 1409 1204 1450 Reg-

142 1459 174 1480 ni
189 1460 228 1481 no
255 1461 278 1480 ri
292 1459 385 1481 tertio.

358 1579 418 1610 Pro
435 1575 576 1609 Arnaldo
594 1575 630 1609 de
649 1578 748 1625 Tryan
766 1577 878 1622 Nepote
894 1579 985 1622 Papae.

145 1660 272 1735 RE)‹(3
279 1661 442 1706 Omnibus,
460 1660 493 1691 ad
508 1671 579 1700 quos
593 1662 654 1693 &c.
674 1660 821 1706 Salutem3

274 1710 323 1731 um
339 1699 486 1731 Dominus
499 1698 533 1729 E.
550 1710 639 1738 nuper
656 1699 722 1729 Rex
737 1700 865 1740 Anglice,
882 1696 965 1730 Pater
981 1699 1094 1738 noster,
1112 1701 1203 1732 unde-

140 1738 221 1769 cimo
235 1738 279 1770 die
294 1738 491 1777 Novembris,
511 1748 586 1768 anno
600 1738 695 1776 Regni
709 1738 748 1769 sui
762 1738 934 1775 undecimo,
954 1748 1003 1775 per
1018 1739 1125 1769 Literas
1144 1739 1202 1771 suas

139 1775 284 1816 Parentes,
299 1777 485 1815 concesserit,
503 1776 609 1806 Nobili
628 1772 701 1806 Viro
721 1778 756 1807 &
778 1776 864 1806 Fideli
884 1775 999 1814 nostr0,
1018 1777 1146 1808 Arnaldo
1166 1779 1203 1810 de

138 1814 254 1855 Tryan,
272 1815 385 1853 Nepoti
399 1815 523 1846 Domini
536 1814 648 1845 Summi
664 1813 826 1852 pontificis,
839 1814 1012 1858 *Trescentas
1026 1815 1125 1846 Libras
1137 1817 1202 1848 Tu-

138 1855 300 1885 ronensium
322 1854 497 1890 Parvorum,
516 1852 720 1891 percipiendas,
747 1853 858 1892 singulis
876 1854 971 1890 annis,
997 1863 1026 1882 in
1045 1853 1127 1884 Festo
1147 1855 1200 1887 Pa-

138 1891 231 1930 schae,
244 1903 294 1930 per
309 1902 408 1922 manus
421 1890 629 1922 Constabularii
644 1891 726 1929 ipfius
741 1891 828 1922 Patris
841 1890 930 1921 nostri
942 1891 1135 1932 Burdegaliae,
1150 1896 1200 1932 qui

158 1941 191 1961 ro
205 1940 335 1969 tempore
349 1931 440 1968 foret,
459 1929 604 1968 quousque
624 1930 742 1967 praefato
760 1929 889 1960 Arnaldo
911 1930 947 1960 de
968 1929 1128 1962 Trescentis
1146 1933 1199 1963 Li-

136 1939 219 1999 Eratis
233 1968 334 1999 Terrae
345 1968 576 2006 Turonensium,
595 1978 645 2006 per
661 1968 779 1999 Annum
793 1967 930 1998 habendis
946 1967 995 1998 sibi
1012 1969 1047 1999 δε
1065 1968 1200 2002 Haeredi—

134 2008 186 2038 bus
206 2007 257 2037 suis
277 2009 485 2045 imperpetuum
498 2031 508 2045 ,
532 2006 649 2038 duceret
669 2006 880 2045 providendum
898 2018 909 2043 3
941 2014 1026 2044 prout
1046 2007 1077 2037 in
1098 2008 1199 2041 Literis

133 2045 274 2085 praedie'tis
288 2046 394 2084 plenius
406 2046 585 2076 continetur:

168 2083 253 2122 Nos,
272 2094 326 2122 pro
348 2086 429 2115 bono
444 2084 584 2122 Servitio,
603 2083 681 2122 quod
694 2084 824 2122 praefatus
839 2082 977 2114 Arnaldus
998 2084 1080 2127 nobis
1100 2084 1197 2118 haste-

129 2131 182 2153 nus
196 2123 348 2162 impendit,
368 2124 402 2154 δε
416 2123 561 2160 impendet
574 2124 603 2152 in
617 2123 759 2160 futurum,
777 2121 995 2154 conceffionem
1006 2124 1088 2161 iplius
1107 2124 1196 2157 Patris

129 2161 222 2192 nostri
233 2162 415 2200 supradi&am
429 2169 604 2198 acceptantes
617 2163 652 2193 &
667 2162 869 2201 approbantes,
886 2160 1019 2192 volumus
1033 2162 1066 2193 ὃς
1088 2173 1196 2195 conce—

130 2199 242 2238 dimus,
260 2210 314 2237 pro
333 2201 416 2231 nobis
436 2202 469 2232 ἃ·
488 2199 659 2230 Haeredibus
674 2200 792 2239 nostris,
832 2199 890 2230 uod
903 2199 981 2230 idem
995 2200 1133 2233 Arnaldus
1145 2204 1196 2235 ha.

130 2238 214 2278 beat,
232 2239 266 2269 &
300 2240 415 2278 ercipiat
429 2239 516 2269 distas
528 2238 693 2269 Trescentas
709 2239 808 2269 Libras
853 2238 1053 2277 tironensium,
1067 2240 1098 2269 in
1114 2241 1195 2273 didio

131 2276 217 2308 Festo
237 2276 277 2306 Pa
288 2277 366 2316 chae,
393 2287 443 2315 per
465 2287 563 2308 manus
584 2277 794 2308 Constabularii
814 2276 903 2307 nostri
922 2276 1094 2317 Burdegaliae
1107 2303 1118 2318 ,
1144 2283 1194 2319 qui

130 2324 337 2384 {5215ssssssss
354 2314 1194 2392 fifiiififlffifflqussessidfflnQnaffi‘sszn‘ffiisffisffsifflffi‘

573 2377 581 2391 j
804 2377 814 2391 5
1180 2376 1194 2382 ³

131 2391 214 2422 dibus
227 2393 278 2422 suis
292 2393 501 2430 imperpetuum
511 2414 521 2430 ,
537 2391 700 2423 duxerimus
712 2392 930 2431 providendum.

166 2467 201 2499 ln
216 2468 295 2506 cujus
307 2468 369 2500 &c.

169 2543 260 2576 Teste
272 2543 356 2584 Rege
369 2543 443 2582 apud
458 2544 590 2583 Eltham,
610 2544 734 2576 secundo
745 2545 792 2576 die
806 2545 912 2578 Martii.

129 2621 219 2684 ET
237 2621 401 2653 mandatum
422 2621 464 2652 est
483 2620 699 2653 Constabulario
719 2623 809 2660 Regis
829 2623 1001 2662 Burdegaliae
1042 2627 1092 2664 qui
1113 2637 1191 2659 nunc

130 2698 137 2703 ·
206 2660 264 2699 est,
280 2661 327 2692 vel
343 2662 393 2698 qui
406 2671 460 2698 pro
475 2668 606 2704 tempore
620 2662 687 2699 erit,
706 2662 784 2699 quod
800 2662 894 2692 eidem
909 2648 1055 2703 Arnaltio,
1073 2666 1118 2696 vel
1134 2668 1191 2704 ejus

127 2707 158 2728 m
177 2699 231 2730 hac
250 2708 326 2737 parte
345 2700 500 2730 Attornato
515 2723 525 2738 ,
547 2699 634 2729 dietas
653 2700 819 2730 Trescentas
840 2700 940 2732 Libras
962 2702 1190 2743 Turonensium,

129 2736 240 2775 singulis
260 2739 355 2775 annis,
373 2738 402 2767 in
419 2737 504 2768 Festo
523 2737 678 2776 praedicto,
696 2737 732 2768 de
754 2738 880 2769 Exitibus
903 2739 1034 2770 Ducatfis
1046 2742 1191 2782 praeditfiti,

128 2773 217 2806 solvat
232 2776 309 2812 juxta
326 2784 457 2807 tenorem
476 2776 616 2806 literarum
636 2776 854 2815 praedidtarum3
878 2778 912 2808 ὃς
932 2778 997 2808 Rex
1020 2780 1046 2809 ei
1068 2781 1136 2810 inde
1159 2782 1189 2811 in

129 2810 284 2882 Cogit-foto
297 2814 365 2853 suo,
382 2814 416 2846 ad
431 2814 611 2846 Scaccarium
623 2814 730 2854 Regis,
747 2815 873 2846 debitam
886 2816 1084 2848 allocationem
1102 2819 1191 2851 habe-

129 2860 163 2882 re
205 2860 268 2883 eiet.

164 2926 255 2959 Teste
269 2928 402 2967 utsupra.

386 3056 446 3088 Pro
464 3057 550 3087 Petro
564 3052 600 3086 de
616 3057 682 3088 Via
701 3058 782 3102 Papae
802 3058 924 3103 Nepote.

130 3139 244 3200 REX
257 3139 409 3178 omnibus,
427 3139 461 3170 ad
474 3149 546 3178 quos
556 3162 566 3178 ,
581 3139 639 3171 &c.
660 3139 793 3171 Salutem.

223 3177 304 3209 Cum
326 3178 472 3209 Dominus
491 3177 528 3208 E.
546 3176 607 3213 &c.
626 3185 658 3208 ut
672 3177 758 3217 ficpra
776 3191 792 3209 a
805 3190 855 3219 que
873 3180 911 3210 ibi
929 3182 962 3213 δε
985 3182 1059 3213 fideli
1074 3184 1188 3224 nostro,

129 3216 217 3248 Petro
232 3216 269 3247 de
283 3216 337 3247 Via
351 3215 467 3254 Nepoti
487 3215 613 3247 Domini
636 3216 750 3247 Summi
798 3217 937 3257 ontificis,
955 3220 1119 3252 Trescentas
1139 3223 1189 3253 Li-

128 3257 208 3294 bras,
225 3254 456 3293 Turonenfium,
474 3254 649 3293 Parvorum,
666 3256 857 3293 percipiendas
870 3255 930 3291 &c.
944 3265 975 3287 ut
982 3258 1068 3297 st'aepra
1083 3270 1188 3298 quous-

128 3305 185 3333 que
206 3293 323 3332 praefato
347 3291 434 3323 Petro
455 3293 491 3323 de
507 3293 666 3324 Trescentis
690 3294 709 3313 ²*
734 3294 854 3325 Libratis
866 3295 966 3327 Terrae
978 3297 1189 3329 Turonenfium

129 3344 178 3371 per
193 3333 312 3363 Annum
325 3331 459 3362 habendis
474 3329 534 3367 &c.
547 3339 580 3362 ut
585 3330 670 3371 ficpra
682 3336 796 3364 mutatis
809 3334 953 3364 mutandis.

163 3409 198 3441 In
211 3410 290 3448 cujus
305 3409 365 3441 &c.

166 3485 257 3521 Teste
273 3485 357 3526 Rege
371 3493 402 3517 ut
421 3485 508 3524 supra.

614 3565 668 3594 Per
681 3566 774 3595 Breve
787 3565 820 3595 de
827 3567 944 3604 privato
957 3563 1057 3603 sigillo.

131 3644 404 3725 E'Ifiprpgndatum
425 3648 466 3682 est
487 3648 706 3684 Constabulario
724 3651 812 3692 Regis
825 3650 1016 3692 Burdegaliae,
1029 3647 1091 3687 ὀί·
1103 3658 1186 3691 frma

619 89 1424 140 CONVENTIONES,
1480 92 1867 142 LITERAE,

140 183 237 223 .quod
253 181 382 222 praefams
397 180 506 212 Comes
520 180 580 218 (qui
595 178 748 209 Personam
761 177 831 208 dieti
844 176 947 208 Prioris
960 177 1058 209 favore
1078 178 1222 218 prosequi-

2340 211 2417 243 Anti.
2426 207 2469 245 D.

2366 261 2453 291 1329.

2334 293 2403 319 Edv.
2424 304 2451 330 3.

1282 265 1341 300 Ad
1354 269 1468 313 Papam
1489 278 1545 313 pro
1562 267 1716 300 Leonardo
1732 267 1768 301 de
1781 266 1913 301 Tibercis
1928 272 1961 300 in
1979 271 2113 300 Priorem
2130 269 2298 314 Hospitalis

1361 317 1466 348 Sansli
1479 314 1635 362 Johannis
1653 315 1830 362 Jerufizlem
1846 321 1878 349 in
1893 317 2011 362 Anglia
2023 315 2213 362 praeficiendo.

1256 399 1405 459 PAPAE
1422 399 1488 431 Rex
1500 400 1603 432 devota
1616 401 1720 439 pedum
1735 400 1827 431 oscula
1839 401 1996 431 beatorum.
2333 382 2431 443 {3⁷³2}

1343 438 1465 478 Nuper,
1492 439 1574 470 Pater
1596 439 1790 477 Sandriffime,
1816 439 2000 477 Depreffioni
2023 433 2320 478 FratrumNi-Iospitalis
2333 438 2411 482 Rmss'

1255 475 1500 518 SanfflJohannis
1511 478 1661 516 Jerusalem
1677 479 1706 507 in
1719 478 1826 516 Angli&
1839 479 1889 516 pio
1906 479 2109 516 compatientes
2122 476 2245 516 affectu,
2261 479 2320 517 qui,
2398 478 2405 483 ⁰
2422 467 2450 494 δ’

1254 517 1304 544 etli
1326 518 1376 552 pe'r
1395 517 1583 546 annexionem
1603 512 1777 555 Terrarum,
1794 526 1857 555 quae
1878 516 2026 554 quondam
2044 516 2157 547 fuerunt
2179 516 2319 555 Templa*

1257 553 1382 590 riorum,
1401 555 1439 583 eis
1460 554 1565 584 saetam
1586 555 1616 584 in
1639 554 1769 586 Consilio
1791 554 1940 591 Vienenfi,
1963 555 1992 584 in
2015 554 2236 585 Posseffionibus
2257 563 2320 588 non

1256 590 1440 622 mediocriter
1453 592 1558 622 fuerint
1571 595 1742 632 augmentati
1762 629 1766 632 ⁴
1779 593 1856 625 tanta
1866 602 1961 624 tamen
1983 592 2179 630 deprimuntur
2199 592 2318 633 inopia,

1254 629 1391 668 tantisque
1410 639 1558 669 gravantur
1576 630 1720 662 oneribus
1738 618 1929 670 Debitoruin,
1947 639 1978 662 ut
1996 631 2033 661 de
2051 631 2175 669 ipsorum
2200 631 2318 670 Disper-

1253 667 1332 698 sione
1352 669 1537 698 verifimiliter
1556 669 1726 700 timebamus
1746 680 1804 708 prae
1827 670 2008 702 multitudine
2030 669 2218 702 Creditorum
2231 694 2241 709 ,
2267 672 2317 710 qui

1253 707 1351 773 onssnia
1370 706 1449 737 Bona
1470 706 1595 737 Mobilia
1610 708 1691 745 ipsius
1705 708 1859 747 Hospitalis
1871 719 1924 748 pro
1938 709 1990 739 suis
2005 708 2118 740 Debitis
2128 708 2249 747 diripere
2264 719 2317 740 co-

1253 753 1289 773 na
1311 753 1408 783 antur,

1290 782 1401 813 Vestrae
1415 782 1582 813 Beatitudini
1594 793 1689 822 preces
1702 795 1756 816 nos
1775 787 1955 817 meminimus
1973 785 2100 816 direxisse
2122 794 2169 824 ut,
2188 792 2243 824 pro·
2262 797 2315 825 eo,

1251 821 1331 887 fiuod
1347 821 1440 851 Frater
1453 822 1584 852 Thomas
1597 822 1739 862 Larcher,
1759 822 1840 854 Prior
1854 825 2004 863 Hospitalis
2018 825 2165 863 praedieti,
2183 825 2260 855 senio
2281 827 2316 857 δε

1272 858 1395 890 ebilitate
1419 860 1598 898 confractus,
1616 861 1652 892 ab
1669 861 1751 898 ipfius
1771 862 1941 902 Regimine,
1958 872 2067 901 propter
2086 863 2125 893 sui
2141 863 2316 894 Insufficien-

2336 496 2366 519 E.
2383 503 2410 530 3,

2330 541 2368 559 '⁷’-
2386 542 2429 568 5⁴.

1248 898 1317 940 tiam
1326 920 1335 941 2
1353 897 1486 928 desiderat
1500 898 1629 936 relaxari,
1642 901 1742 937 jubere
1756 899 1942 943 dignaremini
1958 911 2064 941 magno
2084 901 2225 941 Magistro
2246 902 2315 933 Ho-

1248 934 1346 972 spitalis
1359 936 1504 976 praediCti,
1523 946 1554 967 ut
1569 936 1736 968 Ceffionem
1752 940 1834 977 iPlluS
1847 939 1949 970 Prioris
1969 940 2145 978 admitteret,
2164 941 2213 979 ἃ,
2232 940 2314 972 Reli-³

1247 973 1358 1012 giosum
1374 974 1492 1012 Virum,
1511 975 1635 1006 Fratrem
1650 976 1833 1007 Leonardum
1846 977 1882 1007 de
1895 978 2046 1016 Tibercis,
2065 978 2195 1009 Priorem
2215 979 2312 1010 Vene-

1247 1014 1349 1080 giagim
1358 1035 1368 1051 ,
1383 1015 1431 1051 qui
1443 1014 1478 1044 ad
1490 1012 1667 1045 Visitandum
1679 1014 1784 1046 Fratres
1797 1015 1948 1053 praeditstos
1963 1018 1992 1046 in
2004 1016 2109 1056 Angli&
2122 1027 2212 1056 nuper
2225 1018 2310 1049 fuerit

1268 1061 1284 1080 e
1311 1061 1418 1090 inatus,

1284 1089 1386 1129 Qem
1400 1090 1503 1122 Virum
1515 1093 1649 1123 novimus
1664 1101 1710 1122 ma
1731 1102 1775 1123 nae
1796 1091 2069 1131 Circumspeecionis
2089 1094 2123 1125 &
2142 1094 2309 1134 Industriae,

1247 1128 1280 1158 &
1295 1130 1361 1167 qui,
1376 1140 1429 1167 pro
1445 1129 1632 1161 Relevatione
1645 1131 1738 1161 Status
1753 1131 1875 1170 ejusdem
1887 1131 2054 1169 Hospitalis,
2073 1132 2106 1162 &
2118 1132 2251 1165 Moribus
2268 1145 2314 1165 re-

1246 1165 1421 1207 formandis,
1441 1168 1543 1199 utiliter
1558 1170 1591 1200 &
1607 1169 1778 1200 laudabiliter
1793 1170 1947 1200 dinoscitur
1961 1169 2116 1208 laborasse,

1283 1204 1431 1245 Regimiui
1449 1206 1571 1244 ejusdem
1588 1207 1733 1239 Prioratsis
1748 1208 1922 1247 praeficeret,
1939 1209 1973 1240 &
1989 1209 2015 1238 ei
2031 1208 2138 1239 Curam
2151 1209 2184 1240 &
2208 1210 2311 1242 Admi-

1228 1242 1439 1276 -nistrationem
1462 1247 1656 1277 committeret
1675 1246 1828 1284 Hospitalis
1848 1247 2015 1288 supradieti3
2033 1257 2065 1277 ac
2086 1247 2178 1277 eidem
2194 1248 2310 1288 Magno

1244 1279 1403 1325 Magistro,
1421 1283 1501 1322 super
1513 1284 1586 1322 hoc,
1604 1285 1711 1315 nostras
1727 1285 1844 1316 Litteras
1859 1286 1980 1316 similiter
2001 1284 2171 1324 direximus,
2189 1287 2311 1318 iminen-

1243 1326 1279 1350 tia
1294 1322 1437 1360 pericula,
1454 1322 1488 1353 &
1501 1323 1647 1354 dese-{tum
1668 1323 1739 1354 boni
1759 1324 1937 1363 Reoiminis,
1955 1323 2078 1363 ejusdem
2098 1322 2250 1362 Hospitalis
2269 1326 2311 1357 se-

1242 1359 1339 1390 riolius
1361 1362 1556 1399 continentes3
1576 1363 1624 1400 qui
1646 1362 1762 1400 quidem
1783 1349 1922 1402 Nl'agister
1934 1362 2021 1393 nichil
2034 1361 2100 1392 inde
2113 1362 2256 1401 hucusque
2267 1364 2308 1394 fa-

1242 1406 1307 1428 cere
1321 1400 1447 1437 curavit,
1465 1410 1511 1438 ea,
1531 1410 1596 1439 quae
1608 1400 1657 1431 sibi
1671 1401 1710 1431 fic
1722 1410 1773 1441 per
1784 1401 1853 1432 Nos
1866 1402 1993 1432 intimata
2007 1401 2132 1439 fuerant,
2150 1403 2308 1434 maturitate

1239 1436 1337 1467 debita
1352 1437 1507 1469 nullatenus
1521 1438 1725 1477 ponderando;
1740 1439 1777 1469 de
1787 1449 1847 1478 quo
1862 1441 1996 1470 miramur
2009 1441 2226 1479 necimmerito,
2236 1451 2308 1478 prae-

1241 1474 1335 1518 sertim
1347 1485 1415 1506 cum
1429 1475 1506 1507 idem
1521 1477 1671 1516 Thomas,
1689 1477 1843 1509 Senectute
1857 1478 2057 1517 decrepita,&
2070 1477 2211 1516 Corporis
2227 1479 2307 1510 Pon-

1239 1513 1388 1557 derolitate
1400 1523 1544 1555 gravatus,
1562 1525 1616 1546 nec
1630 1516 1656 1547 se
1669 1516 1759 1554 ipsum
1773 1526 1886 1557 regere,
1904 1527 1958 1547 nec
1974 1518 2087 1556 negotia
2102 1517 2183 1555 ipsius
2197 1516 2306 1556 Hospi-

1239 1552 1300 1583 talis
1315 1552 1487 1592 discernere,
1502 1555 1548 1585 seu
1562 1554 1729 1595 disponere,
1747 1556 1835 1587 valeat
1850 1563 1881 1587 ut
1898 1555 2025 1586 deceret:

1277 1590 1371 1622 Unde
1391 1591 1527 1630 Dampna
1546 1594 1782 1633 irrecuperabilia,
1800 1605 1853 1633 pro
1876 1593 1990 1625 defeetu
2012 1593 2190 1632 Regiminis,
2209 1594 2304 1626 eidem

1240 1628 1381 1667 Hospitali
1394 1634 1534 1670 promptis
1547 1633 1692 1663 evenirent
1704 1634 1878 1672 eventubus,
1897 1633 1946 1664 nisi
1963 1644 1995 1664 ea
2008 1634 2097 1672 major
2110 1633 2191 1671 ipfius
2205 1633 2305 1665 Vifita-

1240 1669 1308 1698 toris
1321 1667 1439 1700 Cautela
1451 1670 1575 1709 provido
1587 1671 1705 1702 consilio
1719 1671 1880 1704 declinaret.

1253 1744 1258 1750 .
1277 1706 1319 1737 Ea
1330 1716 1447 1745 propter
1458 1709 1603 1740 Sanctitati
1615 1709 1716 1740 vestrae
1730 1712 1834 1741 votivis
1847 1710 1997 1742 affectibus
2009 1710 2214 1749 supplicamus,
2233 1721 2304 1749 qua-⁸

1239 1753 1312 1775 tinus
1346 1746 1417 1777 dicti
1429 1746 1581 1786 Hospitalis
1594 1748 1710 1779 utilitate
1721 1749 1845 1786 pensata,
1864 1750 2008 1788 injungere
2024 1749 2182 1786 dignemini
2225 1750 2305 1780 raefa-

1239 1791 1271 1814 to
1288 1769 1447 1824 Magistro,
1471 1795 1520 1824 ut,
1547 1785 1684 1817 Ceffione
1705 1787 1812 1826 praefati
1831 1787 1959 1818 Thomae
1979 1787 2110 1827 admissa,
2134 1760 2305 1825 praedietum

1239 1822 1366 1853 Fratrem
1388 1823 1572 1855 Leonardum
1594 1825 1718 1864 ejusdem
1742 1825 1895 1864 Hospitalis
1921 1825 2092 1865 Reginum,
2122 1826 2191 1856 loco
2218 1827 2303 1864 iplius

1237 1860 1382 1899 Thomae,
1401 1862 1558 1902 substituat,
1576 1863 1622 1895 seu
1638 1863 1772 1902 praeficiat
1786 1865 1843 1895 fine
1857 1864 1947 1895 mora.

1274 1898 1350 1929 Non
1371 1901 1448 1931 enim
1470 1901 1609 1932 credimus
1628 1902 1723 1933 eidem
1742 1902 1899 1943 Hospitali,
1916 1902 1951 1933 ad
1975 1902 2111 1941 praesenS,
2129 1902 2166 1933 de
2180 1902 2299 1940 persona

1235 1937 1287 1968 alia
1301 1939 1382 1976 posse
1395 1940 1498 1971 utiliter
1513 1940 1674 1979 provideri,
1690 1942 1814 1972 maxime
1826 1951 1860 1972 ex
1874 1952 1910 1972 eo
1923 1941 2001 1980 quod
2016 1943 2072 1979 ejus
2090 1940 2204 1971 fidelitas
2224 1941 2299 1979 apud

1234 1975 1347 2007 Incolas
1367 1977 1447 2016 hujus
1466 1978 1564 2018 Regni
1582 1980 1643 2016 jam
1659 1980 1803 2010 evidenter
1819 1979 1861 2010 est
1874 1981 2002 2018 cognita,
2020 1989 2054 2010 ac
2070 1979 2299 2016 Circumspectio

1234 2016 1441 2054 comprobata,
1455 2017 1489 2047 &
1510 2027 1560 2055 per
1582 2017 1671 2055 ipsum
1692 2017 1769 2048 idem
1793 2017 1940 2056 Hospitale
1959 2028 1974 2048 a
1997 2017 2099 2056 magna
2109 2019 2166 2055 jam
2180 2026 2298 2048 exutum

1234 2052 1276 2083 est
1288 2053 1395 2085 sarcina
1408 2054 1599 2094 Debitorum,
1615 2057 1648 2087 δε
1661 2056 1780 2086 fortaffis
1787 2079 1797 2094 ,
1815 2057 1834 2087 si
1844 2066 1929 2087 novae
1944 2057 2155 2095 incognitaeque
2169 2054 2299 2087 Personae

1234 2092 1346 2123 dietum
1366 2093 1510 2133 Regimen
1532 2094 1701 2133 traderetur,
1725 2105 1802 2133 non,
1830 2094 1886 2125 fine
1907 2094 2051 2125 laboriosis
2070 2094 2242 2132 sumptibus,
2261 2094 2296 2124 ad

1231 2131 1316 2176 talem
1329 2132 1363 2163 &
1376 2140 1484 2164 tantam
1505 2142 1665 2165 comunem
1684 2135 1815 2165 notitiam
1834 2133 1928 2172 posset
1939 2157 1950 2174 ,
1968 2143 1999 2165 ut
2021 2132 2179 2172 credimus,
2196 2132 2233 2163 de
2253 2132 2295 2163 fa-

1232 2171 1280 2201 cili
1294 2173 1451 2208 pervenire.

1271 2208 1430 2242 conservet
1443 2211 1503 2243 &c.

1269 2285 1338 2318 Dat.
1357 2287 1430 2334 apud
1444 2287 1557 2320 Eltham
1566 2313 1576 2329 ,
1591 2290 1676 2321 tertio
1692 2275 1739 2322 die
1753 2290 1862 2322 Martii.

1364 2410 1425 2445 Ad
1439 2411 1629 2460 Magistrum
1646 2412 1813 2460 Hospitalis
1827 2423 1885 2460 pro
1903 2411 1981 2445 dislo
1997 2410 2162 2447 Leonardo.

1229 2495 1361 2554 REX,
1379 2498 1512 2535 religioso
1534 2499 1627 2537 Viro,
1646 2498 1736 2530 Fratri
1756 2498 1855 2529 Elioni
1873 2498 1910 2529 de
1928 2497 2004 2528 Villa
2019 2495 2113 2526 Nova
2150 2492 2292 2538 Magistro
2311 2498 2386 2529 Αῃῃ,
2400 2499 2444 2533 Ῑ),

1289 2534 1457 2579 'Hospitalis
1469 2538 1565 2569 saneti
1573 2538 1712 2576 Johannis
1719 2537 1888 2577 Jerusalem,
1900 2535 2042 2573 sautem,
2060 2535 2094 2565 &
2109 2517 2224 2563 sincerae
2237 2532 2293 2562 Di-
2332 2548 2417 2579 1329.

1228 2571 1357 2604 lectionis
1371 2574 1519 2606 affectum.
2165 2610 2169 2614 ⁵
2311 2582 2362 2605 An.
2382 2588 2409 2615 3.

1267 2611 1319 2641 Ob
1332 2612 1491 2644 affecuonis
1503 2615 1670 2652 puritatem,
1687 2612 1744 2651 quii
1757 2612 1865 2643 Fratres
1878 2611 2030 2650 Hospitalis
2044 2609 2171 2654 praedi&i
2185 2609 2294 2647 ample·
2308 2621 2338 2644 Ε,
2360 2626 2386 2652 3,

1227 2648 1351 2689 (tinam,
1369 2660 1472 2682 eorum
1487 2652 1670 2690 Depreffioni
1683 2651 1716 2682 &
1727 2650 1892 2690 Indigentiae
1907 2650 2015 2681 mederi
2028 2648 2211 2680 desiderantes
2232 2649 2293 2692 Κρ-
2309 2655 2415 2684 [bidem

1226 2688 1324 2718 medio
1345 2697 1510 2729 oportuno,
1527 2690 1630 2722 vestrae
1652 2690 1807 2730 prudentiae
1831 2689 1950 2719 Litteras
1965 2687 2074 2719 nostras
2089 2687 2294 2725 deprecatorias

1228 2728 1411 2757 meminimus
1425 2738 1476 2759 nos
1491 2729 1638 2767 direxisse,
1656 2736 1687 2759 ut
1702 2738 1756 2766 pro
1773 2737 1826 2765 eo,
1845 2726 1926 2766 quod
1941 2726 2031 2757 Status
2047 2726 2169 2765 ejusdem
2187 2725 2293 2763 Hospi-

1226 2765 1284 2795 talis
1306 2766 1496 2797 miserabiliter
1514 2767 1713 2805 depauperatus
1733 2765 1791 2805 est,
1810 2767 1844 2797 &
1858 2765 1924 2796 AEri
1939 2765 2092 2802 suppositus
2105 2765 2216 2802 alieno,
2234 2773 2290 2794 nec

1225 2803 1319 2873 ¹potest
1328 2827 1344 2872 ,l
1356 2805 1536 2849 sine-magnis
1552 2805 1818 2846 Circumspectione
1832 2806 1865 2835 δε
1881 2803 2019 2834 Industria
2034 2803 2228 2841 PraesidentiS,
2241 2802 2293 2833 de-

1247 2850 1290 2873 itis
1305 2853 1335 2873 re
1347 2853 1437 2874 evari:

1265 2881 1284 2900 *²
1304 2881 1350 2913 Ac
1359 2907 1368 2920 ,
1386 2881 1504 2913 dilectus
1518 2884 1600 2914 nobis
1613 2885 1643 2914 in
1656 2882 1791 2921 Christo,
1806 2882 1901 2914 Frater
1914 2881 2045 2924 Thomas
2057 2879 2294 2918 l’Archer,Prior
2315 2901 2331 2918 ,ι
2343 2902 2386 2930 IV

1225 2918 1378 2966 Hospitalis
1396 2921 1525 2960 praediffl
1544 2923 1574 2952 in
1594 2921 1715 2962 Anglia,
1733 2920 1793 2957 &a
1806 2928 1889 2961 prout
1900 2920 1988 2961 supra
2005 2918 2083 2962 ustae
2109 2919 2165 2950 haec
2187 2917 2293 2955 verba,
2314 2949 2379 2978 379·
2395 2921 2404 2929 ¹

1225 2969 1288 2988 viz.
2430 2965 2441 2977 ·¹

1263 2998 1469 3037 Qiamobrem
1491 2999 1703 3031 Discretionem
1724 2998 1847 3031 vestram
1874 3007 2003 3039 rogamus
2017 3021 2027 3035 ,
2063 2995 2096 3026 &
2124 2995 2292 3038 requirimus

1225 3037 1419 3076 consulendo,
1438 3040 1582 3078 quatinus,
1593 3037 1737 3077 praemiffis
1750 3039 1908 3069 maturitate
1920 3034 2015 3067 debiri‘i
2027 3032 2205 3071 ponderatis,
2220 3032 2293 3063 Ces-

1224 3075 1331 3106 sionem
1346 3078 1451 3115 praefau
1467 3077 1594 3108 Thornae
1606 3077 1769 3114 admittere,
1781 3076 1949 3112 dierumque
1963 3073 2092 3116 Fratrem
2105 3071 2290 3102 Leonardum

1224 3113 1374 3152 Regimini
1387 3115 1508 3153 ejusdem
1520 3116 1673 3154 Hospitalis
1688 3114 1846 3153 praeficere,
1865 3123 1925 3156 non
1940 3110 2060 3141 tardetis.
2276 3148 2286 3156 Ἀ

1262 3152 1339 3184 Non
1361 3154 1441 3184 enim
1462 3154 1604 3185 credimus
1627 3154 1720 3184 eidem
1736 3150 1897 3188 Hospitali,
1916 3149 1951 3180 ad
1965 3147 2163 3193 praesens2de¹
2173 3146 2289 3188 persona

1224 3191 1277 3221 alia
1291 3191 1372 3229 posse
1386 3193 1487 3223 utiliter
1501 3192 1665 3230 provideri,
1682 3191 1805 3220 maxime
1820 3198 1854 3218 ex
1870 3198 1906 3218 eo
1919 3187 1997 3231 quod
2012 3198 2069 3226 ejus
2077 3186 2204 3218 Fidelitas
2216 3186 2290 3225 apud

1225 3228 1337 3260 Incolas
1358 3230 1438 3268 hujus
1458 3231 1558 3267 Regni
1573 3230 1633 3268 jam
1652 3227 1795 3260 evidenter
1819 3226 1862 3257 est
1875 3235 2005 3266 cogmta,
2025 3224 2086 3261 &c.
2104 3225 2138 3256 de
2151 3223 2232 3255 verbo
2252 3223 2295 3254 ad

1225 3267 1341 3298 verbum
1349 3274 1431 3305 prout
1439 3267 1534 3306 sicpra.

1264 3342 1333 3374 Dat.
1350 3351 1384 3374 ut
1398 3344 1486 3382 supra.

1414 3491 1474 3521 Pro
1493 3486 1648 3536 Magistro
1668 3490 1787 3522 Simone
1803 3486 1838 3520 de
1859 3488 1970 3521 Monte
1985 3487 2097 3520 Acuta.

1274 3572 1369 3604 APAE
1384 3573 1449 3605 Rex
1463 3573 1566 3606 devota
1580 3573 1693 3605 Pedum
1709 3573 1802 3604 oscula
1822 3573 1981 3604 beatorum,
2105 3606 2110 3612 ‚
2227 3604 2233 3610 ,
2276 3604 2282 3610 ,
2297 3571 2372 3604 Ann.
2388 3574 2430 3609 D,

1310 3612 1463 3643 Laudanda
1481 3614 1618 3644 virtutum
1641 3613 1757 3650 merita,
1781 3612 1879 3642 dileffi
1898 3610 2005 3642 Clerici
2023 3605 2127 3652 nostri,
2153 3602 2283 3648 Mag¹st13
2318 3621 2404 3652 1329,

1221 3649 1348 3681 Simonis
1371 3651 1406 3682 de
1421 3651 1529 3682 Monte
1542 3651 1639 3682 Acuto
1656 3652 1734 3690 (qui,
1752 3651 1831 3681 claris
1847 3659 1925 3681 ortus
1936 3645 2102 3681 Natahbus,
2121 3652 2230 3687 genens
2242 3641 2282 3672 su¹
2298 3654 2349 3680 An.
2367 3663 2392 3690 3,

1222 3686 1415 3720 Nobilitarern
1438 3688 1560 3720 Morum
1580 3691 1614 3722 &
1639 3689 1870 3721 Conversationis
1890 3684 2033 3718 venustate
2048 3681 2154 3725 studuit
2167 3681 2284 3711 decora·
2296 3693 2324 3716 E.
2351 3700 2377 3727 3.

1222 3727 1266 3763 re)
1280 3728 1377 3766 utique
1389 3736 1587 3766 promerentur
1607 3736 1657 3766 ut,
1675 3737 1728 3766 pro
1749 3730 1805 3767 ejus
1826 3726 1950 3757 Honore
1968 3723 2007 3766 ὃς
2023 3719 2202 3764 Ρι-οξεᾶὶὼυε
2223 3729 2285 3750 atn-
2296 3731 2367 3757 Rom.
2379 3738 2404 3766 3.

1222 3765 1354 3804 pliandis‚
1373 3776 1456 3804 penes
1468 3766 1591 3797 vestram
1605 3765 1799 3797 Clementiam
1814 3764 1918 3794 votivis
1930 3760 2063 3800 precibus
2082 3756 2245 3801 ¹¹².s1st².“¹.u⁵·
2296 3769 2319 3793 Ε
2348 3777 2374 3804 3.
2391 3776 2429 3799 m.

1261 3803 1462 3842 Qamobrem
1474 3804 1598 3834 eundem
1614 3803 1761 3835 Clericum
1773 3802 1902 3833 nostrum
1923 3798 2024 3830 vestrae
2043 3795 2211 3839 Beatitudini
2231 3796 2286 3841 firi-
2297 3805 2325 3832 ⁶,

1222 3851 1292 3872 cero
1316 3842 1583 3873 recommendamus
1603 3842 1728 3880 affectu,
1744 3840 1874 3872 devotius
1892 3837 2073 3885 supplicantes
2094 3843 2287 3881 (luatlpusfib

1221 3880 1288 3910 dem
1305 3879 1421 3912 Clerico
1435 3881 1553 3920 nostro,
1568 3881 1605 3911 de
1618 3881 1765 3920 Dignitate
1779 3887 1847 3909 cum
1860 3875 1955 3919 Cura,
1972 3873 2018 3918 vel
2031 3872 2088 3917 sine
2103 3870 2180 3902 Cura
2186 3873 2288 3920 §etiam

1221 3918 1242 3949 fi
1256 3918 1338 3948 suerit
1350 3918 1489 3957 Eieffiva)
1509 3921 1658 3958 quamcito
1672 3929 1735 3949 eam
1750 3926 1851 3947 vacare
1864 3920 2014 3949 contigerlt
2046 3921 2075 3940 m
2089 3909 2287 3955 Ecclesia,vel

1223 3955 1343 3987 Diocesi
1364 3957 1503 3988 Wellensi
1526 3959 1626 3996 (quam
1645 3956 1725 3988 idern
1745 3953 1874 3985 Clericus
1895 3951 1991 3981 noster
2030 3958 2117 3980 uxerit
2141 3958 2291 3988 acceptan-

1223 3993 1302 4033 dam)
1304 3996 1456 4035 providere
1469 3994 1813 4037 dignemini2nostrorum
1822 3990 2005 4031 rogaminum
2013 3989 2172 4021 interventu
2179 4000 2190 4028 3
2196 3990 2292 4064 (τίαὲἓὲ
