2562 4279
712 174 821 218 ET
904 173 1170 218 ACTA
1252 173 1727 218 PUBLICA.

20 254 145 291 Anu-D·
159 264 200 302 ri,
217 263 264 295 seu
278 263 397 296 diminui
409 265 438 297 in
451 261 612 304 praemiffis)
629 262 856 294 exhaeredationis
869 262 1025 302 periculum
1039 259 1115 304 poss‘e
1135 258 1206 290 veri*

41 302 126 334 1327.

17 336 83 364 Σάιν,
104 342 131 371 3.

22 590 42 610 θ
60 591 113 617 IV.

27 637 91 664 325·

52 1735 128 1767 Ann.
143 1731 186 1762 D.

73 1779 157 1811 1327.

52 1816 104 1840 An.
130 1821 151 1838 1.

54 1871 163 1915 Scordi.

56 1929 102 1962 ΕΞ
111 1933 183 1952 .m.1.

75 2723 152 2754 Arm.
166 2721 207 2752 D.

100 2769 183 2800 1327.

78 2805 132 2828 An.
150 2810 173 2826 1.

78 2843 109 2866 E.
128 2848 153 2874 3.

78 2882 145 2904 Scot.
167 2883 190 2901 1.

79 2919 110 2942 E.
141 2923 166 2950 3.

82 2962 119 2980 m.
143 2961 166 2980 ι.

95 3456 115 3477 *
135 3458 188 3484 IV.

98 3496 162 3531 326.

161 303 282 371 fi1riniliter
292 305 418 343 evenire,
426 314 459 335 ac
472 303 596 335 volentes
609 309 683 333 tanta
694 301 813 342 pericula
821 324 830 339 ,
844 301 978 340 quatenus
985 308 1136 340 poterimus
1144 298 1210 336 ,de-

163 351 180 372 c
203 351 268 371 nare

201 364 291 410 Vobi’s
305 380 468 411 mandamus
481 381 511 411 in
525 379 593 411 Fide
606 379 639 409 &
653 377 814 417 Ligeantifi,
841 377 941 415 quibus
960 375 1044 405 nobis
1065 373 1217 417 tenemini,

164 417 277 449 firmiter
292 420 484 458 injungentes,
500 418 579 458 quod
589 440 598 455 ,
614 417 693 446 omni
717 417 847 447 dilatione
867 413 1017 451 postposita
1032 436 1040 450 ,
1065 412 1219 451 Episcopos

165 455 448 496 comprovinciales,
463 458 531 488 cum
553 455 800 494 Archiepiscopalis
816 452 978 495 Jurisdietio
999 451 1081 493 vobis
1100 459 1221 487 compe-

168 503 220 533 tat,
239 495 338 526 eadem
353 496 424 526 Sede
440 503 570 532 vacante,
587 493 620 524 ad
636 500 746 523 certum
761 492 837 522 diem
870 489 905 519 ad
928 489 1080 532 Ecclesiam
1099 488 1219 519 vestram

167 533 398 565 Cantuariensem
412 535 514 564 faciatis
529 532 695 568 convocari,
713 539 816 560 munus
831 513 1056 570 Consecratronis
1076 527 1167 556 eidem
1182 526 1221 570 E-

168 572 262 611 icero,
280 572 435 602 secundum
450 572 468 592 ²*
485 572 552 609 juris
568 570 753 607 exigentiam,
771 566 872 604 absque
885 565 1022 596 ulterioris
1034 565 1173 596 dilationis
1181 574 1224 594 in-

170 610 349 648 commodo,
367 609 596 647 impendendum.
616 628 619 632 -
919 642 924 647 .
1148 642 1152 647 .

207 648 370 679 Inhibemus
385 649 470 679 etiam
483 648 581 684 vobis,
597 645 647 675 sub
661 642 833 674 forisfaetura
845 651 977 672 omnium
986 665 994 679 ,
1009 652 1072 681 quae
1085 641 1167 671 nobis
1178 641 1224 670 fo-

174 688 299 718 risfacere
313 687 452 724 poteritis,
468 688 506 716 ne
521 691 652 725 praetextu
669 682 781 719 alicujus
803 679 931 711 Mandati
942 703 951 718 ,
972 681 1016 710 seu
1040 679 1227 710 Commissio-

175 728 234 763 nis,
251 726 332 755 vobis
346 725 523 764 quacumque
536 721 699 752 auetoritate
708 719 790 757 faeci,
807 719 851 748 seu
866 718 1004 756 faciendi,
1017 719 1166 756 quicquam
1175 727 1227 747 no-

175 765 218 793 bis
232 762 409 801 inconsultis,
424 764 453 793 in
468 760 660 799 praejudicium
675 759 741 796 regii
754 757 829 795 Juris
842 756 930 788 nostri
945 757 1089 794 praedirsti,
1107 764 1152 786 aut
1162 756 1230 793 juris

175 802 283 839 praefati
296 800 403 839 Eleffi,
421 798 602 836 attemptetiS,
616 796 660 826 seu
674 805 723 834 per
746 796 812 825 alios
832 803 919 826 attem
940 795 991 825 tari
1011 795 1114 826 faciatis
1133 794 1233 834 quovis

177 840 284 876 modo,
301 839 415 870 scientes
430 836 526 876 quod,
543 835 561 865 si
576 835 652 865 secus
664 835 755 864 facere
770 834 907 871 praesump
919 834 1010 872 eritis,
1028 833 1061 864 ad
1084 843 1153 871 VOS,
1173 840 1233 863 tan-

177 887 263 917 quam
282 877 316 907 ad
340 877 495 907 Violatores
514 873 626 912 Jurium
648 871 778 902 Coronae
796 871 899 902 nostrae
915 896 925 910 ,
947 872 980 902 &
1010 871 1234 909 Contemptores

179 914 385 947 Mandatorum
398 912 576 948 nostrorum,
595 911 729 951 graviter,
746 911 814 941 sicut
832 911 986 949 convenit,
1002 911 1153 947 capiemus.

217 954 304 984 Teste
322 953 403 991 Rege
419 951 492 989 apud
510 950 634 981 Pontem
652 948 789 988 feretum,
813 948 928 979 decimo
954 948 1071 989 septimo
1093 948 1139 978 die
1166 946 1236 978 No-

182 991 313 1024 vembris.

516 1028 570 1055 Per
581 1026 663 1065 ipsum
676 1027 770 1064 Regem
785 1024 823 1060 (ῤ’
839 1036 964 1063 magnum
983 1024 1134 1055 Concilium.

218 1102 365 1146 Constmiles
380 1105 484 1132 Literae
494 1103 649 1142 praedicslis,
667 1105 758 1133 Priori
779 1102 817 1139 &-
836 1104 1006 1141 conventui,
1028 1102 1184 1143 diriguntur}
1207 1101 1240 1131 de

185 1148 257 1176 Dat.
275 1153 302 1182 9.
318 1145 384 1172 Dec.
403 1145 432 1171 in
456 1152 489 1171 η.

188 1218 318 1278 REX
328 1242 337 1258 ,
353 1218 461 1249 dilectis
476 1219 526 1249 fibi
538 1220 567 1249 in
590 1218 725 1256 Christo,
743 1217 889 1257 Suppriori
911 1217 944 1248 &
959 1215 1093 1255 Capitulo
1107 1216 1244 1248 Ecclesiae

183 1280 188 1283 .
267 1257 438 1288 Cathedtalis
451 1257 678 1297 Wygornienfis,
694 1257 825 1287 Salutem.

227 1294 304 1327 Bene
317 1297 408 1334 novit,
422 1294 482 1330 &a
495 1296 573 1336 usque
587 1295 635 1334 ibi,
648 1296 768 1326 evenire.

225 1335 270 1365 Ac
283 1335 378 1365 datum
394 1335 426 1365 sit
440 1335 521 1365 nobis
532 1334 648 1373 intelligi
663 1334 742 1371 quod
754 1333 868 1372 quidam
880 1334 956 1363 circa
975 1333 1187 1364 enervationem
1209 1330 1250 1362 E-

188 1371 318 1404 lectionis
331 1373 474 1410 praediGeae
488 1383 540 1412 pro
556 1373 660 1403 viribus
674 1372 830 1402 elaborant:

231 1412 300 1442 Nos
313 1421 415 1442 eorum
430 1411 552 1442 Malitiae
566 1411 700 1448 obviare,
716 1411 750 1441 &
766 1418 840 1440 tanta
854 1409 975 1449 pericula
988 1409 1114 1447 volentes
1125 1432 1135 1447 ,
1154 1415 1249 1448 quate-

194 1450 246 1480 nus
259 1450 431 1488 poterimus,
446 1450 603 1488 declinare,
627 1450 709 1480 vobis
723 1472 733 1486 ,
756 1448 804 1479 sub
823 1448 997 1478 forisfaeturfi
1016 1449 1147 1488 omniurn
1163 1470 1171 1485 ,
1187 1455 1251 1485 quae

194 1489 275 1519 nobis
289 1488 445 1519 forisfacere
457 1489 597 1528 poteritis,
615 1487 766 1518 districtius
777 1486 936 1517 inhibemus
951 1497 997 1524 ne,
1013 1485 1072 1521 &a
1081 1493 1110 1515 ut
1119 1486 1213 1524 supra.

198 1614 247 1646 De
265 1611 444 1645 Proteffione
455 1622 510 1657 pro
529 1613 623 1646 Scotis
637 1608 821 1644 venientibus
846 1613 877 1642 in
904 1613 1038 1656 Regnum
1067 1608 1182 1654 Angliae
1200 1617 1255 1653 pro

503 1660 652 1693 Traffbam
671 1658 706 1691 de
725 1662 801 1692 Pace
815 1656 958 1691 habendo.

208 1747 263 1800 R
274 1745 298 1775 E
308 1743 339 1775 X
355 1744 485 1775 universis
497 1744 531 1776 δε
546 1744 659 1781 singulis
669 1742 909 1779 Vicecomitibus,
927 1741 1050 1779 Ballivis,
1067 1739 1259 1778 Ministris,&

204 1819 223 1850 S
240 1820 248 1850 1
283 1783 423 1814 Fidelibus
437 1783 507 1821 suis,
523 1790 580 1813 tam
595 1782 665 1812 infra
676 1782 847 1818 Libertates,
862 1781 945 1820 quam
960 1788 1044 1818 extra,
1061 1779 1096 1810 ad
1111 1781 1260 1819 qu08,&c.

225 1830 238 1849 a
250 1830 339 1851 utem.

243 1858 342 1890 Sciatis
360 1858 439 1898 quod
459 1858 622 1898 suscepimus
640 1859 668 1888 in
697 1855 913 1888 Proteetionem
932 1857 965 1888 &
987 1855 1193 1887 Defenfionem
1210 1866 1263 1886 no-

204 1896 307 1936 stram,
325 1907 437 1927 necnon
450 1897 555 1927 salvum
571 1895 760 1926 Conduetum
776 1895 923 1933 nostrum,
939 1894 1066 1925 Centum
1086 1895 1212 1932 personas
1226 1893 1262 1924 de

202 1935 318 1973 Scotia,
333 1936 477 1973 cujuscum
498 1946 533 1966 ue
548 1934 634 1966 status
647 1934 693 1964 seu
707 1934 879 1965 conditionis
891 1933 1008 1964 existant
1032 1943 1065 1963 ac
1079 1942 1177 1963 eorum
1190 1932 1265 1962 Gar-

203 1974 316 2012 ciones,
332 1974 362 2004 in
375 1945 517 2004 veniendo
530 1973 613 2012 usque
628 1973 721 2004 villam
743 1972 868 2003 nostram
889 1971 975 2003 Novi
997 1956 1088 2002 Castri
1108 1971 1186 2010 super
1209 1971 1264 2002 Ti-

204 2022 288 2051 nam,
306 2012 352 2043 seu
365 2011 430 2042 alibi
442 2012 515 2042 infra
527 2012 664 2051 Regnum
678 2009 825 2049 nostrum,
842 2020 911 2042 curn
924 2009 1011 2049 Equis
1026 2033 1036 2049 ,
1054 2009 1213 2048 Hernefiis,
1231 2010 1264 2040 &-

204 2050 304 2081 Rebus
316 2051 366 2080 suis
380 2051 618 2089 quibuscumque,
630 2059 683 2088 pro
697 2048 833 2080 Tradtatu
845 2048 975 2079 habendo
991 2057 1056 2079 cum
1077 2048 1201 2078 Nunciis
1213 2057 1267 2078 no-

207 2088 287 2127 stris,
305 2088 339 2119 ad
358 2096 446 2127 partes
465 2088 604 2118 Marchiae
631 2088 736 2118 Scotiae
754 2087 894 2118 destinatis
908 2110 919 2125 ,
942 2087 1019 2127 super
1040 2086 1114 2116 finali
1134 2085 1210 2116 Pace
1234 2086 1268 2117 ὅ(

209 2125 394 2163 Concordia,
409 2127 480 2157 inter
494 2126 578 2165 Nos,
596 2127 629 2157 ὃς
642 2125 751 2156 nostros
765 2125 916 2164 Subditos,
935 2134 967 2155 ac
982 2123 1145 2165 Magnates,
1162 2125 1195 2155 &
1211 2134 1266 2153 no-

211 2164 298 2202 biles,
318 2165 437 2195 caeteros
452 2175 486 2195 ue
499 2164 534 2195 de
548 2164 624 2196 terra
634 2164 756 2202 Scotiae,
775 2163 920 2203 ineundis,
939 2163 1046 2194 ibidem
1069 2162 1219 2201 morando,
1234 2163 1268 2194 &

213 2203 315 2233 exinde
329 2202 431 2233 redeun
452 2213 488 2233 o:

250 2240 288 2271 Et
310 2241 376 2271 ideo
398 2242 500 2279 vobis,
523 2241 557 2272 ὃς
575 2240 702 2272 vestrum
724 2240 865 2280 cuilibet,
886 2239 1013 2272 districte
1039 2240 1197 2272 inhibemus
1211 2238 1271 2275 &c-

207 2286 291 2318 prout
309 2282 338 2309 in
355 2277 479 2318 ejusmodi
497 2282 615 2319 Literis,
632 2279 670 2318 us
680 2290 710 2308 ue
723 2278 771 2309 ibi.

252 2317 286 2347 In
299 2318 377 2355 cujus
395 2319 455 2349 &e
471 2319 555 2356 usque
569 2318 605 2348 ad
618 2318 668 2348 Fer
684 2327 734 2348 um
747 2316 951 2351 Purificationis
973 2317 1063 2349 beatae
1083 2316 1187 2349 Mariae
1207 2316 1275 2348 Vir-

213 2357 284 2395 ginis
297 2357 427 2393 proximo
439 2356 566 2387 futurum
579 2357 727 2387 duraturas.

252 2393 438 2470 3253&
451 2395 525 2434 apud
540 2395 665 2426 Pontem
679 2394 798 2426 stastum
807 2418 818 2434 ,
835 2395 973 2428 vicesimo
985 2395 1031 2426 die
1042 2393 1235 2426 Novembris.

850 2474 905 2503 Per
917 2471 1000 2512 ipfimz
1016 2474 1121 2510 Regem.

292 2602 340 2635 De
355 2600 497 2646 Potestate
514 2602 590 2636 data
611 2603 765 2636 maritandi
782 2605 876 2650 fiaeper
897 2607 974 2638 Pace
986 2630 996 2645 ,
1024 2616 1093 2637 cum
1114 2607 1214 2637 Scotia

674 2651 815 2685 ineunda.

226 2733 353 2791 REX
367 2735 519 2778 omnibus,
536 2735 569 2766 ad
585 2745 665 2773 quos,
678 2736 738 2766 ὅτε.
757 2736 890 2767 Salutem.

239 2809 244 2814 ι
337 2773 386 2803 De
410 2771 679 2819 Crrcumspeffionss
699 2775 732 2804 ὃς
753 2775 900 2805 industriae
937 2774 1079 2807 Probitate
1101 2800 1111 2815 ,
1138 2776 1171 2807 δε
1198 2776 1283 2806 Fide-

227 2809 300 2854 litate
313 2810 447 2854 probata,
471 2812 671 2841 venerabilium
695 2811 833 2851 Parrum,
861 2813 1012 2843 Willielmi
1034 2838 1044 2853 ,
1068 2815 1199 2844 Eborum
1228 2815 1284 2845 Ar-

229 2846 399 2890 clnepiscopi
421 2873 430 2886 ,
458 2849 567 2887 Angliae
596 2848 726 2880 Primatis
739 2873 749 2888 ,
775 2852 808 2881 &
836 2850 878 2880 H.
895 2851 1053 2882 Lincolniae
1070 2853 1213 2891 Episcopi,
1233 2863 1284 2890 ac,

227 2885 395 2929 d'ileE’corum
408 2887 441 2917 δε
457 2886 581 2917 fidelium
595 2887 774 2926 nostrorum,
789 2888 927 2927 Johannis
940 2890 975 2919 de
994 2891 1141 2920 Warenna
1155 2913 1164 2928 ,
1183 2890 1287 2920 Comi-

230 2932 265 2954 tis
280 2924 401 2961 Surriae,
416 2924 544 2954 Thomae
557 2925 675 2962 Wake,
694 2925 814 2956 Henrici
835 2926 870 2956 de
889 2927 960 2958 Perc
1026 2930 1058 2959 δε
1078 2928 1228 2958 Willielmi
1250 2929 1286 2959 de

229 2961 310 3000 Ros,
327 2961 613 3006 Consanguineorum
629 2963 807 3001 nostrorum,
825 2963 947 2995 Galfridi
961 2937 1112 3005 ie’Scrop,
1137 2967 1287 2997 Willielmi

230 3000 335 3038 Herle,
354 3000 504 3030 Willielmi
519 3001 555 3030 de
576 2999 695 3031 Denum
709 3024 718 3039 ‚
744 3011 859 3032 necnon
874 3025 884 3041 ,
908 3003 1079 3035 dilestorum
1108 3004 1288 3035 Clericorum

230 3038 395 3069 nostrorum
409 3061 420 3077 ,
438 3038 642 3077 Magistrorum
662 3038 813 3069 Willielmi
835 3039 871 3069 de
894 3040 989 3071 Stanes
1009 3064 1019 3079 ,
1052 3042 1185 3080 Hugonis
1203 3043 1238 3073 de
1264 3044 1288 3073 la

231 3076 416 3120 Chaumbre,
432 3077 553 3107 Walteri
565 3077 601 3107 de
615 3077 714 3116 Seton,
732 3078 765 3109 ὃς
778 3077 899 3116 Philippi
914 3079 948 3109 de
964 3079 1158 3119 Nassyngton,
1176 3081 1289 3118 plenam

232 3114 367 3145 fiduciam
383 3123 563 3154 reportantes,

271 3153 318 3183 Ad
330 3153 505 3184 metandum
522 3163 591 3184 cum
611 3152 792 3192 Magnatibus
805 3177 815 3192 ,
839 3153 997 3187 Nobilibus
1012 3178 1022 3194 ,
1047 3156 1081 3186 &
1102 3155 1229 3186 Nunciis
1254 3156 1290 3187 de

233 3191 306 3222 terra
319 3190 441 3234 Scotiae,
457 3192 492 3222 de
505 3191 578 3222 finali
590 3191 664 3222 Pace
677 3193 710 3222 &
730 3190 898 3223 Concordia
912 3216 921 3231 ,
945 3195 1015 3225 inter
1037 3193 1105 3224 Nos
1124 3194 1157 3225 &
1180 3193 1292 3224 nostros

235 3229 369 3260 Subditos
382 3238 416 3259 ex
448 3238 504 3260 arte
516 3230 590 3268 una,
607 3240 639 3261 ac
652 3231 724 3268 ipsos
737 3230 771 3260 &
785 3231 835 3260 fibi
847 3231 1020 3263 adhaerentes
1038 3241 1072 3262 ex
1092 3231 1175 3263 altera
1215 3233 1292 3270 super

237 3266 355 3297 Guerris
368 3268 402 3298 &
417 3238 588 3306 lgiscordiis,
604 3269 673 3299 hinc
689 3268 754 3299 inde
771 3270 871 3308 motis,
889 3270 1029 3302 ineundis:
1187 3256 1196 3271 ³

275 3305 314 3336 Et
326 3305 360 3336 ad
375 3304 485 3335 easdem
496 3305 601 3337 Pacem
618 3307 651 3338 &
666 3305 860 3338 Concordiam
875 3309 966 3339 modis
977 3311 1011 3341 &
1022 3309 1074 3341 viis
1083 3333 1093 3349 ,
1122 3309 1222 3348 quibus
1246 3318 1294 3339 ex-

238 3344 333 3385 pedire
345 3343 504 3383 videbitur,
519 3344 679 3375 vallandum
692 3345 725 3375 &
741 3345 924 3376 firmandum:

276 3382 321 3413 Ac
336 3383 434 3412 omnia
445 3382 478 3412 &
491 3382 614 3421 singula,
631 3393 695 3422 quae
710 3382 745 3413 ad
759 3383 914 3422 hujusmodi
928 3384 1034 3416 Pacem
1049 3385 1082 3416 ὃς
1098 3384 1294 3417 Concordiam

240 3422 377 3460 pertinere
389 3428 522 3458 poterunt
529 3443 540 3458 ,
553 3420 730 3458 faciendum,

276 3459 414 3497 Praefatis,
432 3457 670 3498 Archiepiscopo,
688 3459 846 3499 Episcopo,
864 3459 884 3479 ³*
899 3458 1029 3499 Comini,
1046 3461 1195 3499 Thomae,
1212 3462 1296 3493 Hen-

241 3499 319 3536 rico,
343 3496 519 3535 Willielmo,
543 3496 691 3535 Galfrido,
711 3497 888 3536 Willielmo,
911 3498 1071 3529 Willielmo
1086 3522 1096 3537 ,
1119 3500 1297 3538 Willielmo,

242 3536 381 3575 Hugoni,
396 3534 546 3572 WalterO,
560 3536 593 3566 &
606 3534 750 3575 Philippo,
770 3535 937 3566 Duodecim
947 3558 956 3573 ,
974 3535 1126 3567 Undecim
1141 3561 1151 3576 ,
1169 3538 1295 3577 Decem,

243 3574 384 3612 Novem,
403 3573 500 3612 ooo,
519 3573 632 3612 Septem
667 3574 701 3604 &
715 3573 769 3603 Sex
783 3583 816 3604 ex
829 3576 881 3612 eis,
900 3581 996 3603 tenore
1016 3575 1204 3614 praesentium,
1217 3586 1299 3607 com-

242 3614 380 3643 mittimus
392 3612 426 3642 &
440 3612 624 3642 concedimus
661 3610 826 3649 otestatem;
842 3612 1040 3642 Promittentes
1052 3612 1119 3643 Nos
1139 3614 1246 3645 Ratum
1265 3616 1299 3645 &

244 3651 377 3681 Firmum
391 3649 532 3681 habituros
545 3649 678 3690 quicquid
699 3659 749 3689 per
770 3651 940 3688 praediCios,
966 3649 1234 3691 Archiepiscopum,
1259 3652 1300 3683 E-

245 3689 412 3729 piscopum,
426 3687 574 3719 Comitem
587 3712 596 3727 ,
614 3687 780 3726 Thomam,
798 3688 957 3719 Henricum
970 3711 979 3725 ‚
1004 3688 1211 3728 Willielmum,
1229 3690 1299 3721 Gal—

247 3727 371 3766 fridum,
394 3727 607 3764 Willielmum,
630 3726 821 3756 Willielmum
839 3751 850 3764 ,
872 3726 1062 3757 Willielmum
1122 3727 1283 3764 Hugonem

247 3764 427 3804 Walterum,
448 3766 481 3796 &
493 3764 673 3804 Philippum,
691 3763 872 3804 Duodecim,
892 3765 1056 3804 Undecim‚
1081 3750 1213 3805 Decem,
1232 3752 1301 3797 N03

250 3812 336 3842 vem,
355 3803 452 3842 Οξίο,
468 3803 597 3842 Septem,
618 3802 663 3833 vel
677 3802 730 3834 Sex
743 3811 778 3833 ex
790 3803 844 3842 eis,
861 3804 1028 3845 traEtatum,
1047 3804 1194 3842 vallatum,
1211 3805 1244 3837 &
1257 3804 1304 3836 fir-

251 3849 360 3872 matum
375 3841 498 3872 fueritin
514 3841 667 3880 praem'rffis.

288 3878 322 3908 In
337 3880 432 3919 cujus,
445 3881 506 3911 &c.

251 3915 413 3986 vemggiie
427 3917 510 3960 Rege
521 3918 595 3959 apud
610 3917 733 3950 Pontem
754 3917 876 3951 fractum
887 3939 900 3956 ‚
918 3916 1052 3950 vicesimo
1070 3918 1152 3950 tertio
1173 3918 1221 3952 die
1236 3919 1272 3952 N
1273 3931 1306 3952 0-

2237 186 2289 214 20
2293 186 2315 228 3

2328 253 2407 285 Ann.
2420 251 2464 291 D,

2349 300 2436 332 1327.

1259 349 1307 381 De
1324 346 1463 392 potestate
1481 350 1632 383 traslandi
1649 352 1740 397 sitpcr
1772 353 1890 398 Trenga
1902 352 1960 397 fta}
1987 353 2106 384 Guerrae
2128 349 2310 396 Sufferentia
2327 332 2396 360 Edv.
2417 337 2445 369 3-.'

1676 411 1745 432 cum
1768 403 1878 433 scotia.

1262 480 1552 548 REffiomnibus,
1570 481 1602 511 ad
1618 493 1704 527 quos,
1720 484 1780 515 &c.
1796 483 1928 528 Salutem.
2016 524 2021 529 Ι
2200 522 2205 528 ⁶
2254 521 2260 527 ᾖ
2323 486 2389 524 (An.
2404 487 2429 515 12

1400 530 1415 549 e
1429 519 1696 559 CircumspeC'noms
1710 522 1743 552 ὃς
1768 522 1914 553 Industriae
1934 522 2098 562 Probitate,
2117 523 2150 554 &
2174 521 2318 553 Fidelitate
2336 526 2366 550 Ε.
2387 532 2413 559 3.

1262 556 1394 594 probata,
1413 556 1621 588 Venerabilium
1634 559 1768 598 Parrum,
1785 560 1933 590 Willielmi
1947 560 2077 591 Eborum
2100 560 2320 600 Archiepiscopi‚
2372 558 2440 597 ibreii

1264 592 1378 662 ggffliae
1394 594 1538 634 Primatis,
1557 594 1617 630 &a
1635 604 1666 626 ut
1673 597 1759 636 fitpra
1771 596 1850 637 usque
1864 598 1914 636 ibi,
1933 599 2042 637 plenam
2068 593 2200 630 fiduc‘iam
2224 607 2319 638 repor-

1325 642 1362 671 es,

1305 670 1352 701 Ad
1367 671 1541 702 mitandum
1563 682 1630 702 cum
1654 672 1852 711 magnatibus,
1876 673 2032 704 Nobilibus
2047 697 2056 712 ,
2080 676 2113 706 &
2141 674 2267 706 Nunciis
2287 673 2324 715 de

1257 705 1359 739 -Terrfi
1373 710 1494 748 Scotiae,
1512 710 1547 740 de
1567 711 1679 749 Treuga
1702 713 1747 741 leu
1769 712 1889 741 Guerrae
1911 711 2066 742 sufferentia
2082 735 2092 750 ,
2116 714 2186 743 inter
2208 712 2276 743 Nos
2290 713 2324 743 &

1271 747 1382 778 nostros
1395 748 1527 778 Subditos
1541 757 1574 778 ex
1590 757 1664 786 parte
1679 749 1751 786 una,
1770 759 1802 779 ac
1817 749 1887 786 ipsos
1902 749 2046 788 Magnates
2062 751 2094 780 &
2110 751 2250 789 Nobiles,
2267 760 2325 781 cae-

1272 786 1397 825 terosque
1407 786 1443 816 de
1456 786 1554 817 Scotia
1569 796 1602 816 ex
1614 786 1714 826 altera,
1732 788 1810 827 super
1825 786 1941 817 Guerris
1956 789 1989 819 &
2005 787 2176 828 Discordiis,
2199 790 2269 820 hinc
2284 790 2328 820 in·

1273 823 1309 853 de
1321 826 1421 863 motis,
1435 825 1576 855 ineundis:

1311 861 1349 893 Et
1362 863 1396 893 ad
1415 863 1533 893 eandem
1554 864 1697 902 Treugam
1718 863 1763 893 seu
1787 861 1981 892 Sufferentiam
2000 862 2176 903 quacumque
2203 865 2330 896 firmitate

1274 900 1451 939 vallandum,
1469 901 1654 940 firmandum,
1672 902 1705 932 ὃς
1720 902 1803 931 etiam
1816 900 2028 940 roborandum,
2049 901 2140 931 modis
2154 903 2187 933 &
2200 905 2331 943 viis,qui-

1277 939 1329 969 bus
1343 939 1393 969 fibi
1407 940 1505 970 melius
1520 940 1659 971 videbitur
1671 940 1815 979 expedire:

1316 977 1361 1007 Ac
1371 980 1470 1022 omnia
1482 979 1584 1018 lingula
1598 979 1774 1016 faciendum,
1794 986 1858 1017 quae
1872 977 1948 1008 utilia
1967 977 2012 1008 seu
2026 978 2175 1009 necessaria
2188 978 2289 1011 fuerint
2304 980 2334 1010 in

1278 1016 1460 1093 Pmiffiesfgtsis,
1479 1054 1716 1094 Archiepiscopo,
1731 1054 1885 1092 Episcopo,
1905 1053 2031 1092 Comiti,
2049 1053 2110 1088 (ἴτε.
2126 1061 2157 1083 ut
2165 1054 2249 1093 ficpra
2260 1054 2337 1094 usqae

1284 1092 1333 1130 ibi,
1345 1093 1378 1122 &
1392 1092 1446 1123 Sex
1459 1102 1494 1122 ex
1511 1094 1559 1131 eis,
1574 1093 1685 1130 plenam
1698 1102 1796 1123 tenore
1808 1093 1989 1130 praesentium,
2007 1094 2213 1123 committimus
2222 1094 2254 1122 &
2266 1102 2337 1122 con-

1285 1130 1411 1161 cedimus
1425 1130 1616 1169 Potestatem,
1636 1130 1834 1161 Promittentes
1847 1130 1914 1160 Nos
1928 1130 2034 1160 Ratum
2053 1131 2085 1161 ὃς
2109 1131 2237 1160 Firmum
2261 1130 2340 1160 habi-

1284 1177 1362 1200 turos
1373 1169 1509 1209 quicquid
1523 1179 1572 1209 per
1586 1169 1735 1207 praediffiios
1747 1192 1757 1208 ,
1783 1168 2033 1208 Archiepiscopum
2047 1191 2057 1206 ,
2075 1168 2262 1208 Episcopum,
2279 1166 2340 1203 &a

1285 1207 1468 1283 '‘²1s1ssp531'us,
1483 1246 1543 1277 ἃς.

1362 1283 1452 1315 Teste
1465 1285 1546 1324 Rege
1560 1293 1590 1316 ut
1604 1284 1689 1323 supra.

1359 1414 1408 1445 De
1427 1409 1566 1456 Potestate
1582 1411 1752 1447 concedendi
1771 1415 1903 1445 Litteras
1923 1409 1960 1443 de
1977 1409 2130 1444 Conduftu
2149 1411 2280 1443 Nunciis

1763 1464 1874 1494 Scotiae.

1297 1544 1387 1599 RE
1397 1543 1428 1575 X
1443 1544 1596 1591 ¹omnibus,
1614 1544 1648 1575 ad
1663 1554 1749 1590 quos,
1766 1545 1976 1589 &co-Salutem.
2313 1581 2316 1586 Ι
2332 1581 2337 1586 ,

1401 1584 1497 1614 Sciatis
1518 1584 1597 1621 quod
1611 1606 1620 1619 ,
1638 1593 1707 1613 curn
1730 1584 1949 1614 commiserimus
1970 1583 2158 1619 Potestatem,
2177 1580 2353 1612 Venerabili·
2374 1578 2501 1611 Ann.D;

1296 1620 1348 1649 bus
1360 1620 1502 1659 Patribus,
1522 1621 1680 1651 willielmo
1695 1621 1827 1652 Eborum
1841 1622 2072 1659 Archiepiscopo‚
2094 1621 2203 1659 Angliae
2221 1619 2355 1657 Primati,
2397 1627 2480 1658 1327.

1298 1658 1330 1688 δε
1344 1658 1384 1688 H.
1402 1660 1534 1690 Lincoln.
1551 1659 1710 1698 Episcopo,
1727 1670 1779 1698 ac,
1796 1660 1905 1690 dileetis
1918 1661 1951 1690 ὃς
1967 1659 2093 1689 fidelibus
2115 1658 2215 1688 nostris
2230 1658 2356 1697 ,Johan-
2375 1661 2427 1685 An.
2451 1668 2474 1684 1.

1299 1698 1327 1726 ni
1343 1696 1377 1726 de
1389 1698 1535 1728 Warenna
1549 1698 1659 1728 Comiti
1674 1697 1792 1736 Surriae,
1810 1696 1872 1732 ὥς.
1886 1698 2008 1737 utsupra
2027 1697 2105 1736 usque
2125 1697 2162 1726 ibi
2177 1720 2186 1735 ,
2204 1698 2236 1727 &
2258 1697 2302 1727 sex
2323 1706 2357 1727 ex
2375 1701 2406 1725 Ε.
2428 1707 2453 1732 3.

1299 1736 1338 1765 eis
1352 1736 1487 1767 ttaCiandi
1503 1746 1570 1767 cum
1583 1735 1782 1777 Magnanbus‚
1803 1736 1960 1767 Nobilibus
1976 1759 1985 1775 ,
2010 1736 2042 1766 δε
2065 1735 2188 1765 Nunciis
2208 1735 2243 1765 de
2265 1734 2359 1765 Terra
2413 1734 2479 1769 lbid,

1301 1774 1426 1813 Scotiae,
1445 1774 1505 1810 &a
1524 1774 1647 1813 utsupra
1661 1773 1739 1815 usque
1752 1775 1806 1812 ibi,
1830 1784 1913 1814 prout
1927 1775 1958 1804 in
1983 1774 2094 1804 Litteris
2115 1773 2214 1803 nostris
2237 1772 2359 1804 Patenti-

1301 1813 1376 1881 1)υῇ
1384 1813 1450 1844 inde
1467 1814 1622 1851 confectis,
1638 1813 1746 1851 plenius
1760 1815 1935 1845 continetur:

1378 1861 1410 1882 os

1340 1874 1486 1920 Secuiitati
1501 1889 1645 1930 distorum
1660 1889 1850 1921 Nunciorum
1872 1888 1908 1924 de
1929 1889 2043 1927 Scotia,
2065 1889 2112 1928 qui
2132 1897 2166 1918 ex
2186 1887 2267 1919 causi?⁴
2288 1887 2363 1918 Tra-

1304 1927 1396 1959 &atfis
1412 1928 1538 1967 praedieii
1553 1928 1622 1958 infra
1638 1928 1777 1966 Regnum
1793 1927 1922 1958 nostrum
1939 1927 1999 1958 sunt
2012 1927 2139 1964 venturi,
2154 1927 2301 1966 providere
2309 1935 2363 1956 vo-

1305 1966 1407 2005 lentes,
1425 1967 1459 1998 ad
1473 1967 1631 1998 faciendum
1645 1968 1679 1998 δε
1693 1966 1944 2004 concordandum,
1971 1965 2069 1997 nostro
2092 1966 2224 2002 nomine,
2248 1965 2368 2003 praefatis

1306 2005 1447 2045 Nunciis,
1463 2006 1496 2036 δὲ·
1513 2015 1611 2035 eorum
1625 2005 1829 2043 Familiaribus,
1850 2005 1956 2034 Literas
1968 2004 2003 2034 de
2016 2004 2090 2034 salvo
2107 2004 2140 2034 &
2163 2003 2260 2033 securo
2281 2001 2366 2032 Con-

1306 2044 1394 2074 ἀυᾶὶιι
1408 2046 1438 2075 in
1459 2043 1600 2074 veniendo
1620 2043 1691 2073 infra
1710 2042 1820 2073 dietum
1840 2041 1976 2081 Regnum
1991 2065 2002 2081 ,
2026 2042 2134 2072 ibidem
2154 2040 2293 2072 morando
2306 2063 2316 2078 ,
2333 2040 2368 2071 &

1307 2082 1405 2112 exinde
1419 2081 1580 2120 redeundo,
1607 2082 1641 2113 &
1665 2081 1786 2112 eundem
1805 2080 2009 2118 Conductum,
2038 2079 2216 2119 quacumque
2237 2078 2368 2109 firmitate

1309 2119 1486 2190 gallandum,
1504 2121 1538 2152 &
1552 2120 1649 2151 omnia
1661 2143 1672 2159 ,
1697 2129 1762 2159 quae
1781 2120 1857 2150 circa
1875 2119 1933 2150 hoc
1954 2119 2101 2150 necessaria
2123 2117 2244 2156 fuerint,
2263 2117 2368 2148 facien-

1330 2170 1378 2191 um

1348 2182 1489 2237 Pr'aefatis‚
1505 2197 1744 2236 Archiepiscopo,
1762 2195 1921 2236 Episcopo,
1937 2195 2050 2227 Comiti
2061 2219 2070 2234 ,
2092 2194 2238 2231 Thomae,
2263 2192 2325 2228 &a
2339 2198 2371 2223 ut

1304 2235 1390 2277 supra
1401 2236 1554 2267 duodecim
1569 2235 1629 2271 &c.
1647 2235 1770 2274 utsupra
1783 2244 1816 2265 ex
1835 2236 1870 2265 eis
1892 2236 2002 2274 plenam
2021 2257 2030 2272 ,
2055 2242 2153 2264 tenore
2173 2233 2350 2273 praesentium
2362 2254 2373 2269 ,

1314 2276 1524 2306 committimus
1539 2277 1572 2306 &
1587 2275 1772 2306 concedimus
1785 2273 1974 2310 Potestatem-,
1989 2272 2183 2310 promittentes
2197 2280 2251 2301 nos
2264 2269 2374 2301 Ratum

1315 2314 1349 2345 &
1363 2314 1494 2344 Firmum
1510 2314 1669 2352 habituros,
1687 2312 1715 2343 id
1731 2312 1810 2350 quod
1823 2322 1872 2349 per
1885 2312 2029 2351 praefatos,
2046 2306 2375 2349 Archiepiscopurn,&c.

1316 2352 1431 2422 ὃεΙρὲθῐη
1443 2353 1562 2422 ,νεὲεκ
1574 2361 1608 2382 ex
1620 2353 1659 2382 eis
1672 2351 1767 2382 aetum
1781 2350 1864 2382 fuerit
1879 2352 1909 2382 in
1925 2349 2075 2389 praemissis.

1403 2400 1482 2428 cujus
1526 2401 1552 2422 c.

1387 2429 1476 2460 Teste
1491 2429 1574 2469 Rege
1590 2435 1621 2459 ut
1634 2427 1720 2467 supra.

1343 2554 1370 2580 ᾗ
1396 2557 1443 2589 De
1462 2552 1604 2598 Potestate
1621 2554 1696 2588 data
1703 2554 1835 2600 jurandi
1852 2557 1883 2586 in
1897 2558 2034 2587 animam
2061 2554 2149 2599 Regis
2167 2551 2258 2598 fitper
2277 2561 2353 2598 prae-
2394 2549 2413 2568 ³*
2432 2547 2493 2577 W?

1743 2602 1824 2635 dicia
1845 2606 1932 2635 Pace.
2397 2596 2498 2654 2}th

1325 2687 1455 2745 REX
1475 2687 1627 2726 omnibus,
1646 2688 1679 2719 ad
1697 2698 1785 2726 quos,
1804 2688 1865 2718 δῖε.
1884 2686 2016 2717 Salutem.
2401 2668 2501 2730 Εἰἷιῖἆ,

1439 2727 1552 2765 Sciatis,
1570 2727 1667 2766 qubd,
1686 2727 1756 2757 cum
1772 2725 1995 2757 commiserimus
2017 2722 2204 2761 Potestatem,
2229 2721 2382 2753 Venerabi-

1323 2766 1393 2796 libus
1406 2766 1547 2803 Patribus,
1571 2764 1630 2799 &a
1653 2772 1684 2794 ut
1696 2764 1780 2803 sicpra
1799 2764 1876 2803 ufiyue
1892 2763 1929 2792 ibi
1949 2764 2015 2793 hinc
2035 2761 2100 2791 inde
2122 2762 2219 2798 motis,
2242 2760 2381 2798 ineundis,

1324 2811 1388 2833 tunc
1396 2804 1445 2843 fic,
1459 2804 1491 2834 &
1503 2803 1536 2833 ad
1551 2803 1658 2834 easdem
1674 2802 1780 2833 Pacem
1796 2805 1828 2833 δε
1844 2801 2041 2831 Concordiam
2058 2799 2148 2829 modis
2164 2799 2197 2829 &
2209 2799 2386 2838 viis,quibus

1325 2843 1453 2880 expedire
1467 2842 1622 2880 videbitur,
1641 2841 1798 2871 vallandum
1814 2841 1847 2870 ὃς
1861 2839 2046 2875 firmandum,
2064 2848 2095 2867 ac
2110 2838 2208 2867 omnia
2221 2837 2254 2867 ὃς
2271 2836 2385 2875 singula,

1327 2891 1390 2918 quae
1404 2880 1438 2910 ad
1452 2879 1610 2917 hujusmodi
1631 2879 1735 2908 Pacem
1755 2880 1788 2909 ὃς
1810 2877 2005 2908 Concordiam
2026 2877 2161 2913 pertinere
2182 2883 2328 2913 poterunt,
2345 2875 2385 2904 fa-

1326 2919 1476 2955 ciendum,
1495 2925 1576 2954 prout
1597 2918 1626 2947 in
1648 2917 1747 2947 Literis
1769 2916 1867 2946 nostris
1889 2915 2051 2946 Patentibus
2068 2914 2135 2944 inde
2154 2913 2309 2951 conferitis,
2327 2913 2385 2950 ple-

1327 2959 1389 2987 nius
1403 2957 1580 2992 continetur,

1363 2995 1446 3033 Nos,
1465 2994 1500 3024 de
1514 2994 1641 3023 fidelitate
1656 2992 1782 3031 praediffi
1798 2992 1919 3023 Henrici
1933 2991 2121 3027 confidentes,
2139 2989 2243 3027 jurandi
2258 2991 2285 3019 in
2311 2989 2383 3018 Ani-

1328 3044 1405 3064 mam
1423 3032 1546 3062 nostram
1562 3032 1641 3069 quod
1656 3042 1703 3069 ea,
1721 3040 1784 3070 quae
1800 3042 1847 3071 per
1861 3031 2007 3070 praefatOS,
2025 3029 2294 3066 Archiepiscopum,
2317 3026 2384 3064 Epi-

1328 3073 1464 3110 scopum,
1483 3070 1542 3105 &a
1560 3070 1604 3100 vel
1618 3070 1672 3100 Sex
1688 3079 1721 3099 ex
1735 3071 1789 3108 eis,
1811 3070 1888 3107 super
1904 3068 2059 3106 hujusmodi
2074 3067 2146 3097 finali
2162 3066 2234 3096 Pace
2250 3067 2282 3096 &
2301 3064 2384 3095 Con-

1330 3110 1443 3147 cordia,
1460 3109 1608 3146 Tractata,
1627 3107 1828 3146 Concordata,
1846 3109 1879 3138 &
1896 3107 2016 3137 Firmata
2030 3106 2149 3143 fuerint,
2167 3104 2238 3133 Rata
2259 3104 2291 3134 &
2310 3103 2385 3134 Gra-

1329 3158 1356 3179 ta
1371 3148 1531 3184 habuimus,
1549 3146 1666 3184 praefato
1678 3145 1808 3176 Henrico
1829 3147 1864 3176 de
1888 3145 1977 3185 Percy
1998 3145 2108 3184 plenam
2123 3165 2133 3180 ,
2152 3151 2246 3172 tenore
2266 3141 2385 3180 praesen}

1330 3188 1419 3224 tium,
1440 3185 1646 3216 committimus
1661 3184 1841 3215 Potestatem.

1370 3225 1403 3255 In
1418 3225 1494 3262 cujus
1508 3224 1572 3254 &c.

1409 3261 1498 3293 Teste
1513 3270 1544 3293 ut
1557 3261 1642 3301 supra.

1465 3385 1522 3420 Ad
1535 3389 1643 3434 Regem
1660 3387 1790 3419 Franciae
1800 3384 1890 3429 sitper
1909 3381 2046 3427 Querela
2067 3383 2262 3414 Mercatoris.

1395 3471 1621 3505 Xcellentiffimo
1638 3470 1779 3509 Principi,
1795 3467 1929 3499 Domino
1942 3465 2133 3509 Karolo,Dei
2146 3464 2246 3507 gratia,
2263 3462 2388 3495 Franciae
2411 3455 2541 3491 AnnlDz

1409 3513 1442 3543 δε
1456 3510 1593 3541 Navarrae
1606 3509 1682 3547 Regi
1698 3507 1796 3537 Illustri
1812 3530 1822 3544 ,
1846 3506 1997 3537 Avunculo
2020 3508 2068 3534 luo
2089 3504 2243 3540 carissimo,
2270 3501 2387 3533 Edwar-
2428 3506 2512 3537 1327-

1336 3552 1402 3588 dus,
1420 3549 1517 3580 eadem
1532 3547 1636 3591 gratia,
1655 3547 1715 3577 &c.
1735 3545 1876 3583 Salutem,
1893 3545 1925 3575 ὃς
1939 3542 2083 3573 Succeffus
2093 3564 2104 3579 ,
2122 3541 2227 3578 semper
2247 3539 2281 3571 ad
2304 3549 2389 3579 vota,
2406 3540 2460 3603 ΞΜ·
2482 3545 2507 3565 ¹·

1336 3586 1687 3662 Ρηὲἰῗξΐνίεῐηᾶἑυωέῐξὶῗῐῆ,
1705 3621 1800 3652 ἀΰεξῒὶ
1817 3619 1985 3650 Mercatoris
1999 3617 2101 3654 nostri,
2118 3616 2269 3647 willielmi
2282 3616 2316 3647 de
2327 3616 2390 3657 Ry-
2410 3584 2497 3650 Ciuis-
2520 3614 2547 3640 ¹1

1339 3666 1415 3703 dale,
1430 3665 1462 3694 de
1481 3663 1600 3703 qua'dam
1622 3660 1726 3700 Waya'd
1740 3682 1750 3698 ‚
1774 3659 1840 3688 dicii
1865 3656 2007 3687 Willielmi
2027 3655 2106 3693 captti
2127 3653 2165 3689 όν
2189 3655 2300 3685 detentd
2319 3657 2394 3694 apud
2412 3656 2486 3716 130}-

1340 3704 1518 3735 Ambianum.

1379 3742 1456 3773 Data
1469 3739 1542 3779 apud
1556 3736 1713 3776 Clypston,
1732 3734 1870 3766 vicefimo
1882 3733 1988 3764 octavo
2002 3732 2048 3763 die
2062 3731 2253 3763 Novembris.
2413 3697 2450 3757 fn
2467 3729 2494 3755 6
2502 3728 2531 3755 d.

2412 3794 2490 3825 Ann.
2506 3791 2549 3824 DJ

1390 3875 1439 3906 De
1456 3868 1606 3904 Conduffu
1616 3878 1672 3914 pro
1690 3869 1803 3900 Comite
1817 3864 1983 3898 Hollandiae
2001 3891 2011 3907 ,
2036 3867 2073 3903 (ιὰ
2098 3862 2234 3911 Philippa
2256 3865 2350 3898 Filia.
2415 3838 2524 3936 ἐιῖὶιῖ

2440 3932 2444 3937 .
2463 3918 2488 3944 3.

1346 3954 1475 4014 REX
1498 3952 1747 4021 Vicecomitibiiigff
1766 3950 1874 3994 Ballivis
1888 3974 1898 3989 ,
1921 3949 2058 3998 Minispris
2072 3973 2082 3988 ,
2107 3950 2141 3981 δε
2164 3950 2297 3981 omnibus
2321 3949 2402 3980 Fide·
2419 3948 2512 3975 Pat.1.'

1349 3994 1500 4064 Salutelziiil's
1521 3991 1589 4032 suis,
1614 4000 1674 4024 tam
1748 4000 1763 4021 a
1785 3989 1953 4028 Libertates,
1977 3998 2064 4028 quam
2079 3997 2169 4028 extra,
2185 3988 2219 4021 ad
2232 3999 2318 4028 quos,
2342 3989 2401 4018 &c.
2418 3989 2500 4060 PER-

1768 4065 1797 4097 C
1815 4075 1832 4096 c
1851 4074 1869 4096 2
2327 4061 2406 4093 cum
2423 4070 2459 4090 m.
2480 4067 2521 4086 ιο,
