2562 4279
24 280 100 312 Ann.
108 276 149 307 D.

21 324 134 392 ῑὶὲἒζῑ

21 575 98 607 Arin.
108 574 149 605 D.

43 622 128 655 1337.

19 657 72 681 Aa.
92 662 135 680 ιι.

18 697 49 720 Ε.
68 700 94 728 3.

20 730 139 759 Aleman.

24 778 66 796 ιι.
80 771 110 794 E.
129 777 156 804 3.

19 816 58 836 m.
78 815 103 834 1.

23 2425 43 2443 ⁸
64 2426 119 2453 IV.

21 2463 90 2501 βιο.

21 2569 92 2602 Ami
117 2570 160 2604 D.

23 2595 138 2677 „izit

23 2709 155 2754 scanni.

20 2767 54 2791 E.
70 2773 139 2800 3.m.

740 189 841 231 ET
935 186 1203 230 ACTA

207 277 300 314 Item,
319 276 480 308 consimiles
500 275 724 307 Commiffiones
744 274 907 305 Willielmo
929 274 967 305 de
988 274 1088 305 Bohun
1125 272 1238 303 Comiti

169 316 431 386 ffigglrirzlingpttgniae,
451 314 670 352 Conlanguineo
685 314 773 353 Regis
787 312 948 352 carissimo,
965 311 1026 348 ῶνα.
1039 295 1237 352 utsiepra,sub

379 480 427 513 De
448 476 622 510 intendendo
641 479 755 509 Locum
772 478 881 508 tenenti
893 473 1039 520 praedic‘lo.

171 564 391 626 EDwardus,
406 562 465 593 Dei
483 562 587 602 gratia,
601 562 667 592 Rex
681 560 728 591 An
749 560 792 590 liae
807 560 840 591 &
857 558 1001 603 Franciae,
1019 558 1168 592 Dominus
1181 560 1238 592 Hi-

249 604 373 638 berniae,
391 603 424 632 &
446 601 516 631 Dux
531 597 708 639 Aquitaniae,
755 597 970 636 rchiepiscopis,
989 597 1152 637 Episcopis,
1172 599 1238 631 Dii-

171 642 252 675 cibus
267 664 276 680 ,
305 640 523 671 Marchionibus
540 664 549 678 ,
575 638 758 673 Comitibus,
786 635 959 674 Batonibus,
983 646 1016 667 ac
1038 637 1164 668 Personis
1183 639 1238 669 aliis

171 680 415 718 quibuscumque,
431 680 461 708 in
476 678 558 709 dicto
572 677 675 715 Regno
689 674 817 704 Franciae
835 673 1033 714 existentibus,
1051 675 1186 708 Salutem.

213 717 294 749 Cum
310 728 363 748 nos

212 740 397 788 Attendem'es
412 755 547 785 Inclitum
560 752 700 789 Regnum
715 749 842 782 Franciae
854 750 889 781 ad
902 761 955 782 nos
969 752 1031 784 fore
1048 753 1110 792 jure
1130 753 1240 785 succes-

174 795 249 825 sorio
264 795 390 834 legitime
403 792 567 824 devolutum
576 814 585 828 ,
655 829 659 833 ι
945 830 950 835 ⁸

210 832 306 872 Ipsum
321 833 477 870 Regnum,
496 838 526 859 ut
542 827 749 859 Haereditatem
762 828 885 859 nostram
898 828 1052 869 legitimam
1062 854 1071 868 ,
1090 831 1239 870 agnoveri-

174 882 256 910 mus„
274 873 308 903 &
321 872 416 901 eidem
430 879 481 899 nos
496 866 657 898 immiscere
669 866 858 906 voluerimus,
877 867 947 898 sicut
963 868 1062 907 decet,

211 911 250 941 Et
263 910 300 940 de
313 909 411 940 debito
424 906 564 943 regimine
577 905 646 935 dieti
662 905 710 935 Re
729 906 759 934 ni
773 906 883 936 summe
896 906 1016 945 soliciti,

212 949 259 979 Ac
279 948 316 978 de
337 946 477 985 probitate
497 942 664 983 magnifica,
690 943 708 973 fi
729 944 821 975 elitate
841 944 943 982 solida,
969 946 1002 975 ὃς
1023 944 1160 976 industria
1182 947 1239 977 cir-

173 985 356 1024 cumspecta,
374 983 495 1014 Nobilis
517 984 550 1013 ὃ(
569 981 697 1012 Potentis
717 982 797 1020 Viri,
819 982 957 1020 Johannis
976 983 1068 1015 Ducis
1086 984 1240 1016 Brabantiae

172 1027 208 1058 &
224 1024 401 1060 Lotring'iae,
420 1020 631 1060 Consanguinei
647 1019 737 1051 nostri
748 1019 897 1060 cariffimi,
914 1022 1016 1053 intime
1029 1022 1222 1062 confidentes,

210 1062 304 1101 Ipsum
326 1062 356 1091 in
377 1060 485 1097 Regno
508 1059 647 1096 praedicto
668 1059 785 1090 Locum
800 1059 931 1090 nostrum
944 1067 1104 1099 tenentem,
1123 1060 1239 1099 Capita-

171 1110 279 1140 neum,
297 1100 331 1132 &
351 1098 482 1130 nostrum
504 1097 653 1129 Vicarium
672 1097 822 1129 fecerimus
844 1099 877 1129 δε
892 1098 1101 1137 praefecerimus
1123 1108 1239 1139 genera-

172 1141 233 1171 lem

211 1162 414 1208 Cbncedentes
434 1177 467 1208 &
487 1176 701 1207 committentes
721 1175 815 1206 eidem
836 1174 916 1206 Duci
938 1185 1050 1206 merum
1065 1175 1238 1216 Imperium,

174 1217 209 1248 ἃ
223 1216 319 1247 Gladii
335 1215 524 1253 Potestatem,
542 1225 575 1245 ac
586 1213 818 1253 jurisdictionem
830 1214 1058 1252 omnem,altam
1074 1216 1106 1246 &
1122 1216 1239 1253 bassim,

175 1254 386 1295 Cognitionem
408 1255 442 1284 ὅτ,
466 1253 651 1284 Decisionem
670 1254 822 1290 omnium,
839 1253 900 1282 tam
916 1251 1135 1291 Criminalium,
1174 1255 1238 1285 uiini

174 1293 316 1324 Civilitim
335 1316 344 1331 ,
371 1291 578 1331 Qiaestionum
592 1314 602 1330 ‚
625 1301 696 1322 curn
718 1289 860 1321 Potestate
877 1290 993 1329 Judices
1015 1292 1049 1322 ὃς
1071 1291 1160 1322 Minu
1176 1304 1239 1333 ros,

175 1340 262 1371 prout
276 1331 407 1369 expedire
420 1331 537 1368 viderit,
554 1329 725 1368 deputandi,

212 1370 344 1401 Necnon
359 1370 475 1408 plenum
490 1369 654 1399 exercitium
671 1368 805 1398 omnium
823 1368 857 1399 δε
878 1366 1067 1407 singulorum,
1086 1370 1186 1406 nobis,
1205 1371 1239 1400 δε

175 1409 277 1440 nostro
298 1409 448 1447 regimini,
466 1407 694 1438 incumbentium
716 1407 745 1436 in
764 1407 817 1436 hac
838 1415 929 1444 parte,
947 1407 980 1437 ὃς
1004 1417 1069 1445 quae
1083 1418 1135 1438 rios
1149 1409 1240 1438 facere

175 1447 321 1486 possemus
336 1448 369 1478 δε
382 1446 536 1484 debemus,
557 1445 576 1475 si
592 1444 739 1484 praesentes
752 1445 872 1475 essemus
887 1444 992 1475 ibidem
1002 1470 1012 1483 ,

213 1486 323 1524 Vobis,
341 1486 475 1516 omnibus
490 1485 523 1515 δε
537 1483 664 1524 singulis,
681 1482 800 1514 firmiter
815 1484 986 1523 injungimus
1003 1485 1036 1514 ὃς
1058 1485 1241 1523 mandamus,

174 1524 257 1561 quod
279 1525 429 1563 praefatum
448 1523 583 1560 Ducem,
608 1521 643 1552 ad
662 1521 863 1560 exequendum
882 1522 1040 1560 praemiffa,
1067 1523 1186 1553 iibentei·
1207 1526 1241 1554 ὃ(

174 1563 282 1594 devote
301 1563 454 1601 recipiatis,
475 1564 511 1593 &
532 1561 609 1600 Sibi,
637 1568 773 1599 tanquam
794 1560 924 1591 Personae
945 1560 1067 1598 nostrae,
1087 1561 1124 1591 iic
1147 1564 1242 1598 pronis

175 1601 338 1632 Affectibus
357 1602 489 1638 pareatis,
508 1601 541 1631 ὃς
560 1598 706 1631 intendatis
728 1593 871 1629 humiliter
891 1599 921 1628 in
939 1598 1101 1638 praerniffis,
1127 1609 1158 1630 ut
1180 1599 1243 1630 De-

175 1641 303 1672 votionis
319 1640 420 1671 vestrae
436 1637 699 1676 Promptitudinem
712 1636 864 1667 debeamus
878 1639 982 1667 merito
998 1637 1216 1668 commendare:

213 1678 316 1709 Scituri
336 1688 390 1716 pro
413 1686 494 1708 certo
517 1676 597 1716 quod
616 1675 650 1705 ad
672 1675 805 1706 Humiles
820 1675 877 1705 else
890 1675 1023 1705 volumus
1037 1685 1106 1705 curn
1130 1676 1243 1706 Favoris

177 1716 357 1748 exuberantia
371 1716 512 1754 Gratiofi,
529 1716 562 1746 &
575 1716 604 1745 in
619 1714 768 1752 Rebelles,
786 1722 870 1753 prout
884 1714 1005 1752 exegerit
1020 1713 1111 1746 vestra
1126 1714 1242 1746 Proter-

176 1757 238 1793 via,
258 1755 420 1787 Saevientes.

210 1794 248 1827 In
263 1795 361 1833 cujus,
378 1794 439 1825 &c.
817 1830 822 1835 ,
1010 1831 1014 1835 ¹

252 1832 322 1863 Dat.
340 1832 414 1870 apud
429 1828 739 1868 Westmonasteiium,
757 1830 875 1868 septimo
891 1829 1039 1861 Octobris.
1088 1851 1098 1862 0

213 1908 374 1939 Consimile
391 1908 560 1939 Mandatum
576 1906 701 1946 dirigitur
716 1906 837 1945 eisdem,
854 1906 904 1939 sub
916 1906 966 1936 illis
981 1907 1074 1937 vei-bis
1095 1907 1242 1945 transposi-

174 1948 228 1986 tis,
245 1951 305 1977 Rex
320 1946 434 1984 Angliae
450 1945 487 1981 ὠ·
503 1948 634 1976 franciae.

214 2023 308 2062 Item,
326 2023 493 2054 Consimilia
509 2022 645 2052 Mandata
661 2021 821 2060 diriguntur
835 2021 956 2061 eisdem,
974 2021 1024 2053 sub
1041 2024 1159 2053 nomine
1175 2022 1242 2054 Gu-

174 2063 263 2095 lielmi
280 2062 460 2094 Marchionis
471 2060 633 2100 Juliacensis
642 2083 651 2099 ,

201 2138 304 2182 item,
323 2137 491 2170 Confimilia
506 2136 642 2169 Mandata
657 2136 778 2176 eisdem,
796 2136 846 2168 sub
858 2139 979 2170 nomine
993 2128 1118 2171 Comitis
1138 2138 1242 2170 Hano-

177 2185 232 2207 niae
241 2200 251 2217 ,

174 2300 187 2323 t
211 2253 303 2297 Item,
317 2253 484 2286 Consimilis
498 2252 707 2294 Mandata‚sub
721 2253 839 2285 nomine
853 2253 921 2285 dicti
937 2252 1063 2285 Comitis
1070 2254 1105 2284 N
1107 2254 1243 2294 orhamp-

189 2301 274 2323 oniae.

179 2414 207 2442 κ’
232 2418 282 2451 De
298 2416 442 2462 potestate
460 2416 700 2452 trafianditum
717 2416 831 2452 David
845 2417 881 2451 de
897 2419 974 2452 Brus
982 2417 1074 2464 fhper
1096 2418 1241 2465 Treugis,

236 2483 239 2485 ⁴
559 2467 628 2512 five
643 2467 746 2501 Finali
762 2470 850 2502 Pace.

179 2552 294 2611 REX
307 2552 477 2593 Univerfis,
494 2554 529 2585 ad
546 2563 636 2593 quOS,
655 2553 716 2585 &c.
735 2552 867 2586 Salutem.

271 2592 369 2623 Sciatis
383 2593 464 2631 quod
481 2593 565 2632 Nos,

215 2629 265 2661 De
283 2630 414 2661 fidelitate
434 2631 553 2669 probata
571 2632 606 2662 &
631 2630 887 2670 circumspeetione
923 2630 1037 2670 rovida,
1056 2630 1243 2662 Dilec‘torum

177 2669 212 2699 δε
228 2669 366 2713 Fidelium
379 2670 543 2701 nostrorum
578 2669 753 2700 Venerabilis
766 2669 870 2714 Patris,
883 2641 929 2700 13.
949 2669 1155 2714 lfincolnienfis
1172 2669 1245 2708 Epi-

177 2707 271 2745 scopi,
289 2709 323 2739 &
334 2707 488 2739 Willielmi
501 2708 537 2738 de
546 2693 649 2739 f30hun
660 2707 870 2747 Consanguinei
885 2707 974 2752 nostri
986 2707 1135 2747 cariffimi,
1146 2708 1181 2739 N
1183 2718 1244 2740 ort-

177 2746 350 2785 hamptoniae
365 2769 374 2784 ‚
398 2747 432 2777 &
451 2746 576 2777 Roberti
595 2746 631 2776 de
650 2746 764 2777 Ufford
779 2768 791 2785 ,
813 2745 976 2785 Suffolciae,
998 2746 1152 2778 Comitum
1191 2747 1245 2786 Jo-

178 2784 276 2814 hannis
290 2784 386 2828 Darcy
402 2784 548 2828 Senesealli
563 2784 689 2828 Hospitii
703 2784 810 2823 nostri,
828 2785 929 2829 Fratris
951 2784 1071 2816 Ricardi
1093 2784 1129 2816 de
1145 2769 1245 2825 Wyn-

177 2821 257 2860 kele,
272 2822 457 2852 Provrncralis
478 2822 596 2852 Ordinis
612 2823 742 2853 Fratrum
765 2823 984 2863 praedicatorum
1005 2825 1036 2854 in
1051 2823 1159 2861 Angli&
1178 2824 1245 2855 Ma-

199 2860 271 2898 istri,
286 2861 426 2900 Johannis
440 2860 476 2891 de
491 2860 624 2900 Ufford,
642 2860 785 2892 Canoniei
804 2861 1029 2899 Londonienfis‚
1049 2863 1083 2893 δε
1106 2862 1187 2892 Pauli
1208 2863 1245 2893 de

218 2908 288 2929 onte
309 2899 446 2935 Florum,
464 2899 603 2937 johannis
622 2898 658 2929 de
681 2898 790 2929 Monte
810 2898 937 2930 Gomeri
958 2899 1080 2938 Militis,
1092 2901 1126 2931 &
1145 2900 1245 2938 Magi-

176 2937 228 3006 ςίῖιίιί
248 2937 384 2976 Johannis
404 2937 566 2978 Wauwayn
580 2960 591 2976 ,
617 2936 761 2969 Canoniei
784 2936 988 2978 d'Erlyngton,
1011 2938 1135 2978 plenarie
1152 2939 1246 2971 confi-

199 2984 276 3006 entes

214 2999 295 3052 Ipsos’
311 3024 429 3053 omnes,
454 3013 554 3053 Οθεο,
578 3014 712 3052 Septem,
734 3014 809 3052 Sex,
836 3014 978 3054 Qinque
992 3037 1003 3053 ,
1027 3015 1162 3054 Qatuor
1176 3039 1186 3053 ,
1210 3016 1245 3047 δε

177 3053 253 3084 Tres
275 3063 377 3084 eorum
398 3054 553 3092 (Qorum
574 3052 704 3091 praefatus
726 3052 831 3091 Episco
853 3063 905 3091 us,
929 3053 977 3084 vel
999 3053 1067 3083 alter
1089 3053 1244 3085 Comitum

177 3092 400 3130 praedieiorum,
419 3093 451 3123 sit
473 3091 556 3129 unus)
577 3092 697 3122 facimus
717 3091 751 3122 δε
765 3101 822 3122 con
850 3092 965 3122 ituimus
977 3090 1090 3122 nostros
1104 3091 1245 3124 Procura-

179 3140 256 3161 tores
267 3130 407 3170 legitimos
423 3131 456 3163 ὃς
470 3129 607 3160 Nuncios
619 3130 764 3168 speciales3

218 3167 327 3199 Dantes
346 3170 465 3207 eisdem,
490 3168 588 3207 Octo,
616 3168 750 3206 Septem,
770 3167 842 3206 sex,
861 3167 1021 3207 Quinque,
1039 3168 1190 3207 Quattuor,
1208 3170 1243 3202 &

178 3206 287 3238 Tribus
308 3217 408 3238 eorum
433 3208 563 3245 (Qrum
586 3207 714 3245 praefatus
735 3206 909 3245 Episcopus,
926 3207 973 3237 vel
993 3208 1061 3238 alter
1088 3206 1243 3239 Comitum

177 3244 401 3284 praedffltorum,
420 3245 453 3275 fit
467 3246 550 3283 unus)
564 3247 679 3283 plenam
693 3245 868 3277 potestatem
883 3246 917 3277 &
939 3244 1109 3276 Mandatum
1126 3245 1244 3284 speciale

178 3284 315 3315 tractandi
332 3294 383 3321 pro
398 3284 497 3324 nobis,
516 3285 549 3315 ὃς
563 3283 663 3315 nostro
676 3285 812 3322 nomine,
830 3293 900 3314 cum
912 3283 1009 3313 David
1030 3284 1066 3314 de
1087 3284 1191 3323 Bruys,
1208 3286 1243 3316 ὃς

179 3322 230 3353 De
252 3322 358 3352 utandis
378 3323 416 3352 ab
437 3332 474 3354 eo
506 3322 544 3352 de
564 3322 689 3360 Treugis
709 3324 744 3355 ὃς
766 3322 888 3354 Guerrae
908 3321 1094 3362 Sufferentia,
1112 3332 1145 3353 ac
1158 3325 1245 3354 etiam

180 3361 217 3392 de
256 3371 307 3391 ace
320 3360 353 3390 ὅ(
370 3359 457 3390 Finali
472 3346 660 3398 Concordia,

220 3399 297 3430 Inter
310 3398 394 3436 Nos,
412 3399 446 3428 &
461 3399 545 3428 nobis
556 3398 755 3437 Adhaerentes,
773 3407 809 3429 ex
821 3407 900 3438 parte
923 3399 998 3438 unzi,
1015 3399 1049 3430 &
1068 3399 1160 3437 ipsum
1181 3399 1244 3431 Da-

180 3438 248 3477 vid,
265 3438 300 3468 &
314 3437 365 3467 sibi
377 3436 578 3474 Adhaerentes,
596 3445 630 3466 ex
642 3435 710 3474 alia,

219 3476 308 3514 Super
329 3474 482 3513 omnibus,
509 3472 752 3513 Diffenfionibus,
769 3473 945 3514 Demandis,
964 3476 999 3507 &
1018 3476 1159 3516 Debatis,
1174 3477 1243 3510 hinc

180 3515 249 3546 iride
262 3515 396 3552 subortis,

215 3552 366 3591 Ineundis,

216 3591 255 3624 Et
269 3593 334 3629 hiis,
354 3600 419 3630 quae
431 3589 470 3620 fic
482 3589 597 3621 tractata
609 3590 731 3629 fuerint,
745 3598 832 3629 prout
845 3589 880 3622 ad
893 3589 1050 3622 Honorem
1065 3591 1197 3623 nostrum
1210 3593 1244 3623 &

176 3630 383 3700 Cogimodum
405 3627 537 3667 expedire
556 3627 693 3666 viderint,
710 3628 922 3669 consentiendi,
939 3631 973 3661 δε
994 3630 1075 3668 super
1097 3631 1149 3662 hiis
1172 3640 1245 3661 con-

177 3681 230 3701 cor
251 3670 314 3700 andi

217 3707 255 3739 Et
275 3693 372 3738 om’nia
394 3707 428 3738 δε
448 3705 570 3746 singula,
593 3715 659 3744 quae
679 3706 718 3737 fic
738 3706 852 3738 traciata
873 3707 907 3738 &
926 3706 1098 3737 concordata
1116 3707 1243 3747 fuerint,

179 3757 367 3816 ῳὲῗὲῑῗὲἓ
372 3743 1244 3822 {witigis“sssssnffl03122322322233ffi355‘1nfi{iffi}

180 3823 215 3854 fis
231 3824 265 3854 &
284 3825 360 3854 circa
382 3834 415 3854 ea
428 3821 577 3853 neceffiiria
590 3821 694 3852 fuerint
709 3821 756 3852 vel
769 3830 928 3861 oportuna,
945 3806 1028 3853 etiam
1043 3821 1064 3852 si
1080 3821 1243 3854 mandatum

179 3861 293 3895 exigant
303 3862 433 3900 speciale3

218 3897 418 3932 Promittentes
436 3909 489 3938 pro
510 3898 628 3935 Nobis,
645 3898 679 3928 δε
698 3896 868 3928 Haeredibus
893 3898 1012 3935 nostris,
1030 3897 1100 3929 Nos
1118 3898 1244 3938 Ratum,

162 3936 324 3974 'Graturm
341 3940 375 3970 &
395 3939 544 3974 Firmum,
563 3937 704 3968 habituros
730 3936 880 4012 Qiicgtiid
902 3946 950 3975 per
963 3937 1057 3967 diffisos
1071 3936 1246 3968 Procurato-

180 3986 241 4013 τες,
259 3975 359 4013 Octo,
373 3976 508 4015 Septem,
526 3975 598 4014 Sex,
619 3975 776 4013 Qinque,
837 3983 937 4005 uatuor
978 3983 1025 4005 aut
1045 3975 1120 4006 Tres
1140 3985 1243 4007 eorum

179 4014 332 4053 (Quorum
344 4014 436 4045 dictus
449 4014 674 4052 Episcopus‚vel
688 4013 755 4043 alter
772 4012 917 4043 diciorum
935 3998 1145 4057 Comitum,fit
1158 4015 1241 4051 unus)

179 4053 226 4085 seu
247 4050 417 4082 Substitutos
436 4054 472 4083 ab
493 4053 557 4090 ipsis
603 4051 703 4090 Octo,
728 4052 860 4089 Septem,
888 4051 1045 4091 Qinque,
1070 4060 1117 4083 aut
1137 4052 1244 4083 Tribus

181 4099 282 4160 eoru?
298 4089 554 4159 ((ὶιιιιοῐὲωἶειὶίιᾶυε
564 4076 743 4130 ²Episcopus2
761 4090 806 4122 vel
827 4090 895 4121 alter
910 4090 1115 4128 praedictorum
1139 4089 1245 4123 Comi-

203 4158 205 4161 .
268 4138 318 4159 om.
371 4151 377 4157 .
421 4150 428 4157 .
498 4151 506 4158 .

1287 185 1319 225 P
1361 186 1404 226 U
1442 189 1474 228 B
1513 190 1546 230 L
1584 191 1603 231 1
1643 192 1681 233 c
1721 190 1770 235 A.
2278 210 2354 257 193

1277 280 1357 307 rum,
1376 271 1406 301 sit
1420 272 1518 315 Unus)
1543 275 1651 308 Actum
1661 278 1708 310 vel
1722 279 1846 311 Gestum
1860 277 1943 314 fuerit
1962 283 1992 314 in
2012 278 2175 325 praemiffis,
2193 280 2228 318 δὲ
2245 286 2336 325 quoli⁴
2361 284 2488 324 Anah

1276 309 1561 385 beifscfflssffffissm'
2361 334 2461 369 ¹³³⁷·

1354 384 1421 415 Dat.
1440 372 1512 424 a²pud
1526 374 1645 421 Turrim
1659 390 1835 434 Londonlae,
1854 396 1975 435 septimo
1987 399 2034 430 die
2048 400 2196 433 Ot‘iobris.
2354 367 2421 396 mv.
2444 380 2468 407 3⁸

2131 478 2229 517 Duppl.

1489 588 1548 621 Ad
1563 592 1661 623 Duces
1680 592 1806 635 Austriae
1816 595 1905 641 fitper
1920 598 2117 644 Sponfizlibus.

1282 670 1401 738 REI}
1415 670 1488 715 viris
1504 672 1664 721 Magarsus
1677 678 1711 708 δε
1727 676 1877 723 Dira-egis,
1896 680 2031 725 Dominis
2046 684 2165 717 aiberto
2177 683 2210 718 sc
2225 686 2334 726 otoni,
2352 681 2429 712 Ann-
2444 674 2486 711 Da

1353 748 1357 752 ‚
1394 711 1492 754 ucibus
1520 711 1658 752 Austriae,
1677 715 1786 746 AmiCis
1800 717 1850 748 suis
1865 720 2024 761 carissimis,
2039 720 2164 755 Salutem
2198 726 2232 757 δε
2246 725 2336 757 since-
2383 727 2470 760 1337-

1279 753 1319 773 rae
1330 746 1489 778 dilectionis
1501 749 1649 782 affectum.
2171 746 2182 763 ⁹

1315 784 1395 815 Scire
1413 787 1482 817 velit
1499 787 1589 818 vestra
1612 788 1742 822 Dilectio
1761 794 1843 823 nobis
1863 803 1954 834 grata,
1980 798 2061 835 quod
2080 798 2231 840 Tradiata',
2255 802 2334 840 super
2354 764 2436 834 ἔηὸι
2446 768 2470 786 ι·

1278 824 1476 869 contrahendis
1497 826 1677 863 Sponsalibus
1696 831 1729 860 ὃς
1755 830 1945 863 Matrinionio
1959 836 2031 866 inter
2040 836 2200 873 Johannam
2238 839 2336 870 Filiam
2354 837 2473 865 Astmam

1277 862 1402 892 nostram
1415 863 1598 904 cariffimam,
1616 867 1650 897 ὃς
1665 867 1767 898 Filium
1782 869 2012 907 Primogenitum
2034 875 2175 914 vestrum,
2195 865 2339 917 (Domine
2360 885 2400 902 ¹¹·
2416 878 2446 902 E.
2463 875 2494 909 δ”

1278 899 1341 945 Oto
1357 901 1481 946 praefate)
1497 904 1632 948 vellemus
1650 905 1769 937 libenter
1782 907 1899 939 effectui
1914 911 1997 941 celeri
2011 916 2178 953 mancipari,
2356 923 2393 942 ⁷⁷¹·
2415 921 2439 941 ¹²

1316 938 1372 977 Et,
1390 949 1454 977 quia
1472 950 1560 985 nuper
1581 943 1765 982 disposuimus
1784 947 1877 977 versus
1898 957 1987 984 partes
2010 950 2148 983 Almaniae
2163 955 2190 984 in
2205 951 2339 992 proximo

1278 978 1465 1022 transfretare,
1485 978 1635 1024 Dilecftum
1651 983 1749 1021 nobis,
1766 983 1928 1016 Henricum
1943 987 2069 1018 Gaffeler
2081 990 2219 1030 Militem,
2238 994 2340 1025 vestrae

1278 1014 1447 1061 Nobilitatis
1469 1018 1643 1063 Nuiicitim,
1660 1027 1775 1058 propter
1797 1023 1855 1054 hoc
1875 1024 1908 1054 ad
1931 1036 1983 1056 rios
2005 1027 2137 1067 missum,
2157 1032 2341 1071 retinuimus,

1279 1061 1310 1083 ut
1323 1062 1392 1100 tunc
1405 1055 1511 1086 dictam
1530 1056 1629 1087 Filiam
1644 1057 1786 1098 nostram,
1804 1071 1836 1092 ac
1856 1063 2006 1100 praefatum
2027 1065 2172 1106 Militem,
2189 1070 2341 1101 nobiscum

1279 1092 1400 1123 securius
1414 1092 1594 1133 duceremus,

1315 1128 1427 1161 Verum
1447 1132 1518 1162 curn
1539 1134 1650 1164 dictum
1672 1134 1830 1176 Pasiagium
1852 1139 1983 1171 nostrum
2004 1141 2096 1174 adhuc
2111 1166 2121 1182 ,
2150 1142 2187 1175 de
2212 1145 2343 1179 Confilio

1281 1169 1472 1206 quorumdam
1488 1171 1661 1202 Amicorum
1675 1173 1856 1216 nostrorum,
1875 1180 1997 1214 partium
2010 1181 2181 1221 vestrarum,
2197 1185 2341 1223 quousque

1280 1208 1316 1237 de
1331 1207 1396 1252 Ipsis
1413 1208 1592 1253 Responsum
1605 1214 1810 1255 receperimus,
1829 1214 1861 1245 sit
1879 1215 2014 1256 dilatum,
2035 1218 2109 1258 ipsos
2131 1222 2223 1252 adhuc
2245 1224 2343 1253 nobis-

1280 1256 1348 1275 cum
1367 1256 1396 1276 in
1417 1249 1540 1291 partibus
1560 1258 1727 1289 retinemus,
1753 1251 1792 1282 set
1812 1252 1951 1290 speramus
1969 1257 1999 1285 in
2018 1261 2151 1294 proximo
2171 1269 2241 1291 curn
2262 1262 2324 1299 ipsis

1281 1283 1368 1315 Duce
1382 1285 1530 1324 Domino,
1548 1288 1738 1327 transfretare,
2328 1284 2343 1300 ³

1283 1361 1287 1366 Ι
1319 1323 1522 1367 Qarnobrem
1536 1325 1688 1363 specialiter
1699 1338 1752 1358 vos
1766 1337 1913 1372 rogamus,
1933 1331 2063 1370 quatinus
2084 1333 2264 1367 Dilationem
2285 1337 2340 1369 hu-·

1276 1361 1400 1399 jusmodi
1421 1372 1536 1401 gravem
1559 1375 1618 1394 non
1641 1365 1779 1405 habeatis,
1796 1370 1816 1398 li
1838 1369 1987 1408 placuerit,
2006 1372 2050 1401 vel
2066 1371 2239 1413 Molestam3
2256 1385 2341 1414 nam,-

1280 1401 1420 1467 quatteni‘is
1439 1401 1537 1432 securo
1560 1403 1651 1433 modo
1674 1404 1732 1435 fieri
1752 1408 1880 1447 poterit,
1907 1409 2019 1439 dictum
2042 1411 2173 1449 cupimus
2193 1416 2342 1452 negotium

1282 1448 1328 1468 ΗΚ).
1342 1449 1426 1468 usare.

1319 1476 1389 1507 Dat.
1403 1477 1479 1515 apud
1492 1478 1617 1510 westm.
1635 1481 1673 1511 vii
1687 1481 1733 1512 die
1747 1481 1894 1515 Octobris.

1553 1607 1580 1635 ᾗ
1606 1612 1664 1644 Ad
1680 1614 1853 1647 Cardinales
1869 1616 1904 1649 de
1921 1618 2090 1652 Credentia.
2372 1620 2389 1637 ⁴⁸
2407 1622 2459 1651 IV·

2366 1659 2430 1688 821.

1284 1693 1492 1754 'VEnerabili
1512 1696 1539 1725 in
1557 1696 1676 1729 Christo
1693 1698 1768 1730 Patri
1781 1699 1813 1729 P.
1832 1699 1890 1731 Dei
1906 1703 1995 1738 gratia
2030 1705 2103 1736 tituli
2118 1705 2229 1738 Sanetae
2243 1707 2346 1739 Praxe-
2363 1698 2438 1728 Asm-
2450 1698 2489 1728 D·

1366 1733 1407 1763 dis
1430 1732 1589 1779 Cardinali,
1615 1737 1725 1780 Arnico
1746 1739 1795 1768 suo
1816 1740 1976 1779 cariffimo,
1994 1727 2166 1784 fidwardus,
2185 1746 2244 1778 &c.
2263 1747 2345 1778 Salu-
2385 1745 2470 1777 ¹337·

1283 1778 1359 1808 tem,
1377 1773 1411 1803 &
1427 1772 1540 1803 sincerae
1553 1773 1714 1806 dilec‘tionis
1731 1775 1879 1816 affectum,
2362 1780 2414 1803 Aa.
2434 1786 2476 1803 ¹1-

1320 1808 1468 1855 Pensantes
1481 1821 1589 1848 gratam
1604 1813 1828 1845 Benivolentiam
1837 1839 1847 1854 ,
1864 1827 1951 1854 quam
1963 1818 1997 1849 ad
2013 1819 2083 1851 Nos
2094 1822 2128 1852 &
2141 1821 2275 1853 Domum
2288 1834 2342 1854 no·
2359 1817 2389 1841 E.
2412 1824 2438 1850 3·

1283 1846 1367 1895 stram
1384 1848 1526 1893 Regiam,
1541 1851 1600 1881 iiim
1617 1861 1651 1881 ex
1666 1852 1852 1884 Testimonio
1866 1855 2013 1896 laudabili,
2033 1860 2119 1897 quam
2134 1863 2226 1898 operis
2248 1862 2345 1893 effica-
2361 1857 2431 1879 Rom.
2447 1861 2488 1880 ¹¹·

1282 1896 1326 1916 cia
1335 1909 1345 1925 ,
1360 1897 1552 1925 cognowmus
1566 1889 1699 1921 haelenus
1713 1902 1763 1922 vos
1777 1893 1895 1932 habere,
1914 1895 1988 1926 hanc
2003 1896 2040 1926 de
2052 1897 2223 1929 Dilefflonis
2244 1901 2345 1931 vestrae
2363 1894 2393 1918 Β
2410 1899 2434 1928 3·
2450 1901 2486 1919 ⁷⁷¹·

1281 1923 1431 1956 dulcedine
1444 1926 1576 1971 fiduciam
1591 1931 1769 1969 optinemus,
1787 1932 1868 1970 quod
1881 1933 2046 1965 nostrorum
2068 1937 2163 1968 zelatis
2185 1937 2346 1970 Honorum
2365 1937 2392 1956 2‘

1282 1963 1315 1993 &
1331 1963 1518 1996 profectuum
1529 1976 1711 1999 incrementa.

1302 1999 1363 2046 ⁴Ex
1377 2001 1431 2034 hac
1447 2004 1675 2050 utiquehFiducifi
1690 2007 1833 2051 Quaedam
1844 2030 1862 2053 ².
1871 2008 1952 2040 cordi
1968 2010 2051 2041 nobis
2071 2012 2233 2053 insidentia,
2249 2015 2344 2054 injun-

1280 2048 1389 2085 ximus,
1413 2042 1576 2087 Venerabili
1598 2055 1627 2089 in
1646 2044 1774 2090 Christo·
1788 2046 1880 2086 Patri,
1904 2048 1946 2078 H.
1969 2048 2111 2088 Episcopo
2132 2052 2344 2094 Lincolniensi‚

1281 2078 1929 2155 ἒξ’ἕιὲῐᾶῧᾗιξῑάἓῧῑὲἒιὲἳὲῇἓᾈᾚῐξε
1944 2085 2342 2164 ¹³3³¹¹3¹¹²hN⁰³i¹3²¹¹¹m⁰ffiae³

1280 2156 1352 2194 spitii
1366 2157 1454 2190 nostri
1467 2145 1642 2199 Senesssallo,
1661 2147 1806 2191 Amicitiae
1821 2136 2011 2195 vestraldsi'lifae
2028 2137 2345 2201 ‹eroacrismoragilg'resg

1282 2195 1384 2234 tenda,
1413 2207 1499 2265 quosd,
1524 2205 1644 2235 optentu
1663 2199 1770 2244 nostri,
1796 2200 1900 2232 habere
1920 2201 2032 2242 velitis,
2053 2206 2174 2242 petimus
2187 2229 2197 2244 ,
2221 2207 2237 2237 s
2252 2209 2345 2239 eciali-

1282 2242 1322 2264 ter
1340 2244 1476 2265 commen
1497 2245 1567 2266 atos:
1589 2236 1671 2276 Ipfis,
1689 2238 1813 2277 TribuS,
1832 2242 1865 2271 ὃ(
1884 2240 2009 2272 Duobus
2027 2252 2144 2282 eorum,
2168 2246 2198 2275 in
2241 2246 2343 2277 'cendis

1282 2281 1317 2317 eir
1336 2283 1415 2312 parte
1434 2273 1543 2312 nostrii,
1564 2275 1585 2306 fi
1607 2276 1758 2321 placuerit,
1778 2277 1916 2309 Auditum
1939 2281 2095 2318 praebentes
2108 2282 2293 2324 benivolum,
2309 2285 2344 2317 δε

1283 2311 1384 2343 Fidem
1397 2311 1551 2343 Credulam
1565 2314 1735 2346 adhibentes.

1320 2349 1389 2381 Dat.
1404 2351 1478 2390 apud
1493 2351 1802 2393 westmonasterium,
1820 2354 1940 2394 septimo
1954 2355 1998 2389 die
2012 2356 2159 2391 Onobris.

1285 2468 1291 2472 ι
1320 2427 1433 2472 Eodem
1456 2429 1547 2472 modo
1570 2430 1700 2461 scribitur
1714 2431 1849 2463 Domino
1863 2431 1898 2464 P.
1916 2432 1976 2465 Dei
1986 2435 2092 2475 gratia,
2109 2435 2222 2469 Sanciae
2242 2435 2345 2470 Mari-„e

1282 2477 1313 2497 in
1326 2467 1438 2506 Aquiro
1453 2466 1589 2499 Diacono
1604 2468 1764 2510 Cardinali²
1781 2472 1842 2503 διε.

1366 2603 1532 2647 Coafimiles
1550 2605 1654 2637 Literae
1671 2603 1715 2637 ad
1730 2604 1894 2639 Gnidonem
1913 2605 1950 2640 de
1963 2608 2070 2641 Sancto
2089 2612 2248 2646 Germano,

1344 2688 1422 2728 EX,
1441 2698 1551 2734 magnae
1564 2688 1734 2721 discretionis
1747 2690 1838 2730 Viro,
1853 2690 1987 2735 'Guidoni
1999 2691 2035 2737 de
2050 2691 2156 2724 Sausio
2176 2691 2344 2734 Germano,
2360 2710 2435 2743 Am.
2452 2709 2492 2743 D·

1362 2728 1486 2758 Domini
1504 2728 1588 2766 Papae
1603 2726 1775 2769 Capeliano,
1791 2730 1898 2761 Amico
1910 2731 1961 2762 suo
1974 2731 2132 2771 carissimo,
2150 2731 2291 2772 Salutem,
2309 2735 2343 2766 ὃς

1282 2765 1397 2797 sincerae
1410 2765 1571 2811 dilestionis
1585 2766 1732 2798 affectum.
1785 2808 1788 2812 Ι
1839 2807 1844 2812 .
2361 2760 2471 2817 Αξιῖξζ

1318 2804 1362 2835 Ex
1377 2804 1459 2849 firmii
1472 2804 1576 2836 fiduci&
1590 2805 1744 2850 vestrarum
1758 2804 1907 2850 Fidelitatis
1921 2806 1954 2838 &
1966 2806 2235 2853 CircumspecJtionis
2250 2811 2346 2848 provi·
2361 2832 2390 2855 13.
2408 2810 2413 2816 ”
2465 2812 2471 2818 “

1280 2842 1325 2873 dae
1346 2843 1394 2881 (de
1413 2843 1515 2881 quibus
1538 2853 1589 2873 vos
1603 2844 1760 2875 audivimus
1773 2845 1942 2875 laudabiliter
1956 2847 2153 2877 commendari
2416 2838 2439 2864 3'

1281 2881 1362 2912 cordi
1377 2882 1457 2912 nobis
1472 2881 1629 2919 insidentia,
1647 2883 1830 2922 injunximus,
1850 2882 2011 2914 Venerabili
2025 2886 2055 2914 iii
2073 2847 2345 2918 ChrilitocglffsifflII-Jlf
2360 2866 2424 2894 lbid.

1281 2918 1341 2954 &a
1361 2927 1391 2949 ut
1403 2920 1484 2958 sispra
1500 2919 1579 2964 usque
1592 2919 1646 2958 ibi,
1664 2921 1824 2960 referenda,
1838 2919 1878 2956 (ἐν
1889 2929 1954 2951 tunc
1966 2920 2021 2963 fic,

1320 2959 1435 2998 Qibus
1448 2980 1458 2996 ,
1481 2958 1589 2988 Tribus
1601 2981 1611 2997 ,
1636 2960 1670 2990 &
1691 2958 1817 2991 Duobus
1835 2969 1935 2990 eorum
1949 2985 1959 2999 ,
1984 2961 2085 2993 Fidem
2104 2961 2236 2994 adhibere
2255 2964 2344 2994 velitis

1282 2995 1454 3034 Credulam,
1474 2996 1491 3025 si
1512 2997 1660 3035 placuerit,
1677 2998 1706 3027 iii
1731 2996 1886 3037 Dicendis,
1913 3000 1946 3031 δε
1970 3000 2035 3038 ipsis
2055 3003 2200 3039 oportunis
2224 3001 2343 3033 assistere

1282 3035 1413 3066 Consiliis
1428 3035 1586 3066 &Auxiliis
1601 3037 1634 3066 in
1650 3036 1785 3075 Agendis.

1320 3073 1388 3105 Dat.
1408 3083 1438 3105 ut
1454 3073 1543 3112 supra.

1318 3148 1430 3180 Eodem
1444 3150 1535 3181 modo
1548 3151 1674 3182 scribitur
1689 3153 1770 3182 Petro
1785 3153 1990 3191 Bur-gnidiom's.

1318 3187 1407 3227 Item,
1425 3189 1556 3219 Niclwlao
1571 3191 1603 3220 de
1615 3194 1736 3229 Capucio.

1467 3316 1524 3346 Pro
1540 3311 1709 3346 Scolaribtts
1731 3315 1814 3346 Aula>
1834 3316 1919 3361 Regis
1943 3312 2141 3361 Cama-brigida.

1279 3396 1393 3458 REX
1409 3399 1570 3437 Omnibus,
1588 3398 1622 3429 ad
1637 3408 1722 3437 quos,
1741 3399 1801 3429 &c
1818 3397 1954 3430 Salutem.

1372 3437 1469 3467 Sciatis
1481 3438 1560 3476 quod
1568 3462 1578 3475 ,

1318 3474 1533 3506 Confiderantes
1546 3475 1677 3514 qualiter,
1695 3484 1725 3505 ut
1740 3474 1842 3505 saneta
1855 3474 1950 3506 Mater
1965 3473 2088 3506 Ecclesia
2103 3474 2276 3506 Fomentum
2289 3473 2340 3506 ha-
2356 3496 2415 3520 Arm
2450 3504 2455 3519 Ι
2467 3503 2476 3521 ¹

1278 3513 1347 3544 bere
1360 3514 1444 3553 possit
1457 3515 1627 3544 continuum
1640 3511 1823 3543 Clericorum
1839 3514 1872 3544 ὃς
1886 3513 2033 3551 Sapientia:
2046 3514 2170 3555 Salutaris
2180 3537 2188 3551 ,
2206 3523 2259 3551 pro
2283 3514 2338 3545 Pa⁴
2355 3535 2378 3557 E
2420 3515 2425 3521 '
2482 3513 2492 3522 ‘⁴

1279 3553 1368 3584 tribus
1384 3554 1440 3582 nati
1459 3554 1521 3583 sunt
1541 3553 1621 3590 Filii,
1636 3553 1686 3589 ὃς,
1705 3551 1805 3581 Peritis
1817 3551 2033 3589 decedentibus,
2051 3551 2174 3581 succedit
2189 3551 2337 3590 Juvenum
2357 3541 2456 3597 Pl'u3'u

1279 3599 1342 3628 apta
1357 3590 1526 3629 Posteritas,
1539 3592 1568 3620 iii
1584 3591 1685 3628 quibus
1740 3589 1812 3626 test,
1828 3600 1875 3627 per
1889 3591 2052 3620 exercitium
2074 3590 2182 3627 Studii,
2199 3590 2341 3628 Sapientia
2355 3610 2377 3635 Ε
2409 3592 2414 3597 ’
2451 3587 2479 3636 η’,

1279 3631 1443 3668 propagari,
1461 3630 1509 3668 qui
1525 3629 1623 3659 Fidem
1639 3637 1677 3666 po
1703 3636 1752 3657 unt
1767 3628 1881 3657 dilatare
1895 3626 2094 3666 Catholicam‚
2110 3630 2144 3660 &
2158 3629 2267 3668 Regale
2281 3629 2335 3660 So·
2359 3629 2385 3673 2'
2404 3617 2429 3644 3⁴
2483 3624 2493 3637 ‘

1280 3669 1350 3699 lium
1365 3678 1398 3698 ac
1412 3667 1634 3706 Rempublicani
1648 3666 1777 3695 Consiliis
1789 3666 1912 3703 providis
1927 3666 2078 3704 roborare,
2376 3656 2406 3682 4‘

1320 3707 1365 3737 Ac
1387 3706 1524 3744 proinde,
1541 3705 1739 3742 defiderantes,
1757 3704 1791 3733 ad
1815 3702 2084 3741 Multiplicationem
2109 3705 2289 3744 Sapientum,
2309 3706 2340 3737 in

1280 3744 1472 3776 Universitate
1487 3744 1679 3777 Cantebrigiae
1696 3743 1772 3779 (quae
1787 3742 1892 3772 multos
1905 3744 1932 3772 in
1949 3742 2038 3772 Vinea
2065 3742 2189 3774 Domini
2209 3745 2341 3783 produxit

1280 3783 1411 3814 Palmites
1426 3782 1596 3817 frue‘tuosos)
1622 3781 1800 3819 Scolaribus,
1814 3780 1849 3810 ad
1870 3779 2076 3818 proficiendum
2093 3783 2121 3811 in
2142 3782 2244 3813 Studio
2265 3784 2340 3814 bene

1279 3821 1428 3860 dispositis,
1448 3819 1663 3853 misericorditer
1683 3820 1716 3849 &
1736 3820 1874 3856 perpetuo
1897 3818 2062 3858 subvenire,
2078 3829 2109 3850 ut
2126 3820 2266 3859 juvenes,
2290 3820 2341 3852 In-

1279 3861 1365 3899 genio
1377 3859 1529 3897 perspicui,
1546 3857 1612 3888 fiant
1625 3867 1676 3895 per
1688 3857 1821 3888 Studium
1833 3857 1950 3896 eruditi,
1966 3859 2000 3890 &
2021 3859 2057 3889 ad
2077 3859 2190 3896 publica
2213 3859 2341 3891 Consilia

1279 3909 1325 3929 ma
1347 3908 1370 3929 is
1382 3908 1397 3927 a
1418 3906 1438 3928 ti

1317 3907 1365 3969 gd
1384 3908 1541 3966 tioiiorem
1564 3932 1641 3973 Dei,
1659 3933 1770 3966 8211&ae
1791 3932 1892 3964 Mariae
1907 3932 2049 3974 Virginis,
2068 3933 2171 3967 Matris
2182 3936 2256 3975 suae,
2273 3947 2342 3967 om-

1278 3974 1418 4013 nii'imque
1431 3972 1622 4011 Sannorum,
1674 3982 1694 4002 o
1712 3973 1835 4010 Anima,
1852 3972 1970 4003 celebris
1982 3976 2148 4014 memoriae,
2166 3974 2289 4006 Domini
2304 3974 2341 4004 Ε.

1278 4024 1368 4053 nuper
1392 4012 1481 4052 Regis
1502 4011 1549 4042 An
1570 4012 1631 4049 liae,
1670 4011 1734 4042 atris
1755 4010 1844 4041 nostri
1866 4011 1877 4050 (
1901 4012 1945 4050 ui,
1960 4012 2005 4050 pia
2018 4012 2256 4051 consideratione,
2273 4013 2343 4043 Tri-

1278 4054 1354 4093 ginta
1367 4051 1477 4084 duobus
1490 4050 1549 4080 Sco
1559 4051 1667 4088 aribus,
1685 4050 1752 4080 illuc
1765 4059 1822 4087 pro
1834 4048 1866 4080 St
1907 4051 1939 4081 io
1950 4053 2106 4090 vacaturis,
2121 4052 2189 4083 fecit
2208 4052 2242 4081 ad
2265 4059 2344 4080 tem‘

1277 4101 1329 4130 pus
1348 4089 1563 4129 Sustentationis
1583 4087 1733 4120 neceffiiria
1753 4087 1920 4122 ministrare)
1938 4099 1992 4121 nec
2009 4100 2069 4121 non
2085 4100 2139 4129 pro
2154 4088 2343 4156 Nosttaeffic

2356 3413 2432 3445 Ann.
2448 3415 2492 3449 D,

2379 3462 2464 3493 ¹337·

1776 4125 1830 4157 Bb
