2562 4279
186 134 267 176 1½

30 204 106 235 Aen.
125 204 162 236 D.
219 206 309 245 Eique
327 203 444 237 diversas
459 203 589 236 Summas
602 203 736 234 Pecuniae
751 226 760 240 ,
779 201 858 239 super
872 201 996 239 expensis
1013 201 1079 240 suis,
1098 202 1127 231 in
1143 202 1242 232 itinere

52 245 135 282 1336.
179 245 244 283 illo,
261 246 412 275 fecerimus
428 244 551 280 liberari,
1112 244 1114 246 ’

30 287 98 311 Iov.
115 293 141 320 3-
218 285 264 314 Ac
287 284 360 312 idem
383 282 535 319 Episcopus
553 281 612 319 jam
634 279 715 309 nobis
738 278 931 316 supplicaverit
945 288 991 317 ut,
1008 289 1076 309 cum
1088 278 1164 317 ipso,
1181 279 1241 308 tam

179 321 215 352 de
230 322 323 351 Vadiis
337 321 387 350 suis
401 320 554 357 praedifftis,
573 319 660 357 quam
671 317 707 347 de
722 316 876 356 Expensis,
892 327 942 356 per
956 317 1046 356 ipsum
1063 318 1138 348 circa
1147 317 1241 347 Passa-

180 362 224 399 gia
238 360 282 390 sua
296 357 457 395 minuma,
477 357 571 388 eundo
583 356 676 387 versus
690 355 779 386 dietas
795 366 884 394 partes
893 380 902 394 ,
921 357 954 388 &
967 356 1068 388 exinde
1084 356 1242 392 redeunde,

180 399 258 428 fac‘tis
272 420 282 435 ,
303 398 462 434 computari
479 419 488 434 ,
515 396 548 426 ὃς
570 395 620 425 fibi
640 394 753 426 ulterius
774 394 840 424 inde
861 394 920 425 fieri
943 395 1077 426 faciamus
1102 394 1181 433 quod
1201 393 1242 424 est

182 436 298 472 ustum,

178 447 186 475 1
218 474 302 511 Nos,

180 522 243 544 mus
263 511 344 550 quod
366 511 549 548 eompotum
572 510 701 549 praedieci
717 510 869 548 Episcopi,
888 511 919 540 in
933 511 985 541 hac
1002 518 1095 549 parte,
1111 510 1242 546 audiatis,

179 552 213 582 &
234 551 357 581 allocetis
378 550 427 580 sibi
449 549 588 589 Qinque
608 547 722 580 Marcas
741 559 796 589 pro
816 549 929 586 singulis
952 549 1068 587 diebus,
1088 549 1189 587 quibus
1203 547 1242 577 fic

180 589 255 620 stetit
273 590 302 618 in
325 588 474 626 Obsequio
494 588 595 619 nostro
607 611 616 626 ‚
640 587 772 618 videlicet
786 612 795 624 ,
813 597 829 617 a
842 587 981 625 praediCto
995 587 1182 618 Duodecimo
1196 586 1242 616 die

176 627 244 666 Julii
259 627 384 666 (Eodem
398 627 445 656 die
459 626 649 665 Computato)
663 626 749 664 usque
763 625 943 656 Vicelimum
958 636 1071 657 nonum
1087 627 1163 657 diem
1171 625 1241 662 Sep-

178 666 311 704 tembris,
328 672 402 697 tunc·
413 667 546 703 proximo
560 665 740 703 sequentem,
757 675 815 703 quo
829 665 874 695 die
889 664 923 695 ad
939 664 1007 695 Nos
1020 665 1098 695 rediit
1114 663 1241 702 (Eodem

178 704 224 734 die
236 705 355 736 similiter
365 703 556 741 Computato)
573 703 606 734 Id
623 704 700 742 quod
714 704 780 741 fibi,
797 714 845 742 per
855 702 1040 740 compotum
1053 703 1241 741 praedidtum,

178 744 238 773 tiim
260 754 310 781 pro
331 743 413 773 dictis
434 742 530 772 Vadiis
542 743 594 773 suis
608 742 731 781 diurnis,
751 743 837 780 quam
851 752 905 780 pro
919 742 1070 779 Expenfis,
1086 743 1162 772 circa
1175 740 1241 770 Pas-

178 782 248 820 sagia
267 782 311 812 sua
332 782 413 812 faffis
426 805 436 820 ,
459 782 528 812 ultra
545 781 692 819 praedictas
705 781 837 812 Summas
851 790 992 819 receptam,
1009 780 1104 810 deberi
1119 780 1240 810 inveniri

178 820 353 889 congigerist,1
367 830 419 851 vos
434 843 443 858 ,
462 819 590 859 praefati,
605 819 789 851 Thesaurarie
809 820 842 850 δε
857 819 1030 856 Camerarii,
1047 817 1083 848 de
1094 818 1242 849 Thesauro

158 881 162 887 ,
179 862 230 889 nol
247 869 295 895 ro,
324 869 343 889 o
355 859 434 889 vatis.

215 897 306 928 Teste
319 897 402 937 Rege
414 896 488 935 apud
503 896 668 937 Stryvelyn,
687 905 784 935 quarto
796 895 841 927 die
854 896 1045 927 Novembris.

321 473 524 520 Supplicationi
545 471 600 502 suae
624 471 653 502 in
675 471 729 502 hac
748 480 823 509 parte
836 479 1008 510 annuentes,
1027 472 1112 504 vobis
1127 458 1243 502 manda-

870 974 924 1001 Per
939 971 1020 1012 ipfitm
1034 974 1138 1010 Regem.

449 1104 498 1136 De
514 1100 654 1146 Experfis
667 1111 722 1147 per
741 1100 880 1145 Curftres
890 1099 972 1145 fi¹⁰5⁴

30 1195 106 1226 Λῃῃ,
121 1193 163 1225 D,
251 1187 276 1217 E
288 1186 318 1217 X
342 1186 443 1217 eisdem
457 1186 592 1217 Salutem.

54 1234 137 1273 1336,
184 1226 458 1296 menfissufffhcavit
473 1225 573 1264 nobis,
591 1224 764 1257 Venerabilis
778 1224 878 1262 Pater,
895 1223 936 1254 R.
954 1222 1111 1261 Episcopus
1126 1220 1245 1252 Dunol·

30 1277 145 1348 gagio.
219 1289 302 1334 Curti
319 1288 373 1342 ipsse
395 1313 484 1341 nuper
501 1303 644 1347 (tempore
658 1312 716 1341 quo
731 1302 820 1340 ipsum
835 1301 959 1332 misimus
975 1299 1175 1347 ianuncium
1188 1308 1244 1329 no-

28 1350 131 1379 mia-m,
181 1341 272 1373 strum
292 1343 327 1373 ad
347 1351 436 1380 partes
457 1342 479 1371 F
481 1343 593 1378 ranciae)
610 1341 732 1372 diversos
753 1339 888 1371 Cursores
902 1340 980 1378 suos,
995 1348 1055 1370 tam
1071 1338 1105 1369 ad
1120 1348 1191 1376 nos,
1208 1337 1243 1368 ad

180 1390 270 1420 partes
292 1381 396 1412 Scotiae
412 1404 420 1418 ,
437 1381 522 1419 quam
534 1380 599 1410 alibi
613 1380 646 1410 ad
661 1387 750 1418 partes
762 1379 939 1410 Alemanniae
953 1380 986 1410 ὃς
1003 1378 1170 1415 Britanniae,
1189 1387 1243 1415 pro

181 1420 348 1458 quibusdam
365 1419 499 1459 Negotiis
513 1418 614 1449 nostris
629 1419 751 1456 ibidem,
770 1426 853 1456 prout
867 1417 953 1460 idern·
960 1417 1115 1460 Episcopus
1128 1426 1176 1460 per
1189 1425 1243 1446 nos

180 1467 311 1489 oneratus
334 1459 447 1495 exurit,
473 1467 521 1495 per
541 1457 659 1488 diversas
680 1456 766 1488 Vices
789 1455 974 1487 transmiiisser
990 1480 1000 1494 ,
1025 1457 1109 1487 &els
1124 1454 1242 1485 diversas

182 1497 369 1528 Pecuniarum
382 1497 530 1535 Summas,
548 1495 584 1526 de
598 1495 725 1526 Denariis
738 1494 862 1535 Propriis
871 1518 881 1534 ,
901 1504 956 1534 pro
970 1494 1065 1525 vadiis
1077 1495 1111 1526 &
1128 1492 1245 1532 Expen-

182 1536 215 1566 sis
230 1537 300 1574 suis,
318 1537 345 1565 in
363 1536 415 1565 hac
430 1542 523 1573 parte,
540 1534 695 1572 liberasset,

219 1574 345 1605 Velimus
360 1575 385 1604 ei
399 1574 435 1604 de
450 1573 554 1604 eisdem
570 1573 696 1606 Summis
707 1573 888 1604 solutionem
902 1571 961 1602 fieri
968 1572 1085 1610 jubere,

216 1612 285 1644 Nos
298 1637 307 1651 ,
332 1613 539 1651 Supplicationi
557 1612 611 1642 suae
628 1610 787 1651 hujusmodi
807 1620 962 1641 annuentes
976 1634 986 1650 ,
1011 1619 1042 1641 ut
1065 1609 1105 1641 est
1116 1609 1245 1649 justum,

179 1652 262 1682 vobis
280 1651 444 1681 mandamus
466 1651 547 1690 quod
569 1651 661 1681 eidem
683 1650 828 1689 Episcopo
842 1672 852 1688 >
872 1649 909 1679 de
921 1650 1065 1688 Summis,
1083 1659 1149 1687 quas
1163 1647 1243 1679 bona

179 1689 235 1720 fide
258 1690 349 1720 asserit
370 1690 396 1720 se
416 1699 469 1727 pro
490 1688 640 1727 Obsequiis
660 1690 761 1720 nostris
783 1688 923 1726 praediecis
946 1688 1059 1719 solvisse
1072 1711 1082 1726 ,
1101 1696 1132 1718 ut
1147 1686 1187 1717 est
1202 1686 1245 1716 di-

179 1729 278 1767 c‘ium,
296 1739 366 1765 vos,
385 1728 508 1766 praefati,
525 1727 708 1759 Thesaurarie
729 1728 763 1758 ὃς
783 1726 957 1766 Cameratii,
976 1726 1157 1758 Solutionem
1172 1725 1246 1757 cele-

180 1777 257 1805 rem,
275 1767 312 1797 de
324 1767 471 1797 Thesauro
486 1766 601 1805 nostro,
619 1767 722 1798 habere
739 1767 852 1797 faciatis.

216 1805 307 1837 Teste
323 1814 353 1836 ut
366 1805 451 1843 supra.

870 1844 924 1872 Per
939 1841 1022 1882 ipsiaem
1035 1844 1140 1879 Regem.

232 1971 281 2002 De
308 1966 451 2001 Asta-ihus
475 1967 632 2001 armandis
647 1993 658 2009 ‚
691 1971 728 2006 (ῤ’
753 1971 785 2000 in
811 1970 906 2000 Portu
935 1966 972 2000 de
995 1965 1185 2012 Portesmuth

603 2015 825 2063 congregandis.
873 2055 877 2058 ῃ

29 2096 105 2165 Αξΰ·
116 2096 150 2165 ἑ)
184 2103 314 2172 RE?
341 2102 464 2142 Majori,
482 2104 515 2135 &
531 2101 656 2141 Ballivis‚
674 2102 759 2133 Villae
774 2102 829 2133 suae
843 2101 1009 2142 Bristouiae,
1027 2102 1163 2134 Salutem.

79 2145 112 2175 33
138 2159 143 2165 ’
309 2151 364 2173 icet
376 2153 413 2172 nu
436 2152 465 2172 er

29 2180 82 2204 An.
104 2186 144 2202 ¹0·
220 2153 624 2220 Accipienres‚pex’1·elarione
640 2179 782 2218 fidedignfi
798 2204 807 2218 ,
834 2179 913 2218 quod
928 2179 1122 2219 Alienigenae,
1141 2180 1170 2210 in
1185 2189 1248 2218 par-

30 2219 59 2241 E.
82 2222 107 2250 3·
182 2220 254 2251 tibus
274 2221 477 2251 Transmarinis
491 2243 501 2258 ,
525 2220 551 2250 se
573 2219 708 2257 parabant
721 2242 732 2256 ,
749 2220 783 2251 &
798 2218 899 2249 Naves
913 2219 943 2249 in
959 2218 1072 2250 diverfis
1085 2219 1156 2250 locis
1172 2229 1246 2250 con-

28 2258 94 2279 sm.
116 2262 157 2280 ¹0·
180 2260 334 2299 gregabant
350 2283 360 2298 ,
385 2259 419 2290 ad
440 2257 658 2299 expugnandum
680 2257 790 2289 Gentes
811 2256 920 2289 nostras
940 2257 1021 2298 super
1044 2258 1146 2297 Mare,
1162 2258 1196 2289 &
1209 2257 1246 2288 de

30 2294 62 2317 E.
84 2300 108 2326 3·
127 2301 162 2319 m·
183 2297 295 2329 Guerra
307 2297 496 2337 gravandum,

29 2337 58 2364 5.
71 2330 96 2357 d.
217 2337 296 2368 Tam
314 2337 420 2375 Vobis,
438 2336 524 2374 quam
542 2335 684 2374 Magistris
698 2335 731 2365 Sc
757 2334 917 2365 Marinariis
931 2334 1064 2366 Navium
1078 2334 1162 2365 Villae
1175 2344 1249 2373 prze-

181 2375 282 2414 dieue,
300 2375 368 2407 sicut
383 2376 489 2405 caeteris
504 2373 663 2410 Maioribus
677 2373 836 2404 &Ballivis
852 2374 972 2404 aliorum
988 2372 1134 2404 Portuum
1153 2373 1249 2412 Regni

183 2414 296 2452 nostri,
321 2424 354 2445 ac
376 2412 520 2450 Magistris
541 2413 575 2442 &
599 2412 755 2442 Marinariis
770 2411 902 2442 Navium
926 2412 1007 2449 ipiius
1019 2412 1134 2450 Regni,
1154 2414 1249 2451 (quas,

183 2462 236 2490 pro
256 2452 431 2482 Defensione
450 2451 571 2488 ejusdem
593 2449 713 2489 Regni,
737 2458 837 2480 contra
850 2449 978 2480 Hostiles
994 2451 1152 2488 hujusmodi
1165 2451 1249 2481 lnva-

183 2491 289 2528 siones,
303 2490 412 2521 arestari
424 2489 555 2525 fecimus)
571 2487 620 2518 sub
637 2490 714 2527 gravi
729 2487 906 2519 forisfafflira
920 2488 1016 2519 nostra
1031 2489 1246 2528 inhibuerimus,

31 2534 51 2553 ie
70 2536 122 2563 Ν,
184 2530 223 2559 ne
237 2529 338 2567 aliquas
354 2528 470 2566 Naves,
484 2526 587 2557 Porrus
601 2526 619 2545 ³¹¹
635 2527 778 2565 praedicti,
796 2526 830 2556 ad
845 2527 947 2565 aliquas
960 2536 1064 2566 partes,
1084 2536 1160 2558 eXtra
1168 2528 1248 2569 Reg-

182 2577 255 2601 num
273 2567 405 2598 nostrum
419 2591 429 2605 ,
453 2565 565 2597 transire
587 2566 783 2603 permitteretis
798 2566 944 2604 quousque
958 2566 1031 2596 aliud
1052 2566 1118 2597 inde
1130 2567 1248 2598 ducere-

184 2616 249 2637 mus
265 2606 454 2637 ordinandum
463 2629 473 2643 ,

219 2645 268 2676 Set
288 2645 369 2683 quod
389 2643 497 2674 easdem
517 2642 618 2674 Naves
634 2667 644 2681 ,
660 2642 852 2680 Hominibus,
871 2642 1043 2681 Armaturis,
1059 2643 1093 2674 &
1107 2643 1166 2674 aliis
1180 2644 1248 2674 Ne-

182 2683 303 2714 cessariis
324 2693 377 2722 pro
397 2681 508 2714 Guerra
523 2704 533 2720 ,
557 2682 631 2711 bene
653 2683 774 2712 munitas
787 2704 798 2720 ,
820 2680 899 2720 supra
921 2680 1004 2712 Mare
1028 2683 1172 2713 mitteretis
1194 2692 1249 2721 pro

184 2723 360 2754 Defensione
374 2722 472 2759 Regni
486 2720 652 2758 supradicti,

225 2761 417 2800 Qiamplures
431 2769 525 2791 tamen
537 2758 656 2797 Naves,
674 2759 735 2789 tam
749 2758 833 2788 Villae
846 2757 916 2788 illius
927 2781 938 2796 ,
965 2758 1052 2797 quarn
1068 2759 1189 2790 aliorum
1204 2759 1249 2790 lo-

186 2810 308 2837 corum,
323 2800 357 2829 ad
373 2807 462 2837 partes
478 2797 643 2836 Vasconiae,
660 2797 694 2828 δε
711 2797 773 2828 alias
785 2805 874 2835 partes
889 2796 1006 2828 Exreras
1022 2798 1094 2836 (non
1111 2797 1250 2829 obstanti-

186 2839 239 2868 bus
251 2838 421 2868 Inhibitione
435 2837 468 2868 ὃ(
484 2836 577 2867 Poena
590 2836 776 2867 forisfacmrae
791 2834 942 2873 praedietis)
957 2836 1019 2866 sunt
1035 2836 1192 2875 profetstae,

224 2876 262 2908 Et
284 2876 414 2915 quaedam
435 2885 469 2906 ex
487 2876 525 2905 eis
545 2885 594 2912 per
610 2874 702 2905 diebos
715 2874 908 2913 Alienigenas,
930 2874 990 2905 tam
1006 2874 1172 2906 transeundo
1188 2885 1251 2907 ver-

187 2915 229 2945 sus
243 2925 333 2954 partes
354 2915 412 2945 illas
426 2937 435 2951 ,
457 2913 543 2951 quarn
558 2913 659 2943 exinde
674 2912 836 2951 redeundo,
855 2912 892 2942 de
909 2912 1021 2944 Guerra
1033 2914 1198 2952 capiuntur,
1216 2915 1250 2945 &

185 2954 281 2985 secum
295 2977 305 2992 ,
330 2952 487 2984 Interfeiftis
507 2951 671 2981 earumdem
684 2951 813 2981 Navium
832 2950 1009 2990 Marinariis,
1028 2952 1207 2983 abducuntur
1221 2955 1250 2983 in

187 2992 325 3023 nostri&
339 2992 424 3022 totius
441 2990 535 3029 Regni
549 2989 637 3019 nostri
649 2989 784 3019 Dedecus
796 2990 827 3020 δε
842 2990 1078 3027 Vituperium,ac
1091 2992 1176 3021 etiam
1193 2990 1250 3021 Pe-

188 3031 310 3062 riculum
331 3029 542 3066 Manifestum,
568 3028 646 3059 unde
659 3053 669 3067 ,
694 3038 748 3059 nec
770 3029 907 3060 inmerito
921 3051 930 3067 ,
956 3030 1057 3060 intime
1080 3039 1251 3061 commove-

188 3080 268 3100 mur:

228 3108 265 3138 Et
279 3109 341 3146 quia
353 3108 410 3146 jam
426 3130 435 3145 ‚
460 3115 510 3143 per
525 3105 593 3136 Nos
614 3106 647 3136 ὃ(
661 3104 828 3135 Concilium
843 3104 972 3136 nostrum
989 3105 1180 3143 (consideratis
1195 3106 1251 3138 Pe-

190 3147 284 3176 ricuiis
301 3171 309 3183 ,
326 3157 390 3184 quae
414 3147 536 3182 undique
556 3145 674 3174 iminent
695 3144 746 3173 hiis
767 3143 877 3180 diebus)
902 3154 954 3181 pro
977 3147 1095 3175 comuni
1119 3145 1251 3177 Utilitate

191 3186 262 3215 dicti
283 3185 398 3223 Regni,
423 3185 456 3215 ὃς
479 3183 640 3214 Salvatione
662 3182 778 3221 Navigii
798 3182 919 3220 ejusdem
933 3207 943 3220 ,
967 3182 1128 3214 ordinatum
1152 3183 1193 3214 est
1216 3185 1250 3216 &

193 3224 400 3254 concordatum
409 3246 418 3260 ,

232 3263 325 3301 Qud
342 3269 441 3291 omnes
457 3261 490 3292 δε
506 3259 618 3299 singulae
632 3258 750 3297 Naves,
768 3257 910 3289 Portuum
925 3259 958 3290 &
974 3259 1106 3291 locorum
1121 3284 1130 3298 ,
1148 3261 1185 3291 ab
1200 3271 1251 3291 ore

195 3300 290 3340 Aquae
302 3299 457 3330 Thamifiae
467 3322 476 3336 ,
484 3301 575 3329 versus
587 3307 674 3336 partes
690 3297 906 3336 Occidentales,
915 3308 979 3335 quae
991 3298 1061 3328 ultra
1076 3298 1159 3328 Mare
1166 3308 1253 3330 trans-

193 3340 233 3369 ire
253 3346 404 3377 poterunt,
421 3338 523 3376 absque
537 3337 670 3367 dilatione
684 3337 717 3367 ὃ(
732 3335 907 3366 excusatione
927 3336 1167 3375 quibuscumque,
1186 3337 1254 3368 Ho-

195 3379 332 3416 minibus,
358 3377 530 3414 Armaruris,
546 3376 579 3406 ὃς
593 3375 650 3405 aliis
662 3375 854 3412 Necessariis,
872 3375 947 3404 bene
962 3374 994 3405 &
1006 3375 1172 3405 sufficienter
1188 3386 1254 3407 mu-

194 3418 322 3454 niantur,
342 3416 374 3446 &
390 3415 427 3445 sic
440 3415 556 3445 munitae
570 3416 600 3445 in
614 3413 704 3444 Portu
718 3413 754 3444 de
767 3412 968 3451 Portesmuth,
988 3414 1016 3442 in
1031 3412 1164 3444 Crastino
1180 3414 1253 3444 San-

195 3455 236 3486 sti
250 3454 405 3493 Nicholai,
423 3455 558 3491 proximo
570 3453 681 3490 futuro,
699 3452 732 3483 ad
749 3451 899 3490 ultimum,
918 3460 1140 3491 congregentur:

235 3492 276 3523 Ita
292 3492 390 3531 quod,
405 3491 466 3530 ipfis
479 3491 517 3521 sic
533 3492 726 3530 congregatis,
745 3489 862 3528 Naves,

234 3532 313 3571 Qne
325 3533 359 3561 ad
372 3541 459 3569 partes
473 3530 637 3568 Vasconiae,
653 3531 685 3561 δί
701 3530 764 3560 alias
778 3537 866 3566 partes
879 3527 994 3559 Exteras
1010 3551 1019 3566 ,
1037 3539 1090 3567 pro
1106 3528 1204 3567 Vinis,
1221 3530 1255 3560 &

198 3568 397 3601 Mercimoniis
419 3570 476 3599 aliis
499 3569 676 3607 quaerendis,
696 3569 729 3599 &
750 3568 784 3598 ad
805 3567 944 3604 Regnum
959 3568 1087 3599 nostrum
1101 3567 1256 3607 ducendis,

198 3609 367 3645 profecturae
379 3608 497 3639 existunt
505 3632 514 3645 ,

181 3655 185 3658 “
240 3647 285 3677 Ad
299 3647 405 3678 easdem
420 3655 526 3686 parteS,
544 3648 572 3676 in
586 3647 694 3686 magnis
711 3644 867 3684 Classibus,
886 3646 1080 3683 potenter,ex
1096 3644 1258 3682 causaprae-

202 3683 293 3723 dicta,
311 3685 449 3723 proficisci
462 3685 587 3724 valeant,
604 3686 637 3715 ὃς
652 3684 757 3722 redire,

240 3721 276 3752 Et
290 3724 368 3761 quod
381 3725 441 3754 aliae
454 3723 553 3754 Naves
562 3747 570 3760 ,
590 3734 642 3761 pro
659 3723 819 3754 Salvatione
831 3721 970 3752 di&arum
978 3721 1123 3759 Navium,
1141 3722 1175 3753 ὃ(
1184 3731 1258 3752 con-

197 3758 354 3791 servatione
365 3762 495 3792 Honoris
507 3762 595 3792 nostri
609 3762 712 3799 Regii,
730 3762 764 3792 δε
781 3760 944 3791 Communi
965 3760 1048 3790 Bono
1063 3760 1095 3791 δε
1111 3759 1258 3790 Commo-

206 3795 246 3840 do
267 3798 344 3834 ipsius
364 3799 459 3837 Regni
473 3823 482 3838 ,
506 3811 539 3830 ae
559 3802 641 3831 etiam
655 3810 708 3837 pro
724 3799 909 3839 expugnanda
923 3800 956 3830 δε
971 3809 999 3829 re
1020 3798 1129 3829 ellenda
1145 3798 1258 3829 Malitia

206 3834 350 3878 diffitorum
371 3838 595 3876 Alienigenasum
611 3862 620 3878 ,
648 3839 669 3868 fi
687 3839 749 3875 ipsis
767 3838 894 3868 insultare
909 3860 918 3876 ,
935 3846 982 3868 aut
1022 3847 1050 3867 as
1062 3846 1174 3876 gravare
1187 3847 1259 3875 prae—

207 3872 370 3916 fiimpsermt
385 3898 395 3913 ,
419 3876 493 3906 salvo
509 3876 673 3908 conducant
689 3877 723 3907 &
736 3876 887 3914 reducant,
901 3878 978 3914 juxta
993 3875 1156 3906 Conlilium
1170 3877 1204 3906 ὃς
1217 3875 1259 3904 Α-

207 3911 391 3954 vrsamentum
412 3913 550 3945 Fidelium
571 3916 751 3953 nostrorum,
766 3924 838 3953 quos
852 3924 938 3953 tunc,
955 3914 988 3945 ea
1002 3914 1039 3945 de
1053 3913 1149 3952 causa,
1167 3913 1201 3944 ad
1216 3914 1260 3944 lo-

208 3958 277 3980 cum
292 3948 399 3979 missuri
411 3951 501 3981 sumus
513 3954 704 3991 antediciurm

248 3987 286 4018 Et
303 3986 369 4020 ides)
388 3989 468 4019 vobis
486 3990 513 4031 in
538 3991 608 4021 Fide
619 3993 653 4022 &
668 3990 832 4030 Ligfflntia,
851 3991 952 4028 quibus
967 3992 1051 4021 nobis
1062 3990 1165 4021 astriffl
1179 3989 1259 4028 estis,

208 4024 381 4058 Mandamus
393 4049 406 4065 ,
430 4025 544 4059 firmiter
564 4030 747 4069 injungendo,
766 4029 847 4068 quod
859 4039 961 4061 omnes
977 4029 1076 4062 Naves
1092 4028 1175 4060 Villae
1188 4039 1261 4067 prae-

596 109 1395 160 CONVENTIONES,

1480 109 1880 161 LITERAE‚

1283 196 1386 235 disice,
1402 207 1466 235 quae
1485 206 1537 235 pro
1560 193 1688 235 Paffagio
1708 195 1870 234 hujusmodi
1888 193 2057 225 sufficientes
2079 193 2200 233 fuerint,
2215 195 2274 226 tam
2290 193 2352 226 Ab·
2370 188 2446 221 Ann.
2457 190 2498 223 D.

1283 235 1370 266 sentes
1393 236 1475 274 (cum
1499 234 1624 265 reduerae
1645 235 1760 272 fuerint)
1783 235 1870 272 quam
1893 233 2040 270 praesentes
2053 255 2063 270 ,
2083 232 2278 273 Hominibus,
2296 235 2352 264 Ar·
2389 230 2474 269 1336-

1283 275 1396 305 maturis
1409 297 1419 313 ,
1440 276 1474 305 &
1495 274 1552 304 aliis
1571 273 1747 304 Necessariis
1763 274 1794 309 (si
1815 273 1852 302 fic
1871 271 1995 302 Munitae
2014 281 2074 301 non
2089 270 2220 308 existant)
2239 273 2353 310 quibus-
2371 273 2436 298 EAv.
2459 278 2486 304 3.
2537 295 2541 299 ,

1284 323 1411 351 cumque
1431 313 1564 343 dilatione
1588 313 1622 344 ὃς
1642 312 1820 342 excusatione
1839 310 2024 347 cessantibus,
2042 311 2117 340 bene
2133 310 2166 341 ἃ·
2182 309 2351 342 sufficienter

1283 353 1410 390 muniri,
1429 352 1463 382 ὅτ.
1485 351 1519 382 ad
1540 350 1652 382 distum
1667 350 1784 380 Locum
1805 349 1841 379 de
1862 348 2043 379 Portesmuth
2065 348 2137 378 mitti
2158 349 2287 387 faciatis,
2313 351 2353 382 ita

1284 389 1366 427 quod
1381 390 1434 420 sint
1446 390 1553 420 ibidem
1566 390 1596 419 in
1608 389 1688 420 dieto
1701 388 1853 426 Crastino,
1869 387 1972 426 absque
1985 387 2112 417 ulteriori
2125 386 2352 427 Prorogatione,

1283 436 1315 458 ut
1329 430 1507 465 praemittitur
1521 452 1532 467 ,
1550 428 1731 467 profecturae.

1321 466 1360 498 Et
1381 467 1450 497 scire
1469 467 1532 498 Vos
1553 467 1688 498 volumus
1701 491 1711 505 ,
1733 467 1767 497 ὃς
1787 465 1856 495 alios
1879 463 2077 502 quoscumque
2097 463 2211 494 Ballivae
2234 464 2354 505 vestrae,

1286 514 1360 543 quos
1379 505 1490 536 dicrum
1512 507 1660 545 negotium
1680 506 1845 544 contingit,
1868 503 2034 541 praemuniri
2058 512 2092 533 ex
2107 511 2184 541 parte
2199 503 2297 534 nostra
2309 505 2352 535 ni-

1285 543 1455 574 chilominus
1468 544 1572 575 faciatis
1580 568 1590 583 ,
1609 544 1688 582 quod
1699 567 1708 582 ‚
2155 582 2158 583 ⁷

1299 604 1304 607 -
1321 582 1352 612 Si
1368 583 1398 612 in
1414 582 1594 613 Executione
1612 583 1755 620 praesentis
1769 581 1899 612 Mandati
1920 579 2009 611 nostri
2032 579 2232 612 Inobedientes
2245 581 2355 612 fueritis

1282 620 1329 651 vel
1343 620 1486 659 Remiffi,
1505 628 1552 651 aut
1565 620 1706 659 Domini,
1726 620 1874 658 Magistri,
1892 619 1937 650 vel
1953 618 2119 658 Marinarii‚
2133 619 2268 651 Navium
2283 620 2355 659 ejus-

1282 658 1350 689 dem
1370 658 1453 689 Villae
1466 681 1477 698 ‚
1499 668 1567 690 curn
1588 659 1750 690 hu‘usmodi
1768 659 1902 689 Navibus
1923 658 1975 689 suis
1986 681 1998 697 ,
2021 657 2056 687 ad
2077 666 2169 696 partes
2182 680 2193 697 ,
2210 658 2256 689 seu
2272 658 2358 696 Loca

1282 698 1348 736 alia,
1366 706 1446 735 ante,
1462 699 1508 728 seu
1521 696 1603 735 post,
1657 698 1714 728 iem
1727 697 1896 735 praedictum
1910 719 1921 735 ‚
1952 706 2140 735 quocumque
2153 696 2265 728 Colore
2277 707 2356 736 quae-

1282 736 1334 767 fito
1344 759 1354 774 ,
1371 736 1596 775 praesumpserint
1608 736 1638 766 se
1651 736 1816 774 transferre,
1833 736 1880 767 vel
1893 735 1928 765 ad
1942 735 2062 766 Locum
2076 735 2265 774 praedicfitum,
2283 745 2356 767 cum

1281 774 1365 844 dirigis
1378 774 1512 806 Navibus
1523 773 1595 813 suis,
1613 775 1643 804 in
1655 774 1753 805 forma
1766 775 1823 813 qua
1838 775 2018 813 praemittitur
2028 798 2039 813 ,
2055 784 2118 806 non
2133 775 2248 813 venire,

1359 823 1391 843 os
2087 840 2090 844 .

1322 837 1444 882 Arteritis
1464 851 1608 889 Dampnis
1626 851 1886 889 irrecuperabilibus
1899 875 1910 891 ,
1927 853 1962 884 &
1974 851 2112 883 Periculis
2126 852 2352 892 inevitabilibus,

1283 900 1348 928 quae
1362 890 1462 921 Nobis
1477 892 1510 922 &
1521 890 1572 927 ipfi
1584 889 1692 931 Regno
1706 890 1821 927 evenire
1835 890 1926 928 (quod
1938 891 2018 928 absit)
2034 900 2167 929 poterunt
2181 916 2191 929 ,
2219 892 2238 922 si
2252 891 2356 922 Naves

1282 930 1364 967 ipsius
1381 928 1477 968 Regni
1492 929 1662 967 singulariter
1676 929 1709 959 &
1723 926 1922 968 particulariter
1937 929 2181 966 proficiscerentur
2192 930 2272 968 supra
2287 930 2356 961 Ma-

1284 977 1331 1005 re,
1351 968 1384 998 δε
1397 978 1446 1006 per
1462 967 1570 998 Hostes
1582 966 1695 998 nostros
1706 966 1868 1004 hujusmodi
1882 970 2063 1006 caperentur,

1307 1006 1462 1050 'Reducus
1476 1007 1562 1038 etiam
1574 1005 1609 1037 ad
1626 1006 1800 1036 memoriam
1815 1004 2005 1043 multiplicatis
2014 1006 2269 1039 Forisfa&urarum
2283 1007 2355 1038 Poe-

1283 1055 1326 1075 nis
2082 1073 2084 1075 .
2188 1073 2190 1075 ,

1323 1068 1404 1123 Qas
1419 1084 1479 1115 Vos
1492 1084 1526 1115 δε
1539 1083 1686 1115 Nonnulli
1698 1081 1970 1121 Ipsorum,propter
1984 1082 2106 1117 vestram
2115 1085 2167 1122 ,ὃς
2182 1084 2258 1116 suam
2267 1110 2277 1124 ,
2287 1085 2355 1116 Iuo-

1283 1122 1475 1161 bedientiam,
1495 1124 1529 1154 ὃς
1552 1122 1748 1160 Contemptus
1760 1145 1771 1159 ,
1789 1121 1872 1152 nobis
1886 1121 1995 1160 factos,
2010 1121 2148 1153 Mandata
2159 1124 2272 1163 nostra,
2290 1124 2356 1154 De-

1283 1161 1444 1192 fenfionem
1467 1161 1538 1192 dieti
1559 1162 1655 1201 Regni
1675 1161 1871 1200 contingentia
1883 1183 1895 1199 ,
1920 1160 2077 1192 nullatenus
2091 1164 2276 1203 exequendo,
2291 1173 2356 1203 erga

1284 1210 1339 1230 nos
1355 1200 1506 1231 noscimini
1518 1200 1682 1238 incurrisse,

1320 1239 1421 1270 Naves
1436 1264 1446 1277 ,
1470 1240 1575 1270 Terras
1589 1262 1599 1278 ,
1617 1239 1814 1276 Tenementa,
1830 1237 1910 1269 Bona
1931 1238 1965 1270 &
1988 1236 2096 1269 Catulla
2116 1237 2227 1278 vestra,
2244 1239 2278 1272 &
2289 1240 2354 1281 sua,

1284 1279 1316 1307 in
1339 1277 1467 1308 Manum
1487 1277 1614 1308 nostram
1627 1278 1709 1308 seifiri
1721 1300 1732 1317 ,
1749 1277 1800 1316 &,
1818 1285 1952 1315 tanquam
1968 1278 2054 1307 nobis
2067 1277 2236 1317 Forisfaera,
2254 1281 2356 1310 retine-

1284 1326 1332 1360 re,
1351 1315 1531 1385 (ffporaque
1545 1316 1635 1349 vestra
1651 1317 1732 1355 capi,
1751 1317 1785 1348 ὅτ.
1800 1317 1829 1346 in
1843 1315 1958 1347 Prisonfi
1982 1315 2135 1355 custodiri,
2150 1326 2235 1357 prout
2248 1328 2357 1349 conve-

1285 1363 1327 1385 nit
1393 1365 1511 1386 ciemus.
1974 1366 1977 1381 :

1322 1379 1464 1424 Klolumus
1478 1395 1562 1425 etiam
1572 1417 1582 1433 ‚
1599 1394 1634 1425 &
1648 1394 1749 1431 vobis,
1765 1401 1866 1424 tenore
1878 1394 2072 1432 praesentium,
2088 1393 2203 1432 plenam
2216 1395 2355 1425 commit-

1284 1434 1368 1464 timus
1379 1431 1552 1463 Potestatem
1566 1433 1714 1471 capiendi,
1730 1433 1767 1463 ὃς
1776 1431 1932 1469 arestandi,
1950 1442 2053 1463 omnes
2061 1432 2140 1471 illos,
2156 1442 2229 1470 quos
2240 1434 2270 1463 in
2283 1443 2357 1471 pne-

1286 1471 1373 1502 miffis
1388 1470 1522 1502 Rebelles
1537 1472 1698 1502 inveneritis
1720 1471 1787 1509 (per
1803 1470 1882 1509 quod
1896 1470 2052 1509 Expeditio
2065 1473 2175 1510 negotii
2188 1472 2259 1503 illius
2272 1482 2356 1510 potc-

1286 1511 1322 1541 rit
1336 1510 1480 1547 retardari)
1497 1511 1531 1542 &
1545 1512 1575 1540 in
1588 1510 1709 1541 Prisonis
1724 1508 1826 1540 nostris
1841 1509 1916 1541 salvo
1930 1509 2067 1541 custoditi
2082 1510 2223 1549 faciendi,
2247 1521 2355 1549 quous-

1286 1559 1342 1588 que
1358 1549 1432 1580 aliud
1445 1549 1513 1579 inde
1529 1548 1689 1580 duxerimus
1702 1547 1941 1579 demandandum.
2080 1572 2084 1577 .

1322 1587 1435 1619 Omnes
1457 1597 1550 1618 autem
1573 1588 1636 1619 alias
1656 1587 1774 1626 Naves,
1793 1586 1934 1618 Portuum
1949 1588 1984 1619 &
2001 1587 2169 1626 Locorum,
2187 1587 2224 1618 ab
2239 1587 2301 1619 Ore
2314 1588 2358 1619 A-

1286 1637 1352 1665 quae
1373 1626 1529 1657 Thamifiae
1543 1651 1554 1664 ,
1579 1627 1671 1658 versus
1693 1635 1782 1666 partes
1795 1625 1943 1665 Borfflles,
1961 1625 1997 1656 ad
2012 1626 2100 1657 aliurn
2112 1636 2224 1658 certum
2238 1626 2356 1665 locum,

1286 1666 1316 1696 in
1330 1664 1466 1696 Crastino
1478 1665 1575 1696 Sanffi
1587 1666 1711 1696 Andrcae
1729 1664 1860 1702 Apostoli
1874 1690 1883 1703 ,
1902 1666 2038 1703 proximo
2052 1665 2150 1696 futuro
2188 1668 2354 1707 congregari

1288 1704 1507 1748 mandavimus,
1529 1703 1563 1734 ad
1587 1703 1824 1743 proficiscendum
1839 1703 1948 1748 ’exinde
1965 1704 2001 1735 ad
2020 1713 2110 1743 partes
2136 1690 2302 1744 Vaseoniae,
2319 1706 2354 1737 &

1291 1744 1309 1763 ³*
1324 1744 1387 1773 alias
1400 1743 1564 1782 praedictas,
1580 1744 1610 1773 in
1626 1743 1721 1774 forma
1736 1741 1901 1780 supradicta.
2369 1749 2385 1766 ⁰
2405 1748 2457 1778 tv.

1323 1781 1414 1814 Teste
1429 1782 1516 1821 Rege
1529 1782 1603 1821 apud
1617 1781 1786 1823 Stryvelyn‚
1803 1781 1880 1812 sexro
1896 1781 1942 1811 die
1955 1781 2148 1814 Novembris.
2372 1797 2386 1824 7
2395 1786 2438 1818 ι8.

1761 1861 1815 1889 Per
1830 1859 1918 1897 ipsum
1931 1861 2028 1898 Regem
2040 1858 2079 1894 ό
2091 1858 2246 1889 Concilium.

1289 1934 1458 1966 Confimssia
1482 1936 1583 1967 Brevia
1601 1936 1759 1976 diriguntur
1779 1934 1944 1974 Majoribus
1961 1937 1994 1967 &
2009 1936 2120 1966 Ballivis
2131 1936 2301 1977 subscriptis,
2320 1936 2358 1967 de

1326 1974 1469 2005 mittendo
1490 1975 1648 2014 hujusmodi
1669 1974 1770 2007 Naves
1789 1974 1848 2005 suas
1865 1974 1899 2005 ad
1924 1973 2046 2005 Portum
2067 1975 2239 2013 praedid‘tum
2261 1976 2290 2005 in
2310 1975 2357 2006 die

1326 2012 1488 2052 praedi&o;
1505 2013 1658 2052 videlicet,
2080 2018 2084 2021 “
2171 2018 2174 2021 ⁴

1843 2090 1968 2121 Ballivis
1981 2092 2010 2120 V
2010 2088 2065 2120 illae
2081 2089 2113 2119 de
2124 2088 2285 2132 Tollesbury.

1843 2129 1966 2160 Ballivis
1981 2132 2009 2159 V
2009 2128 2064 2159 lllae
2079 2128 2111 2157 de
2125 2127 2155 2158 la
2171 2130 2235 2171 Rye.

1843 2168 1967 2199 Ballivis
1982 2171 2011 2198 V
2010 2167 2064 2197 illae
2079 2167 2112 2196 de
2126 2170 2231 2207 Seyton.

1843 2207 1967 2238 Ballivis
1983 2210 2011 2238 V
2012 2206 2066 2237 illae
2081 2206 2113 2236 de
2128 2205 2308 2246 Portefinuth.

1843 2245 1967 2289 Bullia-iis
1977 2262 1979 2265 .
1989 2249 2017 2276 V
2018 2245 2072 2275 illae
2093 2246 2202 2275 Sanaae
2215 2244 2311 2277 Elenae
2326 2247 2359 2276 in

1841 2284 2105 2354 ΒαῙΙῖζῖἱζ-αβιῖᾕαὲίε
2119 2321 2288 2352 Falemouth.

1841 2361 1964 2393 Ballivis
1978 2365 2007 2393 V
2006 2360 2061 2392 illae
2074 2362 2107 2391 de
2122 2365 2285 2401 Lenixnton.

1843 2401 1967 2431 Ballivis
1980 2405 2008 2431 V
2008 2400 2063 2431 illae
2080 2401 2112 2430 de
2131 2399 2267 2438 Peuenqse.

1844 2439 1967 2471 Ballivis
1983 2439 2066 2470 Villae
2081 2439 2114 2468 de
2128 2436 2279 2477 PVeymuth.

1288 2089 1413 2121 Ballivis
1426 2090 1510 2121 Villae
1525 2091 1556 2121 de
1570 2090 1747 2131 Cristchurch.

1289 2128 1413 2159 Ballivis
1429 2133 1457 2160 V
1458 2130 1512 2160 illae
1526 2130 1558 2159 de
1572 2129 1749 2160 Melcoumbe.

1289 2169 1396 2207 Majori
1409 2169 1448 2204 ὠ·
1462 2168 1586 2200 Ballivis
1599 2172 1628 2199 V
1628 2168 1684 2199 illae
1699 2169 1731 2199 de
1740 2171 1806 2199 Sut-

1327 2207 1465 2246 hampton.

1289 2245 1414 2277 Ballivis
1437 2250 1466 2277 V
1465 2246 1520 2277 illae
1541 2247 1573 2277 de
1589 2247 1752 2278 Yarnemuth
1773 2250 1802 2278 in

1288 2299 1293 2302 ·
1326 2286 1422 2323 Inlida
1438 2288 1531 2316 Vella.

1290 2324 1412 2354 Ballivis
1426 2328 1455 2355 V
1456 2324 1511 2355 illae
1525 2325 1557 2354 de
1570 2324 1725 2363 Liverpull.

1291 2362 1413 2393 Ballivis
1429 2366 1456 2394 V
1458 2363 1512 2393 illae
1529 2365 1562 2394 de
1573 2367 1690 2394 stonore.

1291 2401 1413 2432 Ballivis
1430 2405 1458 2431 V
1457 2401 1513 2432 illae
1526 2403 1559 2432 de
1573 2401 1708 2432 Sidmuth.

1290 2440 1414 2470 Ballivis
1427 2440 1510 2472 Villae
1523 2442 1554 2471 de
1569 2442 1723 2471 Sandwico.

1290 2483 1399 2517 Mayori
1432 2478 1471 2514 (ἕν
1508 2479 1631 2510 Ballivis·
1659 2483 1688 2510 V
1689 2479 1744 2509 illae
1772 2480 1805 2510 de

1330 2518 1490 2557 Wynchelse.

1290 2556 1415 2586 Ballivis
1428 2560 1457 2587 V
1457 2556 1512 2586 illae
1527 2558 1558 2588 de
1572 2557 1709 2587 Exmuth.

1290 2595 1413 2626 Ballivis
1427 2598 1456 2625 V
1455 2595 1510 2625 illae
1526 2597 1559 2625 de
1577 2598 1747 2632 Brigwater.

1291 2636 1399 2672 Majori
1419 2631 1458 2668 ὠ·
1476 2633 1599 2663 Ballivi5
1611 2632 1697 2663 Villae
1713 2633 1744 2662 de
1757 2635 1804 2662 Ci-

1291 2671 1418 2740 Bacsle‘gss:
1428 2709 1511 2740 Villae
1527 2710 1559 2739 de
1572 2708 1727 2739 Romenale.

1291 2748 1415 2778 Ballivis
1428 2747 1512 2785 Villae
1528 2749 1560 2778 de
1574 2747 1748 2785 Tengemuth.

1291 2787 1415 2817 Ballivis
1429 2789 1457 2816 V
1458 2786 1512 2817 illae
1526 2787 1558 2816 de
1569 2786 1699 2816 Reiclure.

1291 2826 1399 2864 Majori
1413 2824 1451 2860 ὠ·
1465 2825 1588 2855 Ballivis
1607 2824 1688 2854 Villae
1709 2825 1803 2855 Exon.

1291 2866 1398 2903 Majori
1411 2862 1449 2898 ὠ
1465 2867 1493 2894 V
1495 2864 1667 2894 icecomitibus
1677 2864 1802 2893 London.

1292 2904 1399 2942 Majori
1411 2901 1449 2937 ἄν
1465 2902 1587 2933 Ballivis
1601 2905 1721 2932 Dovorr.

1844 2480 1952 2557 Mffiori
1969 2477 2008 2514 ώ-
2022 2476 2144 2507 Ballivis
2156 2479 2185 2506 V
2184 2475 2239 2506 illae
2260 2475 2292 2506 de
2306 2478 2356 2506 Ce-

1842 2529 1951 2591 Majoer’i
1964 2552 2003 2589 (y
2014 2551 2138 2583 ΒΑΛ-ως
2154 2551 2239 2583 Villae
2256 2553 2288 2583 de
2299 2554 2358 2594 Ly-

1881 2604 1930 2622 me.

1841 2630 1966 2660 Ballivis
1980 2633 2009 2659 V
2010 2629 2064 2659 illae
2077 2630 2109 2659 de
2121 2628 2225 2669 Seford.

1841 2669 1964 2699 Ballivis
1979 2667 2064 2698 Villae
2080 2669 2112 2698 de
2128 2667 2293 2698 Dertmuth.

1842 2707 1965 2737 Ballbvis
1980 2709 2008 2736 V
2009 2706 2064 2736 illae
2080 2707 2112 2736 de
2126 2706 2268 2747 Porcestre.

1843 2745 1966 2775 Ballivis
1982 2748 2011 2775 V
2011 2744 2066 2776 illae
2080 2746 2112 2775 de
2127 2744 2296 2775 Plummuth.

1844 2784 1966 2814 Ballivis
1981 2787 2009 2814 V
2010 2783 2065 2814 illae
2079 2784 2112 2813 de
2127 2782 2303 2823 Faverlbam.

1843 2823 1967 2853 Ballivis
1982 2826 2011 2853 V
2012 2822 2067 2853 illae
2080 2823 2112 2853 de
2126 2822 2271 2852 Shorham.

1845 2861 1966 2892 Ballivis
1979 2864 2008 2892 V
2009 2861 2064 2891 illae
2076 2862 2109 2891 de
2125 2860 2256 2901 Hastyng.

1844 2900 1968 2930 Ballivis
1984 2899 2063 2931 Wllae
2075 2901 2108 2931 de
2120 2899 2266 2940 Folkeston.

1421 3030 1470 3062 De
1487 3026 1634 3061 Nmbus
1647 3032 1678 3061 in
1694 3032 1790 3063 Portu
1806 3026 1842 3061 dc
1859 3025 1993 3061 Orewell
2003 3021 2226 3070 congregandis.

1296 3117 1353 3172 R
1365 3113 1391 3144 E
1400 3113 1431 3144 X
1458 3113 1569 3144 Ballivis
1583 3112 1668 3144 Villae
1681 3113 1801 3158 Magnae
1810 3110 1999 3151 Jememurh,
2017 3108 2152 3140 Salutem.

1393 3152 1475 3183 Cum
1496 3162 1515 3182 n

2371 3111 2448 3143 Ann.
2460 3111 2500 3143 D.

1571 3163 1585 3182 r
1599 3175 1609 3191 ,
1626 3153 1814 3191 accipientes,
1836 3148 1897 3186 &c.
1915 3155 1947 3178 ut
1955 3147 2040 3188 fitpra
2055 3148 2133 3192 usqae
2145 3147 2199 3186 ibi,
2216 3147 2358 3179 Portuutn
2394 3151 2478 3190 1336·

1293 3191 1328 3222 &
1350 3191 1501 3222 Locorum
1516 3162 1643 3225 1gerum
1655 3190 1696 3230 fic
1711 3213 1721 3228 ,
1742 3191 1779 3220 ab
1799 3188 1860 3218 Ore
1880 3186 1974 3226 Aquae
1988 3186 2143 3217 Thatmnae
2163 3186 2255 3219 versus
2269 3196 2358 3224 partes
2370 3193 2421 3218 Aa.
2443 3200 2485 3218 10.

1293 3228 1422 3260 Boroeles
1435 3252 1444 3266 ,
1469 3227 1528 3263 &a
1548 3236 1579 3258 ut
1594 3227 1679 3266 sopra
1701 3227 1780 3268 usque
1793 3227 1848 3265 ibi,
1868 3226 2050 3264 muniantur,
2067 3224 2106 3260 ᾤ’
2123 3233 2187 3255 tunc
2194 3224 2251 3266 fic,
2268 3226 2302 3257 &
2317 3225 2356 3258 fic
2369 3233 2399 3256 Ε.
2422 3237 2448 3264 3.

1294 3269 1411 3297 munitae
1432 3268 1463 3297 in
1486 3265 1577 3297 Portu
1598 3267 1633 3296 de
1646 3265 1788 3304 Orewell,
1806 3266 1835 3295 in
1849 3264 1981 3295 Crastino
1994 3263 2091 3295 Sanffl
2104 3264 2246 3303 Andreae,
2263 3265 2358 3304 proxi.-
2370 3267 2475 3295 Ibidem.

1294 3315 1346 3336 mo
1363 3306 1476 3344 futuro,
1493 3305 1528 3335 ad
1541 3304 1676 3336 ultimum
1690 3313 1917 3344 congregentur,
1934 3301 1994 3338 &c.
2013 3302 2148 3342 utfipra.

1331 3343 1422 3374 Teste
1430 3351 1465 3373 Vut
1479 3343 1567 3382 supra.

1295 3419 1463 3451 Consimilia
1477 3419 1575 3450 Brevia
1587 3419 1741 3450 diriountur
1756 3419 1864 3459 Majori
1877 3419 1910 3451 &
1921 3417 2031 3450 Ballivis
2045 3417 2219 3456 subscriptis,
2236 3416 2273 3448 de
2291 3417 2358 3447 mit-

1334 3459 1421 3490 tendo
1441 3458 1599 3498 hujusmodi
1620 3444 1721 3490 ffaves
1742 3459 1799 3490 suas
1821 3457 1856 3489 ad
1870 3457 1992 3489 Portum
2003 3457 2172 3499 praedidlaim
2185 3455 2272 3494 indie
2284 3464 2358 3493 prae-

1333 3497 1432 3536 dicio,
1449 3498 1581 3529 videlicet
1588 3521 1600 3536 ,

1297 3566 1419 3597 Ballivis
1432 3570 1460 3597 V
1461 3566 1516 3597 illae
1529 3568 1561 3597 de
1572 3570 1662 3597 Lem«.

1297 3605 1418 3636 Ballivis
1432 3610 1460 3637 V
1462 3605 1517 3636 illae
1529 3607 1561 3636 de
1570 3609 1597 3636 Κ
1593 3605 1718 3647 yngcston
1731 3605 1808 3644 ffiper

1299 3644 1421 3713 Βιέἦζξές
1436 3687 1462 3713 V
1465 3682 1520 3713 illae
1535 3684 1567 3713 de
1582 3682 1744 3722 Ravenqfte.

1299 3721 1422 3752 Ballivis
1436 3725 1465 3751 V
1465 3721 1519 3751 illae
1534 3723 1565 3752 de
1580 3721 1772 3759 Scardehurgh.

1299 3759 1422 3789 Ballivis
1441 3764 1469 3790 V
1470 3759 1524 3790 illae
1539 3763 1618 3790 Novi
1632 3760 1722 3799 castri
1727 3761 1808 3800 super

1300 3801 1524 3867 Bfflfflnmllae
1546 3838 1577 3867 de
1592 3839 1691 3867 Parva
1706 3837 1810 3876 Jerne-

1301 3875 1423 3942 BZIJZZZ
1437 3917 1466 3943 V
1466 3913 1522 3943 illae
1543 3915 1575 3943 de
1587 3916 1748 3952 Gippewico.

1302 3951 1424 3981 Ballivis
1438 3955 1466 3981 V
1467 3951 1522 3982 illae
1535 3953 1567 3981 de
1583 3952 1706 3990 Walflet.

1302 3989 1425 4019 Ballivis
1440 3994 1468 4019 V
1467 3990 1521 4019 illae
1534 3992 1565 4020 de
1580 3990 1777 4031 Neubyiggyng.

1303 4027 1425 4058 Ballivis
1438 4027 1520 4059 Villae
1534 4029 1567 4058 de
1580 4028 1716 4067 Whitehy.

1846 3564 1969 3596 Ball1'vis
1984 3563 2067 3595 Villae
2081 3565 2113 3595 de
2127 3560 2274 3592 Alemuth.

1846 3603 1968 3635 Ballivis
1981 3606 2010 3634 V
2008 3603 2062 3633 illae
2074 3603 2106 3632 de
2121 3600 2278 3641 Tynemuth.

1847 3643 1971 3673 Ballivis
1984 3640 2066 3672 Villae
2080 3640 2112 3670 de
2127 3638 2272 3676 Blakemjy.

1847 3681 1970 3711 Ballivis
1984 3682 2012 3709 V
2011 3678 2064 3709 illae
2076 3676 2108 3708 de
2123 3679 2278 3707 Donewico.
2306 3692 2312 3702 ,

1847 3719 1971 3750 Ballivis
1987 3720 2016 3747 V
2015 3715 2070 3747 illae
2082 3716 2114 3746 de
2129 3713 2248 3745 Kirkele.

1848 3757 1970 3787 Ballivis
1982 3757 2011 3785 V
2011 3754 2066 3785 illae
2081 3755 2114 3784 de
2129 3752 2301 3792 Gilyngham.

1848 3795 1970 3826 Ballivis
1987 3796 2015 3823 V
2016 3793 2071 3823 illae
2082 3792 2115 3821 de
2128 3789 2255 3830 Orefbrd.

1848 3833 1971 3864 Ballivis
1986 3830 2065 3862 Villae
2080 3830 2112 3860 de
2126 3829 2264 3869 Gosbford.

1848 3871 1970 3902 Ballivis
1984 3873 2012 3900 V
2013 3868 2068 3898 illae
2082 3868 2114 3897 de
2130 3871 2265 3897 Herewic.

1848 3910 1955 3975 Major}¹
1967 3905 2004 3942 ό*
2018 3905 2141 3937 Ballivis
2154 3906 2232 3938 Villae
2246 3908 2278 3938 de
2285 3910 2356 3948 Gry-

1885 3957 1938 3977 mes
1974 3966 1980 3973 .

1848 3957 1971 4015 Balliviys
1985 3985 2014 4012 V
2013 3982 2067 4013 illae
2080 3984 2111 4013 de
2132 3986 2250 4014 Barton.

1848 4021 1971 4052 Ballivis
1985 4024 2014 4052 V
2015 4021 2069 4053 illae
2086 4024 2118 4053 de
2131 4023 2318 4093 Saltfletby.B
2337 4058 2352 4090 I

2319 4070 2336 4091 a
2347 4078 2360 4085 -
