2562 4279
0 244 47 269 nn·
61 233 104 266 D.

0 284 76 318 [321.

0 319 42 348 dv.
54 324 81 342 2.

0 397 27 421 Γπ.
45 398 86 426 15.

25 439 50 456 2.

0 452 62 503 iaus.
68 476 77 494 1
82 474 110 502 5.

25 515 39 533 2

0 530 14 574 .’,
29 525 73 579 2'5.
87 541 115 572 a.

129 680 212 711 'viare
219 700 228 714 ,

0 1253 11 1271 *
26 1253 79 1280 111.

0 1292 60 1327 906.

122 1864 127 1867 ¹
160 1868 286 1911 Praefato
299 1867 430 1908 Johanni
443 1869 476 1899 de
490 1871 612 1909 Meriet,
629 1868 755 1911 affignato
774 1879 832 1900 cum
841 1866 962 1910 praefato

676 150 791 193 ET
873 145 1145 190 ACTA
1225 145 1705 192 PUBLI'CA.

1223 232 1277 276 tia,
1293 232 1377 274 quam
1390 232 1530 277 Populus,
1547 235 1597 267 suo
1609 234 1758 276 Regimini
1770 231 2063 274 committendam&
2073 232 2148 274 pacis
2159 232 2194 266 &
2206 233 2284 275 quie·
2293 231 2369 263 Ann.
2386 228 2429 262 D.

1226 278 1259 300 tis
1272 272 1400 308 prospera
1411 271 1572 310 dirigentur.

293 325 342 358 De
357 319 558 370 aggrediendo
574 320 760 368 Insicrgentes
777 329 880 353 contra
899 322 1018 367 Regem.

131 408 282 465 REX,
299 407 404 439 diiecto
422 408 455 439 &
473 405 548 438 fideli
561 405 610 437 suo
622 427 632 444 ,
652 404 828 445 Iohannide
841 403 922 436 Bello
941 403 1058 442 Campo
1078 401 1114 433 de
1134 400 1188 433 So-

200 447 342 486 mersetia,
358 447 477 477 salutem.

171 484 251 516 Cfim
262 486 347 524 NOS>
567 521 573 526 .
618 520 623 526 .
890 520 895 525 .
927 519 933 525 .
1051 518 1057 524 .
1168 516 1175 523 ,

171 523 306 569 Volentes
319 523 422 555 honori
439 522 473 552 &
487 520 626 551 securimti
643 520 748 564 nostrae
758 539 772 558 9
794 529 827 550 ac
849 526 934 560 quieti
953 517 1059 556 Populi
1072 541 1082 556 ‚
1105 517 1189 548 nobis

134 561 204 641 {11¹le
205 572 236 632 ig
246 586 292 632 sor
303 609 356 632 itan
370 598 405 628 ali
425 599 453 628 ui
472 597 583 628 Subditi
595 597 683 640 nostri
694 620 704 636 ‚
729 597 774 626 vel
787 598 830 626 alii
852 605 952 627 contra
969 606 1020 626 nos
1032 594 1190 639 insurgere,

134 640 182 671 vel
201 639 269 670 Nos
288 637 383 678 (quod
401 647 417 668 a
437 636 485 674 sit)
509 634 620 675 aggredi
637 643 857 674 attemptarent,
879 645 982 666 eorum
1002 634 1116 665 malitiae
1137 632 1192 662 ob-

172 715 230 748 Affi
251 714 406 744 naverimus
418 722 487 750 VOS,
503 711 537 742 δε
578 711 713 742 ἀίΙεξὶυῐη
729 712 763 742 &
777 712 889 743 fidelem
907 711 1037 743 nostrum
1054 733 1064 748 ,
1083 708 1194 752 johan—

134 764 200 786 nem
252 754 319 782 eriet
330 774 341 791 ,
363 751 399 782 ad
414 734 606 790 colligentium
620 772 629 788 ‚
654 751 687 782 &
703 751 882 782 adunandum
898 774 908 790 ,
932 751 952 781 si
970 749 1082 780 necesse
1096 749 1195 785 fuerit,

136 801 234 824 omnes
249 792 282 822 &
294 790 412 829 singulos
421 788 582 827 Homines,
597 790 655 819 tarn
669 788 783 829 Equites
796 813 806 828 ,
832 791 917 828 quam
936 788 1062 827 Pedites,
1080 787 1115 817 de
1130 785 1195 816 Co—

137 830 277 862 mitatibus
290 827 461 859 Somersetiae
476 828 509 858 &
519 827 659 858 Dorsetiae
673 851 684 866 ,
707 829 765 858 tam
781 828 851 859 infra
866 828 1036 865 Libertates,
1051 827 1135 866 quarn
1150 833 1197 854 ex-

136 877 194 906 tra,
211 867 246 899 ad
259 867 381 906 eundum
395 889 406 904 ,
428 867 485 896 una
497 866 646 896 vobiscum
660 889 670 904 ,
694 868 724 896 in
736 867 901 906 obsequium
919 865 1048 897 nostrum
1063 887 1073 904 ,
1100 871 1199 894 contra

139 904 298 945 hujusmodi
310 904 386 935 Insur
406 912 482 934 entes
495 927 505 942 ,
530 905 574 934 vel
597 914 650 935 nos
673 905 769 944 (quod
784 907 870 940 absit)
889 905 1095 945 aggredientes,
1114 909 1199 940 prout

137 956 193 986 pro
213 945 322 975 honore
340 953 380 973 no
406 952 440 973 ro
452 965 462 981 ‚
486 945 527 974 &⁴³
540 942 640 980 majori
660 943 801 974 securitate
820 944 919 974 melius
938 943 1076 974 videbitur
1096 941 1199 971 facien-

140 985 228 1027 dum,
246 990 330 1021 prout
343 983 374 1012 in
387 981 500 1012 Litteris
513 981 614 1013 nostris
633 981 795 1014 Patentibus
809 1007 819 1022 ,
842 983 909 1013 inde
922 981 1075 1019 confectis,
1091 978 1201 1020 plenius

141 1028 301 1054 continetur

177 1059 286 1098 Vobis,
301 1043 331 1089 i’n
342 1057 399 1090 fide
412 1058 446 1090 ὃς
458 1058 626 1097 dilectione,
645 1060 745 1098 quibus
758 1060 841 1090 nobis
855 1059 1010 1099 tenemini,
1029 1056 1146 1088 firmiter
1160 1056 1205 1085 in-

138 1097 304 1138 jungendo,
323 1097 495 1128 Mandamus
510 1098 605 1135 quod,
624 1097 644 1127 fi
659 1099 744 1136 aliqui
760 1099 870 1129 Subditi
884 1098 990 1136 nostri,
1008 1105 1055 1127 aut
1068 1095 1114 1126 alii
1133 1103 1205 1124 con-

142 1146 183 1168 tra
197 1146 249 1167 nos
264 1136 418 1175 insurgere,
436 1136 483 1165 vel
498 1136 566 1166 Nos
589 1137 683 1175 (quod
699 1138 779 1174 absit)
800 1137 911 1176 aggredi
929 1136 1072 1167 voluerint
1086 1156 1096 1170 ,
1118 1141 1204 1169 tunc,

164 1177 289 1206 uamcito
302 1176 382 1205 vobis
396 1175 462 1205 inde
477 1174 649 1213 constiterit,
667 1176 825 1214 hujusmodi
843 1175 980 1206 Subditos
998 1173 1109 1205 nostros
1123 1194 1134 1209 ,
1159 1178 1206 1200 aut

143 1215 211 1245 aios
225 1215 408 1253 quoscunque
423 1236 433 1252 ,
455 1222 557 1243 contra
579 1223 630 1244 nos
644 1213 816 1254 Insurgentes
835 1214 880 1243 vel
900 1223 952 1243 nos
966 1212 1054 1254 (quod
1065 1209 1144 1247 absit)
1160 1218 1208 1248 ag-

166 1251 224 1282 redi
237 1252 364 1283 volentes
375 1275 386 1291 ,
406 1253 425 1271 *
442 1252 556 1282 viriliter
570 1273 580 1289 ,
603 1253 637 1283 &
657 1262 726 1284 curn
747 1261 810 1283 toto
825 1251 911 1283 Poffe
923 1251 1122 1282 Comitatuurn
1136 1258 1208 1287 prae-

145 1262 309 1329 ξίθίοηπη,
329 1292 386 1321 sine
400 1289 532 1320 dilatione
551 1290 585 1319 ali
607 1289 663 1329 uzi,
688 1291 911 1331 aggrediamini,
937 1290 1009 1320 adeo
1030 1287 1110 1329 quod
1126 1309 1135 1325 ,
1152 1296 1209 1330 'per

147 1329 233 1362 vestri
245 1329 381 1369 aggressus
395 1351 405 1368 ,
428 1327 588 1366 hujusmodi
618 1328 826 1371 nsurgentium,
844 1330 889 1359 vel
904 1328 969 1360 Nos
981 1327 1209 1368 aggredientium

147 1369 343 1409 praesumptio,
363 1368 430 1398 Deo
445 1368 588 1407 propitiO,
604 1369 695 1400 valeat
708 1369 833 1408 aboleri,
850 1368 884 1399 δε
904 1368 1015 1408 punitio
1038 1373 1138 1396 eorum
1154 1364 1211 1394 aliis

151 1417 287 1439 terrorem
303 1407 417 1437 incutiat
430 1406 491 1436 talia
503 1406 698 1444 perpetrandi:

189 1445 228 1476 Et
241 1445 366 1484 ulterius,
383 1454 451 1475 cum
471 1444 619 1482 Equitibus
639 1446 672 1476 &
687 1446 830 1478 Peditibus
851 1444 992 1484 praedietis
1006 1467 1016 1483 ,
1038 1443 1214 1481 ubicumque

152 1493 221 1516 tunc
233 1483 384 1522 fuerimus,
398 1483 431 1513 ad
446 1493 498 1513 nos
511 1482 668 1523 accedatis,

190 1523 228 1554 Et
241 1523 298 1554 hoc
311 1522 466 1553 nullatenus
480 1523 624 1552 omittatis.

305 570 416 594 uatenus
435 560 514 590 bono
536 559 626 589 modo
638 568 807 596 poterimus,
824 558 992 602 providere,
1009 557 1085 588 &in
1104 566 1190 586 even-

191 1600 283 1645 Teste
297 1600 380 1640 Rege
392 1598 467 1638 apud
486 1597 662 1630 Pountefreit
678 1598 758 1640 super
774 1598 908 1632 Thamise
921 1621 931 1638 ,
959 1607 1004 1639 30.
1019 1597 1064 1628 die
1078 1595 1216 1627 Novem-

155 1640 221 1672 bns·
807 1678 861 1706 Per
873 1673 954 1715 ipfirm
966 1677 1068 1712 Regem.

158 1754 273 1787 Eodem
293 1753 382 1784 modo
408 1753 571 1784 mandatum
593 1752 634 1784 est
652 1752 806 1790 subscriptis
820 1776 830 1792 ,
853 1752 996 1792 separatim
1017 1751 1054 1781 sic
1073 1749 1221 1790 assignatiS,

247 1795 277 1824 in
291 1791 480 1823 Comitatibus
493 1792 666 1832 subscriptis,
683 1792 795 1823 mutatis
809 1791 966 1830 mutandis,
982 1790 1130 1828 videlicet,

1135 1879 1222 1889 .--—

157 1924 332 1987 Joffle
344 1944 420 1975 Bello
435 1948 550 1987 Campo,
567 1949 596 1976 in
609 1945 788 1977 eomitatibus
801 1944 958 1984 praedic‘lis5

159 1985 283 2018 'Andreae
301 1985 333 2013 de
348 1983 455 2014 Harcla
468 2008 479 2025 ,
503 1988 532 2014 in
549 1985 728 2015 Comitatibus
748 1984 954 2015 Northumbriae
969 2007 979 2023 ,
1004 1981 1137 2013 Cumbriae
1149 2004 1160 2020 ,
1182 1979 1221 2016 ὠ*

199 2022 426 2063 Wstmerlandiae
435 2033 445 2060 ,⁸

161 2065 261 2093 Simoni
274 2061 390 2100 Warde‚
407 2065 436 2091 in
450 2064 587 2092 Comitatu
603 2061 738 2100 Eborum5

165 2135 437 2216 :gregssnfzrssffip
715 2139 784 2212 Ἶρι)
797 2155 990 2200 Comitatibus
1004 2154 1179 2187 Norffolciae.
1190 2155 1225 2187 &

167 2214 297 2254 Johanni
311 2198 477 2254 Hauwari'i,
716 2215 737 2246 J
789 2194 950 2227 SUffOlClae·

169 2293 277 2329 Hugoni
291 2290 323 2320 de
335 2294 483 2332 Courteny,

755 2292 784 2323 in
806 2291 996 2324 Comitatibus
1015 2292 1175 2324 Cornubiae
1193 2292 1228 2324 &

170 2332 214 2360 W
215 2329 321 2360 illiet'mo
338 2333 472 2370 Martyn‚

717 2304 742 2356 ἓ
757 2331 947 2363 -κΒενοῐιίεε,

720 2420 744 2473 }
756 2408 786 2438 in

723 2525 787 2674 }in
808 2544 999 2576 Comitatibus
1019 2544 1209 2577 &Varwicenfi
1224 2568 1235 2583 ,

173 2405 322 2436 Willielmo
335 2406 367 2436 de
382 2408 485 2446 Kyme,

806 2407 934 2438 Partibus
954 2408 990 2438 de
1006 2407 1185 2449 Lyndeseye,
1200 2408 1230 2439 in

169 2447 253 2476 Petro
268 2444 292 2474 le
306 2447 442 2484 Eretum,

795 2446 944 2478 Comitatu
960 2446 1160 2479 Lincolnienfi.

169 2520 301 2562 Johanni
314 2522 345 2551 de
359 2525 479 2562 Some-ry,

169 2560 298 2601 Johanni
309 2561 340 2590 de
359 2563 493 2600 Segrave,
510 2562 628 2600 Seniffi,

170 2598 312 2638 Radulpho
326 2598 420 2638 Baffit

796 2583 995 2622 Leycestriensi
1037 2585 1071 2616 &
1115 2584 1235 2615 Staffor-

171 2640 254 2669 Petro
266 2638 299 2667 de
311 2621 492 2677 Memfim,

796 2622 891 2654 dienfi.

177 2713 292 2745 olivero
306 2714 338 2744 de
351 2714 465 2751 Ingham
476 2737 487 2754 ,

181 2753 296 2784 Roberto
311 2750 413 2782 Lewer
425 2776 436 2792 ,

802 2715 1000 2786 {lecr'kmsitatibus
1013 2717 1197 2751 wiltonienfi
1203 2720 1237 2752 &

727 2728 751 2780 }
763 2716 794 2746 in

180 2828 329 2864 W⁷illielzno
342 2829 427 2869 Rydel
440 2828 640 2868 Constahidario
655 2829 742 2871 Castri
756 2832 894 2862 Bernara'i
902 2841 912 2869 3

179 2865 245 2906 Refi)
264 2867 428 2942 αξυῗῇἕξᾶζὴ
442 2892 452 2907 ‚
473 2869 505 2898 de
522 2869 713 2899 Libertatibus
733 2868 771 2906 ᾤ’
795 2874 885 2901 Terris
907 2869 1084 2911 Wstwallz'ae
1105 2870 1143 2907 ῤ’
1156 2873 1240 2905 Suth-

181 2943 297 2983 Grtffino
309 2952 343 2982 ap
357 2947 425 2982 Res,
443 2944 550 2986 Militi,
567 2946 600 2976 de
613 2945 746 2976 Partibus
762 2946 972 2978 Northwalliae.

216 3019 306 3052 Teste
320 3029 352 3052 ut
366 3021 453 3062 supra.

184 3146 243 3177 Pro
258 3142 383 3178 Roberto
392 3144 429 3182 de
440 3145 599 3189 Baldolggin
616 3146 792 3193 Epifiopum
808 3147 1043 3194 Lichftldenss’m
1056 3149 1245 3195 praeficiendo.

40 3233 116 3265 Arm.
127 3232 169 3264 D.
187 3226 236 3289 P
248 3227 350 3274 APAE
369 3229 434 3261 Rex
446 3232 548 3264 devota
564 3232 670 3271 pedum
683 3232 774 3264 oscula
786 3234 944 3264 beatorum.

62 3283 147 3314 1321.
293 3266 373 3313 Cum
387 3269 424 3299 de
438 3270 627 3302 stabilimento
643 3272 739 3312 Regni
757 3272 861 3310 nostri,
899 3272 954 3303 uod
967 3273 1047 3303 variis
1061 3272 1249 3304 Ttirbationi-

16 3327 18 3330 >
38 3315 90 3341 An.
113 3321 156 3349 ¹5·
188 3307 241 3337 bus
253 3314 419 3351 concutitur
439 3308 491 3339 hiis
511 3309 611 3340 diebus
625 3333 635 3348 ,
653 3310 836 3342 meditatione
854 3311 960 3342 soicita
980 3312 1179 3352 pertractamus
1194 3335 1203 3350 ,
1221 3313 1249 3343 id

40 3354 70 3379 Ε.
90 3361 116 3379 2.
188 3344 272 3375 nobis
290 3345 466 3389 potlffimum
480 3370 490 3386 ,
506 3357 561 3387 pro
580 3348 749 3379 fulcimento
770 3350 870 3389 quietis
891 3351 926 3381 &
942 3351 1034 3388 paen,
1049 3352 1174 3381 occurrit
1190 3374 1199 3389 ,
1218 3359 1249 3382 ut

41 3392 111 3420 Rom.
133 3397 174 3425 15.
188 3383 271 3421 tales,
287 3394 317 3413 in
333 3383 465 3428 Ecclefiis
479 3385 546 3416 dieti
561 3386 673 3426 Regni,
692 3387 879 3424 praeficiantur
893 3389 1039 3428 Regimini
1053 3388 1203 3428 pastoraii,
1218 3391 1249 3420 in

43 3430 73 3455 Ε.
90 3437 115 3455 2.
190 3432 313 3462 quorum
328 3421 441 3467 Fide&
454 3423 608 3468 Dos'crina,
628 3423 755 3456 Consilio
773 3426 806 3457 &
826 3426 994 3466 Prudentia,
1014 3427 1107 3458 noster
1122 3429 1248 3468 animus,

44 3474 81 3494 m.
97 3475 140 3494 12.
190 3471 224 3493 ac
240 3460 323 3491 status
334 3459 404 3491 dicti
420 3461 514 3501 Regni
524 3462 630 3493 valeant
645 3465 779 3502 quietari,

229 3498 300 3529 Inde
321 3498 363 3529 est
375 3523 385 3538 ,
402 3499 486 3531 Pater
501 3500 602 3530 Sanete
614 3524 625 3539 ‚
640 3501 720 3541 quod

192 3537 282 3569 densis
296 3537 420 3569 Ecclesia
435 3537 608 3569 Cathedralis
622 3540 674 3569 'am
687 3540 720 3571 fit

191 3575 376 3607 Personarum
393 3577 589 3614 conditiones,

189 3615 358 3646 eorumdem
380 3617 530 3654 varietate,
548 3614 612 3646 disti

760 3502 828 3533 cum
844 3501 1041 3535 coventrensis
1064 3505 1097 3535 &
1111 3504 1253 3535 Lichefel-

732 3525 855 3572 ²Pastoris
870 3541 966 3573 solatio
977 3542 1121 3582 destituta,
1137 3543 1254 3583 nosque,

634 3587 757 3609 ocorum
771 3580 805 3612 &
826 3579 1009 3618 Temporum
1025 3581 1183 3619 qualitates,
1200 3592 1254 3619 pro

191 3691 318 3723 Ecclesia
341 3692 534 3724 Londonienfi
546 3717 556 3730 ‚
580 3702 613 3723 ac
635 3692 779 3725 Canonici
799 3695 931 3726 Ecclefiae
952 3696 1177 3736 Lychefeldensis
1192 3720 1202 3735 ,
1220 3698 1255 3728 ad

197 3739 269 3761 onus
289 3731 322 3762 ὃ(
346 3731 487 3762 honorem
505 3730 650 3776 Pastoralis
671 3732 770 3763 Officii
791 3733 876 3765 diecae
889 3734 1024 3765 Eccleliae
1038 3736 1180 3775 praecipue
1196 3736 1258 3766 ido-

196 3778 284 3799 neum
304 3779 461 3809 reputantes
476 3793 486 3810 ,
505 3770 595 3809 ipsum
615 3769 715 3801 vestrae
726 3771 893 3803 Beatitudini
908 3772 1066 3812 plenissimo
1077 3784 1258 3806 recommen-

193 3807 293 3839 damus
304 3809 426 3848 affeetu3

232 3844 372 3890 Ampliori
387 3871 397 3887 ,
415 3847 470 3886 quai
486 3847 631 3888 possumus
645 3871 653 3886 ,
672 3847 828 3879 devotione
847 3848 1031 3890 supplicantes
1043 3873 1053 3889 ,
1070 3852 1197 3889 quatinus
1211 3875 1220 3890 ,
1238 3852 1258 3883 si

194 3881 395 3922 Episcopatutn
413 3887 494 3917 illum
515 3896 563 3927 per
578 3896 630 3917 vos
651 3887 778 3916 reservari
799 3890 950 3926 contigerit
965 3911 975 3926 ‚
989 3889 1099 3919 dietum
1110 3888 1259 3921 Clericum

195 3921 324 3953 nosti-um
346 3923 480 3956 Ecclefiae
494 3924 639 3965 praedictae
652 3925 797 3963 praeficere
815 3926 906 3957 velitis
925 3927 954 3957 in
967 3926 1140 3968 Episcopum
1157 3929 1190 3960 &
1205 3928 1260 3960 Pa-

198 3956 313 3990 storem.

235 3996 321 4036 Spem
341 4009 465 4039 namque
483 4011 612 4033 tenemus
626 4001 790 4046 indubiam,
807 4004 887 4041 quod
907 4003 988 4041 ipfius
1002 4003 1068 4035 fidei
1081 4005 1239 4036 constantia
1252 4028 1262 4044 ,

1231 633 1285 686 R

1233 715 1314 738 tuum
1333 710 1465 748 suorum,
1485 709 1530 740 vel
1543 711 1600 748 ejus
1617 710 1732 741 Locum
1745 713 1867 750 tenenti,
1885 712 2007 742 salutem.

1236 784 1404 817 Mariiiarios
1443 787 1476 817 ὃ(
1498 798 1512 818 a

1235 825 1327 854 narios
1339 847 1348 863 ,
1372 825 1404 856 ὃς
1417 810 1491 855 ³alios
1510 826 1545 856 de
1565 825 1710 856 Dominio
1732 827 1764 856 &
1788 825 1929 858 Potestate
1942 851 1951 865 ‚
1971 827 2088 857 Nobilis
2107 828 2181 865 viri,
2199 826 2292 857 Ducis
2307 825 2339 849 E.
2359 829 2385 846 ²-

1236 861 1394 901 Brytanniae
1408 872 1476 894 tunc
1489 864 1606 903 habitis,
1625 864 1660 894 de
1675 863 1767 894 nostra
1780 864 1813 895 &
1825 866 1903 902 ipiius
1924 866 2012 895 Ducis
2026 866 2185 903 voluntate,
2197 864 2293 895 Treu-
2312 870 2349 888 ⁷⁷³·
2364 854 2444 896 ²3⁴³*

1236 911 1270 940 ga
1284 902 1350 945 inita
1363 902 1471 941 fuisset,
1488 903 1572 943 usque
1584 902 1619 934 ad
1634 903 1748 933 Festum
1764 905 1897 934 omnium
1912 904 2079 934 Sandiorum
2093 904 2224 940 proximo
2234 905 2295 943 Jam

1238 948 1410 979 praeteritum
1423 941 1566 978 durarum,

234 3654 240 3659 ᾗ
359 3655 364 3660 ¹
408 3655 413 3660 ι
548 3654 554 3660 .
653 3626 747 3648 uentes
759 3641 769 3657 ‚
787 3618 951 3663 personam,
968 3619 1065 3664 dile&
1085 3618 1189 3664 Clerici
1203 3631 1256 3651 no-

193 3653 241 3684 stri
255 3677 265 3691 ‚
286 3653 415 3693 Magistri
434 3654 557 3684 Roberti
576 3653 612 3685 de
653 3655 734 3686 aldok
747 3679 757 3694 ,
774 3657 975 3688 Archidiaconi
995 3657 1205 3697 Middleiexiae,
1225 3661 1256 3690 in

2231 160 2285 199 ²9

2319 276 2403 309 1321.

2297 311 2367 338 Edv.
2384 316 2400 336 2
2406 327 2413 337 .

1260 345 1329 377 Con
1334 346 1422 377 servet
1429 371 1439 385 ,
1455 347 1516 379 &c.

1261 421 1331 453 Dat.
1347 422 1421 461 apud
1436 422 1593 457 Pountfrait
1607 425 1684 466 super
1696 424 1850 469 Thamise,
1869 435 1916 469 30.
1930 426 1977 459 die
1990 424 2178 458 Novembris.

1254 547 1280 574 ³&
1300 549 1349 580 De
1366 549 1588 581 Continuatione
1603 550 1724 596 Treugae
1742 576 1752 592 ‚
1777 562 1845 583 cum
1865 554 2025 600 Brytamnia
2037 577 2047 595 ‚
2067 548 2262 598 publicanda.
2304 547 2385 576 '‘III-

1293 631 1374 670 Ex,
1392 632 1498 677 diiecto
1514 633 1602 664 Fratri
1615 633 1736 678 &naen
1755 634 1803 665 suo
1819 634 1973 667 edmundo
1991 636 2101 667 Comiti
2120 634 2219 666 Kanai
2254 633 2288 664 sc
2304 596 2381 658 ffiixi.
2395 620 2438 654 D*

1304 669 1520 701 Constabulario
1541 671 1634 701 Castri
1647 676 1685 702 lui
1701 672 1854 703 Dovorriae
1869 697 1878 712 ,
1895 675 1928 704 ὃς
1944 674 2065 705 Custodi
2082 675 2206 713 quinque
2220 656 2290 702 s'or-
2307 671 2422 738 ‘4173211'5-

1270 745 1349 778 Cum
1364 758 1469 787 nuper,
1487 748 1566 817 suffi}
1578 749 1786 826 (ἒὲἷίἱὲιίξηίὃυε
1794 751 1829 817 ἐκ
1843 751 2004 820 ἀίΐςὸἓῃῗὲς,
2019 752 2088 781 inter
2100 748 2276 820 MegaRIIores
2287 770 2297 786 2
2307 749 2391 815 gas?
2400 786 2432 816 15

1525 799 1532 817 i
1663 798 1677 817 e
1698 798 1736 817 no
1751 798 1791 817 no
1817 799 1848 818 ro
1863 812 1871 826 ‚
1980 799 2130 827 escatores,
2240 797 2291 818 ari·
2331 803 2334 810 1
2388 802 2394 809 ·
2435 798 2444 805 ⁶

1278 979 1325 1009 Ac
1344 980 1404 1017 jam
1423 980 1520 1010 eadem
1543 979 1657 1018 Treuga
1670 1005 1680 1019 ,
1698 990 1747 1018 per
1767 978 1836 1010 Nos
1855 981 1887 1011 &
1908 978 2019 1009 distum
2035 978 2152 1009 Ducem
2166 1000 2176 1016 ,
2192 990 2207 1008 a
2219 976 2299 1009 die'to

1242 1016 1327 1047 Festo
1339 1019 1471 1048 omnium
1483 1018 1667 1056 Sanctorum,
1684 1019 1768 1058 usque
1781 1018 1815 1048 ad
1830 1018 1904 1049 idem
1918 1017 2033 1048 Festum
2046 1018 2179 1058 proximo
2188 1018 2245 1055 jam
2253 1017 2300 1047 su-

1242 1064 1336 1087 turum
1349 1057 1513 1087 continuata
1528 1057 1560 1087 sit
1574 1056 1608 1087 &
1623 1065 1789 1096 prorogata,

1280 1094 1372 1124 Vobis
1391 1095 1555 1125 mandamus
1568 1118 1577 1133 ,
1603 1094 1719 1125 firmiter
1739 1095 1914 1132 injungentes
1928 1117 1938 1132 ,
1954 1093 2031 1134 quod
2052 1094 2081 1124 in
2102 1092 2210 1132 singulis
2232 1092 2303 1122 locis

1243 1132 1384 1163 Portuum
1395 1133 1616 1171 praedidffirum,
1634 1133 1683 1163 ubi
1697 1133 1825 1171 expedire
1840 1132 1978 1171 videritis,
1997 1131 2253 1163 Continuationem
2271 1131 2304 1161 δε

1244 1170 1476 1210 Prorogationem
1493 1172 1618 1211 Treugae
1632 1172 1700 1202 illius
1713 1171 1867 1210 publicari,
1885 1172 1918 1202 ὃς
1934 1171 2048 1201 firmiter
2062 1172 2149 1201 teneri
2167 1170 2286 1200 faciatis:

1283 1210 1446 1241 inhibentes
1464 1212 1596 1241 omnibus
1617 1211 1650 1241 &
1667 1211 1778 1249 singulis
1798 1209 1955 1240 Marinariis
1967 1210 2000 1240 &
2014 1209 2069 1239 aliis
2083 1208 2119 1239 de
2134 1208 2240 1248 Regno
2254 1216 2307 1237 no-

1247 1248 1304 1279 stro
1313 1272 1322 1287 ,
1340 1259 1376 1279 ne
1389 1249 1615 1288 Mercatoribus,
1636 1248 1813 1286 Marinari'is,
1828 1249 1874 1278 seu
1887 1248 1943 1278 aliis
1951 1248 1986 1278 de
2000 1246 2140 1278 Potest-ate
2153 1249 2185 1278 ὃ(
2200 1247 2308 1277 Domi-

1248 1289 1298 1318 nio
1312 1288 1382 1319 dicti
1396 1287 1506 1326 Ducis,
1524 1289 1686 1319 durantibus
1693 1288 1906 1318 continuatione
1921 1288 1954 1317 8<
1969 1287 2184 1325 prorogatione,
2196 1285 2310 1322 Damp-

1248 1336 1319 1358 num
1330 1327 1459 1366 aliquod,
1471 1327 1517 1357 seu
1531 1327 1697 1358 Gravamen
1711 1349 1722 1365 ,
1739 1325 2103 1363 occafione,diffens10num
2115 1324 2148 1354 &
2162 1323 2310 1354 discordiam

1249 1375 1312 1396 rum
1326 1365 1541 1405 praedictarum,
1559 1365 1679 1398 inferant
1689 1364 1890 1404 quovismodo.

1288 1440 1377 1472 Teste
1390 1441 1471 1482 Rege
1484 1442 1558 1482 apud
1571 1441 1876 1481 Westmonasterium,
1894 1441 1921 1470 6.
1937 1439 1984 1471 die
1999 1439 2182 1471 Decembris.

1920 1519 1974 1548 Per
1987 1515 2069 1557 ipfiaem
2081 1519 2187 1554 Regem.

1385 1593 1498 1626 Eodem
1513 1595 1604 1627 modo
1617 1595 1781 1628 mandatum
1794 1593 1836 1626 est
1849 1594 2026 1635 subscriptis,
2041 1593 2188 1632 videlicet,

1258 1673 1404 1702 Vicecomit.
1412 1672 1562 1703 Lincolniae
1570 1695 1580 1712 ,
1808 1674 1955 1702 Vicecomit.
1964 1674 2065 1701 Surriae
2078 1668 2116 1705 ὠ
2123 1668 2249 1709 Suffixiae

1259 1713 1405 1740 Vicecomit.
1421 1714 1523 1741 Kantii
1530 1736 1540 1750 ,
1809 1714 1955 1741 Vicecomit.
1963 1710 2124 1748 Somerfttiae
2133 1711 2170 1743 &
2177 1690 2322 1747 Dorsb'tiae‚

1259 1752 1287 1779 V
1283 1753 1408 1779 icecomit.
1416 1750 1648 1789 Suthhamptoniae
1654 1773 1665 1790 ,
1810 1752 1958 1780 Vicecomit.
1967 1752 1993 1779 E
1990 1747 2084 1788 ffi’xiae
2094 1745 2131 1782 &⁴
2139 1750 2172 1778 H
2172 1746 2323 1788 ertfordiae,

1261 1790 1288 1817 V
1284 1791 1408 1818 icecomit.
1423 1788 1593 1828 Gloucestriae
1809 1791 1958 1818 Vicecomit.
1968 1788 2115 1818 Londoniae
2123 1809 2134 1825 ,

1261 1829 1407 1857 Vicecomit.
1417 1811 1618 1867 Norffblciaedz·
1632 1825 1773 1866 Suffolciae‚
1810 1829 1956 1857 Vicecomit.
1967 1825 2097 1857 Eborum.

1263 1960 1371 1992 Litera
1391 1952 1509 2002 Jacobi
1526 1956 1652 1988 Domini
1669 1953 1706 1987 cle
1728 1953 1861 2001 Douglas
1878 1952 1915 1986 de
1933 1951 2086 1987 candum
2103 1980 2113 1996 ,
2134 1962 2190 1999 pro
2207 1953 2328 1985 Nuncio

1489 2000 1529 2036 ab
1543 2000 1756 2036 adhaerentibus
1774 2006 1897 2036 Comitis
1912 2000 2103 2045 Lancastriae.

1267 2092 1321 2150 A
1339 2089 1429 2121 Touz
1450 2096 1522 2119 ceux
1532 2111 1544 2126 ‚
1560 2097 1615 2128 que
1632 2087 1708 2118 ceste
1731 2086 1828 2119 Lettre
1843 2096 1957 2120 verront
1970 2097 2010 2119 ou
2023 2093 2143 2125 orront,
2154 2084 2250 2125 James
2262 2084 2323 2116 Sei·
2346 2081 2424 2112 Ann.
2438 2079 2484 2114 Dr

1340 2137 1429 2168 gneur
1444 2126 1479 2157 de
1492 2126 1614 2166 Duglas,
1631 2127 1705 2158 salut.
2369 2130 2455 2161 1321.

1303 2166 1425 2198 Sachetz
1445 2167 1506 2195 moi
1517 2175 1583 2195 aver
1597 2166 1673 2196 done
1712 2166 1746 2196 δε
1765 2173 1859 2204 grante
1878 2165 1956 2196 seure
1969 2166 2003 2198 &
2017 2164 2079 2195 sauf
2087 2162 2226 2202 Conduyt
2244 2172 2261 2193 a
2272 2161 2329 2192 Ri-
2350 2163 2401 2187 An·
2419 2169 2462 2196 15·

1267 2206 1353 2237 chard
1368 2205 1404 2236 de
1414 2204 1551 2243 Topclif,
1567 2205 1601 2236 ὅ(
1615 2215 1653 2235 un
1666 2187 1873 2243 &ompaignon
1886 2205 1926 2236 od
1940 2205 1995 2244 lui,
2011 2204 2045 2236 &
2056 2203 2119 2240 lQur
2150 2201 2260 2239 arsons,
2270 2200 2330 2231 sau-
2351 2203 2381 2226 E·
2405 2207 2432 2225 2-

1267 2251 1385 2276 vement
1406 2242 1441 2274 de
1459 2244 1536 2273 venir
1557 2243 1678 2274 dedeinz
1700 2243 1738 2274 les
1758 2244 1855 2281 parties
1868 2243 2002 2274 d’Escoce
2017 2265 2028 2283 ,
2042 2241 2121 2282 aJed
2146 2241 2326 2271 -sauvement
2349 2235 2489 2273 Chul-¹5·

1268 2284 1365 2321 venir,
1383 2282 1533 2320 demorer,
1551 2283 1585 2313 ὃς
1599 2283 1732 2322 repairer:
2351 2280 2383 2304 E·
2403 2284 2430 2302 ²-

1307 2321 1361 2352 Par
1375 2322 1404 2358 qi
1418 2321 1460 2358 j’ai
1472 2322 1533 2358 prie
1544 2331 1560 2351 a
1574 2328 1645 2351 touz
1660 2331 1720 2351 mes
1732 2330 1825 2361 amys,
1843 2321 1877 2352 &
1891 2319 2034 2351 comaund
2048 2330 2064 2350 a
2076 2327 2147 2350 touz
2162 2327 2222 2349 mes
2234 2315 2335 2354 Gens,
2357 2324 2394 2343 m·
2411 2311 2486 2341 ΙΒᾸ·

1270 2360 1319 2399 q'il
1339 2370 1375 2390 ne
1388 2359 1485 2391 facent
1501 2360 1574 2397 mal,
1593 2358 1729 2397 moleste,
1744 2370 1780 2389 ne
1794 2359 1978 2390 desturbance
1992 2369 2026 2390 au
2047 2358 2090 2389 dit
2103 2355 2249 2395 Richard,
2268 2364 2305 2385 ne
2323 2365 2341 2386 a

1273 2403 1323 2429 ion
1339 2398 1563 2437 Compaionon,
1579 2408 1615 2428 ne
1630 2409 1645 2428 a
1657 2398 1720 2428 lour
1734 2399 1831 2436 biens,
1848 2408 1884 2428 en
1899 2407 2023 2437 venant,
2039 2397 2235 2433 demorraunt,
2251 2403 2289 2424 ne
2297 2403 2340 2424 re-

1273 2439 1383 2477 pairant
1392 2459 1402 2474 ,
1417 2446 1453 2466 ne
1465 2422 1595 2467 soeffiant
1608 2436 1680 2467 estre
1693 2437 1741 2466 fait
1756 2447 1771 2466 a
1784 2437 1845 2467 lour
1859 2446 1936 2476 poer.

1312 2476 1357 2508 En
1379 2475 1591 2515 tesmoignance
1613 2475 1649 2505 de
1670 2476 1751 2513 quele
1772 2475 1856 2506 chose
1875 2486 1891 2505 a
1905 2474 1981 2506 ceste
1995 2473 2119 2512 presente
2130 2472 2228 2504 Lettre
2241 2471 2267 2503 ai
2278 2479 2341 2511 mys

1275 2526 1346 2586 ξηρῇ
1359 2515 1437 2584 8Ξα15
1456 2513 1524 2582 {im
1539 2522 1597 2544 tant
1612 2524 1698 2545 come
1711 2513 1737 2544 la
1751 2513 1832 2545 Feste
1845 2514 1926 2545 Seint
1940 2513 2048 2551 Hiller‚
2068 2512 2215 2552 procheyn
2226 2519 2304 2549 apres
2316 2509 2342 2541 la

1289 2565 1304 2585 e
1314 2564 1366 2585 our
1401 2563 1417 2584 e
1429 2562 1462 2583 ce
1477 2563 1525 2583 tes.

1313 2631 1425 2671 Escript
1437 2640 1453 2660 a
1466 2625 1690 2671 Etlebredehelys
1709 2629 1735 2660 le
1748 2629 1890 2669 dimaigne
1905 2639 1941 2661 en
1956 2629 1981 2661 la
1995 2628 2077 2659 Feste
2091 2628 2170 2659 Seint
2183 2624 2344 2664 Nicholas,

1277 2671 1347 2702 i’An
1358 2670 1394 2701 de
1408 2679 1493 2707 grace
1510 2679 1596 2710 1321.

1320 2807 1379 2838 Pro
1395 2804 1523 2848 Hugone
1540 2802 1566 2835 le
1580 2801 1760 2848 Despensbr,
1785 2799 1822 2834 de
1843 2802 1967 2848 Magna
1984 2798 2101 2834 Charta
2118 2796 2315 2844 obfirvanda.

1322 2965 1402 2995 Cum
1421 2964 1512 2994 Hucro
1534 2964 1561 2994 le
1575 2962 1732 3000 Despenser
1739 2962 1843 3002 Junior
1859 2973 1948 3001 nuper
1959 2985 1970 3002 ,
1987 2963 2022 2994 ad
2037 2962 2264 3002 prosecutionem
2277 2970 2350 3000 quo·
2368 2970 2420 2994 Aa.
2441 2976 2449 2993 ι
2455 2974 2486 3003 5.

1288 3004 1422 3035 rumdam
1443 2988 1614 3041 Nssgnamm
1629 3025 1639 3039 ,
1659 3001 1695 3032 de
1708 3001 1815 3042 Regno
1829 3002 1928 3033 nostro
1943 3025 1953 3041 ,
1967 3012 2018 3042 per
2031 3001 2169 3041 quandam
2184 2999 2352 3043 Considera-
2370 3010 2400 3033 E.
2422 3014 2448 3032 2.

1288 3045 1411 3080 tionem,
1431 3052 1479 3080 per
1495 3041 1565 3079 ipsos
1585 3040 1689 3071 facetam
1704 3063 1714 3079 ,
1731 3042 1766 3071 ab
1780 3042 1883 3071 eodem
1898 3040 2005 3080 Regno
2021 3039 2141 3071 exulatus
2153 3038 2246 3069 fuisset
2260 3038 2293 3068 ὃς
2304 3046 2351 3068 ex·
2369 3048 2427 3072 pat.
2441 3053 2449 3070 ι
2455 3051 2485 3077 5,

1289 3082 1442 3112 haeredatus
2368 3086 2399 3109 Ε.
2422 3090 2450 3110 2.

1327 3120 1372 3150 Ac
1388 3103 1465 3149 iderr’x
1483 3117 1575 3158 Hugo
1590 3116 1795 3158 postmodum,
1813 3127 1864 3156 pei·
1882 3117 2053 3147 Petitionem
2066 3116 2142 3146 suam
2154 3138 2162 3152 ‚
2181 3114 2264 3145 nobis
2280 3123 2348 3152 por·
2368 3127 2393 3157 p,
2417 3128 2441 3145 ι.

1291 3159 1397 3189 re&am
1412 3181 1422 3196 ‚
1438 3158 1520 3187 nobis
1541 3156 1696 3196 suggesserit
1710 3180 1719 3194 ,
1739 3157 1815 3195 quod
1835 3158 1864 3186 in
1879 3155 2097 3186 consideratione
2112 3153 2247 3191 praedio&
2261 3153 2352 3192 plures
2370 3168 2407 3186 m,
2426 3167 2457 3194 4,

1290 3207 1395 3227 errores
1415 3197 1627 3226 intervenerunt
1643 3218 1653 3234 ,
1671 3205 1796 3233 quorum
1818 3203 1954 3233 praerexru
1968 3194 2042 3224 dieta
2055 3192 2249 3223 Comideratio
2270 3201 2354 3222 revo-

1291 3237 1348 3267 cari
1362 3236 1394 3266 ὃ(
1409 3234 1546 3265 adnullari
1558 3234 1594 3264 de
1606 3236 1663 3271 iure
1678 3234 1777 3271 debet,
2329 3268 2335 3273 .

1330 3274 1369 3305 Et
1389 3274 1472 3304 nobis
1487 3283 1558 3303 cum
1570 3272 1699 3302 instantia
1719 3271 1911 3310 supplicaverit
1927 3293 1936 3308 ,
1954 3278 1985 3300 ut
2001 3269 2050 3300 fibi
2063 3270 2091 3300 in
2109 3270 2161 3300 hac
2174 3277 2252 3307 parte
2261 3267 2351 3306 Justi-

1291 3314 1362 3343 tiam
1383 3312 1533 3350 faciamus,
1552 3320 1635 3350 prout
1655 3311 1688 3341 ad
1710 3311 1768 3341 hoc
1783 3318 1912 3340 tenemur
1932 3309 2049 3339 vinculo
2064 3308 2246 3348 juramenti,
2266 3307 2285 3326 *²
2304 3316 2354 3344 per
2373 3306 2392 3326 ³*
2413 3306 2469 3334 111.

1292 3352 1365 3420 leI
1377 3351 1491 3389 praestiti
1501 3359 1630 3390 tempore
1645 3348 1846 3380 coronationis
1855 3347 1976 3386 nostrae,
2372 3344 2439 3382 908.

1368 3399 1399 3419 os

1331 3428 1378 3459 Ad
1393 3412 1503 3458 dictum
1514 3426 1712 3466 Juramentum
1725 3424 1871 3464 nostrum,
1890 3434 2002 3455 necnon
2017 3423 2051 3454 ad
2064 3431 2192 3466 tenorem
2213 3419 2358 3453 MAGNAE

1296 3475 1419 3498 CARTAE
1439 3475 1480 3498 DE
1501 3473 1751 3496 LIBERTATIBUS
1773 3472 1915 3494 ANGLIAE
1937 3465 1947 3501 (
1959 3472 2023 3501 quae
2035 3461 2166 3491 sententia
2179 3459 2360 3491 Excornmu·

1297 3506 1446 3536 nicationis
1457 3504 1642 3535 confirmatur
1651 3526 1661 3542 ,
1678 3504 1710 3534 δε
1725 3504 1754 3532 in
1765 3502 1819 3553 qua
1831 3503 1990 3532 continetur
2006 3499 2082 3539 quod
2095 3498 2180 3529 Nulli
2194 3499 2362 3543 negabimus

1297 3553 1343 3575 aut
1366 3543 1526 3574 differemus
1547 3542 1675 3573 Rectum
1698 3549 1744 3571 aut
1763 3541 1902 3580 justitiam
1917 3541 1990 3577 >nec
2004 3548 2064 3568 nori
2084 3538 2119 3568 ad
2140 3536 2361 3576 Ordinationes,

1297 3592 1385 3620 nuper
1404 3592 1453 3620 per
1474 3581 1606 3612 Praelatos
1620 3581 1653 3611 &
1666 3579 1801 3610 Proceres
1822 3579 1891 3608 dieti
1905 3577 1998 3616 Regni
2014 3575 2115 3614 factas,
2130 3576 2164 3606 &
2177 3586 2228 3616 per
2241 3586 2293 3606 nos
2309 3586 2360 3617 ap-

1298 3622 1429 3660 probatas
1443 3644 1452 3660 ‚
1474 3630 1508 3651 ac
1528 3620 1564 3650 de
1584 3620 1726 3649 voluntate
1744 3618 1778 3648 &
1803 3616 1935 3646 mandato
1956 3613 2055 3645 nostro
2072 3615 2168 3652 juratas
2191 3615 2239 3652 (in
2258 3614 2361 3653 quibus

1300 3661 1385 3690 etiam
1398 3660 1558 3690 continetur
1571 3658 1648 3697 quod
1662 3657 1736 3686 dieta
1749 3655 1786 3685 M
1795 3665 1814 3684 A
1824 3664 1846 3685 G
1856 3662 1878 3684 N
1888 3664 1908 3684 A
1927 3663 1944 3684 c
1953 3663 1972 3683 A
1980 3662 2003 3683 R
2012 3661 2035 3682 T
2043 3663 2062 3683 A
2080 3654 2109 3683 in
2123 3653 2235 3691 singulis
2247 3652 2298 3684 suis
2307 3653 2362 3684 Ar-

1300 3699 1391 3730 ticulis
1405 3705 1531 3728 teneatur
1544 3697 1577 3727 &
1588 3694 1766 3730 observetur)
1787 3693 1909 3723 debitam
1920 3690 2172 3722 considerationem
2185 3692 2338 3731 habentes,

1338 3736 1463 3767 Dictum
1476 3735 1636 3773 Hugonem
1651 3734 1660 3771 (
1672 3734 1719 3770 qui
1733 3733 1760 3762 se
1774 3731 1892 3762 reddidit
1907 3730 2033 3760 Prisonae
2047 3729 2167 3768 nostrae,
2181 3730 2326 3769 Justitiam
2335 3731 2365 3760 in

1301 3775 1448 3814 praemissis
1471 3774 1699 3812 prosecuturum,
1717 3771 1750 3801 &
1765 3780 1850 3808 quem
1864 3771 1893 3799 iri
1906 3768 2045 3800 Custodia
2059 3768 2134 3800 certa
2151 3769 2365 3806 commisimus,

1303 3814 1447 3852 quousque
1465 3813 1542 3849 super
1563 3809 1703 3840 Petitione
1724 3808 1770 3839 sua
1783 3807 1917 3846 praediffl.
1933 3807 1991 3838 fieri
2006 3807 2151 3838 fecerimus
2167 3807 2243 3846 quod
2258 3808 2294 3838 de
2308 3808 2367 3845 jure

1302 3853 1365 3882 fore
1378 3851 1529 3882 viderimus
1544 3847 1704 3879 faciendum
1719 3847 1729 3884 )
1746 3848 1911 3886 suscepimus
1924 3847 1953 3876 in
1971 3845 2074 3876 salvum
2090 3847 2124 3877 ὃ(
2139 3845 2269 3877 securum
2284 3845 2367 3877 Cori-

1303 3890 1423 3921 ductum
1438 3888 1585 3925 nostrum,
1604 3896 1718 3916 necnon
1737 3885 1946 3916 Proteetionem
1961 3883 2086 3915 nostram
2096 3885 2261 3926 specialem:

1343 3927 1380 3957 Et
1396 3927 1461 3958 ideo
1482 3927 1563 3956 vobis
1582 3925 1715 3955 omnibus
1734 3924 1767 3954 &
1787 3923 1898 3963 singulis
1918 3922 2107 3962 Mandamus,
2126 3923 2177 3954 sub
2189 3919 2365 3954 forisfatsturfi

1306 3966 1439 3997 omnium
1453 3975 1519 4002 quae
1532 3964 1616 3994 nobis
1627 3962 1787 3994 forisfacere
1800 3963 1940 4002 poteritis,
1959 3961 2074 3993 firmiter
2088 3958 2366 4002 injungentes‚quod

1307 4007 1427 4043 praesato
1447 4003 1587 4043 Hugoni,
1605 4001 1764 4046 inneundO,
1783 4002 1817 4032 &
1833 4000 1971 4032 morando
1982 4007 2031 4038 per·
2046 4000 2184 4041 Regnum
2196 4002 2230 4032 &
2248 3996 2369 4038 potesta-

1379 2886 1410 2918 X
1428 2887 1563 2918 omnibus
1576 2885 1686 2916 Ballivis
1698 2886 1732 2917 ὃς
1747 2886 1885 2917 Fidelibus
1898 2885 1950 2916 suis
1964 2908 1974 2925 ,
1989 2885 2023 2916 ad
2038 2894 2126 2926 quos,
2145 2885 2207 2916 &c.
2221 2883 2347 2915 salutern.
2368 2887 2499 2920 Ann‚D.

1397 2926 1496 2957 Sciatis
1509 2924 1586 2965 quod
1595 2947 1604 2962 ,
2391 2935 2478 2968 1321.

197 4033 231 4065 &
245 4035 408 4069 testitudine
418 4061 429 4078 ,
446 4041 672 4081 mansuetudine,
689 4042 723 4073 &
737 4042 866 4081 lenitate,
883 4042 942 4074 tam
956 4041 1024 4073 dieti
1037 4042 1134 4084 Regni
1154 4044 1262 4084 Nego·
1308 4051 1367 4075 tem
1387 4041 1514 4074 nostram
1529 4064 1540 4080 ,
1557 4050 1617 4072 non
1640 4041 1761 4072 inferatis
1775 4063 1784 4077 ‚
1803 4039 1867 4085 seu,
1887 4048 2023 4079 quantum
2041 4041 2073 4071 in
2088 4040 2170 4072 vobis
2185 4037 2242 4075 est,
2259 4037 2294 4079 ab
2312 4034 2372 4079 aliis⁴

2279 4072 2375 4104 infern

1754 4078 1822 4119 D3
