2562 4279
741 153 852 193 ET
936 151 1202 194 ACTA

27 229 155 261 Arm-D·
171 244 245 267 ratos
265 247 317 268 nos
341 236 449 276 semper
470 238 620 270 offerentes
646 238 726 269 Pacis
752 238 879 269 assentire
898 237 1079 268 TraCtatibus
1093 259 1103 274 ,
1127 236 1145 266 si
1161 258 1170 273 ‚
1198 236 1232 266 &

51 277 133 307 1324·
171 275 285 313 quando
304 276 380 307 idem
404 277 467 307 Rex
489 278 522 308 ad
544 278 618 316 hoc,
636 277 737 309 vcstrae
752 278 911 307 interventu
929 275 1133 312 Providentiae,
1153 275 1232 304 suum
1284 275 1294 277 '⁷

27 312 94 335 Ην·
115 316 142 334 ²·
172 315 302 344 animum
317 315 434 345 voluerit
448 317 589 346 inclinare.

209 353 380 391 Qiaesumus
394 355 495 392 igitur,
513 355 558 392 pie
572 353 671 391 Pater,
690 362 737 392 ut,
752 352 848 383 vestris
864 353 1010 382 obtutibus
1026 375 1035 389 ,
1054 361 1113 381 non
1125 350 1234 389 judice-

173 399 218 421 tur
240 391 371 422 indecens
386 401 432 423 aut
454 393 601 423 absurdum
616 415 625 430 ,
642 392 661 421 si
677 393 734 422 tam
756 392 919 429 conjunctae
933 391 1075 427 personae,
1092 389 1235 419 Patrimo-

172 430 255 460 nium
272 429 402 461 nostrum
416 428 572 461 Armorum
586 429 711 468 potentia
723 430 855 460 invadere
868 428 1013 467 satagenti,
1033 426 1233 458 Resistentiam

170 467 305 499 faciamus
321 478 327 498 :
350 479 404 499 nec
424 478 566 508 pareamus
587 470 638 498 hiis
652 491 662 506 ,
681 479 744 506 quae
765 477 814 507 per
829 467 936 505 ipsum,
955 467 1037 496 nobis
1053 466 1161 503 insciis,
1180 475 1234 495 nec

28 509 158 545 *IV-,⁷6-
171 515 278 544 partem
293 507 473 546 facientibus,
491 510 509 525 ⁸
528 508 557 537 in
573 506 664 537 nostri
677 507 887 544 praejudicium,
903 514 963 534 non
983 513 1041 535 tam
1053 505 1235 542 judicialiter,

171 547 255 584 quam
268 546 429 584 evidenter,
447 546 542 584 inique
556 545 658 576 fuerint
673 544 806 574 ordinata.

211 584 282 616 Nec
301 584 432 624 possunt,
448 593 494 615 aut
508 584 629 621 debent,
648 580 730 613 Pater
741 581 861 619 Sancte,
878 581 996 612 minima
1018 581 1154 619 reputari,
1170 590 1234 618 quae

175 623 304 660 praefatus
320 623 384 653 Rex
398 623 500 661 exigit,
518 623 551 653 &
565 632 580 651 a
594 621 675 651 nobis
688 620 793 651 auferre
813 628 951 657 conatur,
967 619 1113 658 videlicet,
1132 622 1235 649 imme-

175 661 277 691 diatam
296 660 527 699 jurisdictionem
550 659 619 690 dicti
640 658 697 688 loci
726 658 820 689 Sancti
839 657 996 689 Sacerdotis
1010 683 1019 697 ,
1046 659 1094 696 qui
1113 657 1188 697 quasi
1205 658 1234 687 in

177 699 275 730 medio
288 700 386 729 Terrae
401 699 505 729 nostrae
519 697 631 734 Agenni
648 719 657 734 ,
672 697 701 726 in
716 697 796 727 diisto
813 695 929 728 Ducatu
944 697 1059 736 nostro,
1076 696 1181 727 existit:
1201 697 1235 726 &

174 739 204 768 in
219 747 279 775 quo
293 736 463 775 Resortum,
480 736 680 773 Cavalcatum‚
698 735 730 765 &
745 744 865 766 omnem
879 735 1107 776 Superioritatem
1118 745 1187 772 nos,
1200 734 1235 765 &

175 776 375 815 Progenitores
389 774 475 806 nostri
488 774 634 804 habuimus
643 797 653 810 ,
668 773 701 804 &
715 775 908 804 excercuimus
921 776 986 804 totis
1006 774 1180 815 temporibus
1193 783 1236 802 re-

174 815 289 846 troaCtis
304 824 310 844 ;
328 814 515 850 Castrumque
535 812 572 841 de
593 811 700 842 Monte
714 811 828 850 Pesato,
847 812 926 850 qnod
942 814 967 843 ei
982 813 1079 852 simul,
1096 822 1164 844 cum
1179 811 1237 842 Bo-

174 854 216 883 nis
236 853 360 883 Domini
378 850 498 889 ejusdem
519 849 614 880 Castri
632 872 641 888 ‚
667 860 781 881 necnon
803 850 880 881 Bona
909 852 1096 890 quorumdam
1115 851 1237 882 aliorum

177 890 364 922 Subditorum
378 888 555 925 nostrorum,
576 890 605 918 in
617 889 698 919 dieto
716 888 818 920 Aresto
833 889 932 920 Curiae
948 890 1002 920 suae
1014 898 1235 926 contentorum,

175 930 324 960 confiscata
338 926 502 968 praetendit,
522 928 591 958 cum
603 927 638 957 ad
653 937 706 958 nos
719 927 878 966 hujusmodi
892 927 1085 967 Confiscatio,
1102 928 1138 958 de
1153 927 1238 958 Bonis

175 968 359 999 Subditorum
378 965 542 995 nostrorum
558 989 568 1004 ,
584 967 733 1005 pertineat,
752 968 782 997 in
796 967 858 998 casu
873 968 956 997 etiam
966 990 975 1006 ,
992 977 1051 1008 quo
1071 966 1106 998 ad
1118 966 1238 998 Curiam

175 1008 251 1038 suam
259 1028 269 1045 ,
284 1011 398 1043 propter
412 1003 459 1042 Ap
480 1004 639 1034 ellationem
651 1006 858 1044 interpositam,
873 1005 1021 1044 Judicium
1035 1007 1194 1044 pertineret.

214 1045 252 1075 Et
265 1041 426 1074 timendum
438 1052 454 1073 e
492 1043 674 1074 verisimiliter
687 1043 766 1083 quod
783 1067 792 1082 ,
811 1045 830 1075 si
844 1053 982 1082 pareretur
996 1046 1089 1075 eidem
1103 1044 1194 1084 Regi,
1209 1043 1238 1073 in

176 1080 319 1124 praemiffis
332 1105 342 1119 ,
361 1081 492 1119 processu
514 1083 650 1119 temporis
666 1104 676 1121 ,
691 1090 751 1112 tota
772 1084 800 1112 in
823 1083 926 1113 eodem
949 1083 1064 1114 Ducatu
1078 1083 1172 1114 nostra
1189 1083 1238 1112 ab-

176 1122 266 1158 sorpta
285 1120 338 1150 erit
356 1120 521 1158 jurisdictio
535 1143 545 1158 ,
563 1121 598 1151 ὃς
616 1119 821 1151 Patrimonium
843 1121 975 1151 nostrum
995 1121 1030 1152 ad
1045 1122 1126 1159 ipsius
1141 1130 1238 1151 manus

176 1159 320 1191 deveniret
339 1159 492 1198 paulatim,
509 1160 662 1197 praesertim
680 1159 751 1191 cum
770 1160 847 1190 idem
862 1159 927 1189 Rex
940 1161 1053 1199 publice
1066 1160 1151 1190 fuerit
1166 1159 1238 1189 Pro-

176 1197 287 1229 testatus
303 1220 312 1235 ,
333 1198 359 1227 se
380 1197 452 1227 velle
473 1198 628 1235 procedere
640 1219 651 1236 ,
669 1206 769 1228 contra
788 1199 940 1229 nonnullos
960 1198 1082 1228 Baroiies
1094 1221 1104 1236 ,
1123 1199 1156 1229 &
1171 1198 1239 1228 alios

177 1235 310 1267 Vassallos
331 1234 441 1266 nostros
455 1259 465 1272 ,
484 1245 620 1275 praetextu
644 1236 821 1267 Resistentiae
837 1259 846 1275 ,
866 1236 1005 1266 Ministris
1026 1237 1076 1267 suis
1091 1237 1191 1275 facitae,
1209 1237 1239 1265 in

175 1274 338 1306 detentione
353 1273 423 1304 dicti
437 1274 530 1306 Castri
566 1283 665 1306 contra
683 1274 781 1305 Aresta
801 1275 845 1305 sua
856 1275 1030 1314 supradicta,
1048 1276 1081 1306 ὃς
1096 1277 1150 1313 sic,
1169 1285 1240 1313 quos

175 1313 277 1352 vellet,
296 1312 332 1343 de
348 1311 472 1344 Subditis
486 1298 604 1352 nostris,
622 1313 654 1344 ea
665 1313 814 1344 occasione
827 1313 916 1353 posset
931 1314 981 1344 suis
996 1313 1240 1344 Proceffibusim-

175 1352 296 1393 plicare,
315 1353 348 1384 δε
363 1353 485 1399 ipsorum
500 1351 598 1382 Castra
613 1352 646 1382 &
662 1351 742 1382 Bona
762 1354 771 1385 (
799 1362 842 1382 uae
855 1352 888 1383 ad
903 1362 962 1382 non
976 1353 1120 1383 modicam
1135 1362 1240 1390 partem

179 1391 251 1421 dicti
273 1391 406 1421 Ducatus
423 1390 512 1421 nostri
533 1391 560 1422 se
582 1390 756 1427 exrendunt)
773 1362 822 1422 {5310
844 1391 995 1432 applicaret
1010 1390 1171 1430 Dominio,
1188 1400 1241 1429 pro

175 1430 258 1461 libito
273 1430 431 1460 voluntatis.

216 1468 341 1500 Scientes
354 1467 434 1507 quod
454 1466 559 1500 Littera
573 1467 668 1499 nostra
683 1467 719 1499 de
733 1467 902 1507 Credentia,
917 1479 981 1508 quae
1003 1468 1108 1507 effuse,
1127 1476 1156 1498 ut
1170 1477 1242 1506 prae-

179 1506 320 1545 tenditur,
339 1505 399 1537 data
421 1506 510 1537 fuerat
530 1508 610 1538 dicto
632 1507 722 1538 Fratri
733 1506 832 1537 nostro
845 1517 893 1545 per
908 1507 1106 1545 Indenturam,
1123 1506 1188 1537 inde
1202 1506 1242 1535 fa-

180 1546 257 1576 &am
271 1568 281 1584 ,
299 1545 416 1577 limitata
438 1546 550 1584 extitit,
568 1546 601 1576 &
623 1545 743 1584 potestas
763 1546 825 1577 talia
837 1546 961 1576 faciendi
975 1546 1098 1583 expresse
1112 1545 1243 1583 adempta

180 1584 288 1615 eidem:
308 1584 360 1622 δε,
379 1584 449 1615 sicut
461 1584 523 1614 alias
535 1585 618 1615 vobis
634 1584 804 1624 scripfimus,
823 1585 961 1615 consensit
976 1582 1123 1624 praemiffis
1136 1584 1243 1620 leviter,

179 1631 233 1661 pro
254 1622 352 1661 majori
371 1623 498 1662 periculo
521 1622 677 1661 evitando,
696 1633 750 1654 nec
772 1622 866 1662 potest
880 1623 945 1653 sano
960 1623 1075 1662 concipi
1095 1621 1241 1652 intellectu

179 1661 278 1700 quod,
296 1663 397 1692 virtute
411 1661 469 1691 talis
482 1660 661 1700 Credentiae,
680 1671 727 1700 ea,
744 1672 808 1700 quae
829 1662 857 1691 in
877 1661 964 1691 nostri
979 1660 1242 1691 Exhaeredationem

179 1699 311 1731 cederent
325 1723 335 1739 ,
357 1698 448 1739 posset
463 1699 613 1739 aliqualiter
631 1699 771 1731 affirmare
786 1722 796 1738 ,
811 1699 856 1730 vel
878 1709 930 1730 nos
943 1699 1158 1739 quomodolibet
1170 1698 1244 1729 obli-

198 1749 250 1770 are.

178 1748 197 1779 g
217 1776 323 1808 Adhuc
341 1782 433 1807 autern
448 1798 458 1814 ,
476 1776 549 1807 moti
570 1786 604 1806 cx
624 1777 787 1808 recitatione
807 1776 969 1807 vestrorum
991 1778 1129 1809 affatuum
1145 1777 1245 1818 praedi-

179 1817 295 1848 &orum
308 1838 319 1854 ,
340 1816 480 1846 mittimus
500 1825 593 1852 nunc,
613 1815 648 1845 de
670 1826 749 1846 novo
763 1839 772 1854 ,
792 1815 825 1845 ad
841 1815 931 1853 ipsum
950 1816 1080 1857 Regem,
1097 1818 1246 1854 praefatum

180 1855 347 1885 Dominum
361 1853 397 1884 de
416 1853 556 1891 Sulliaco,
577 1853 693 1884 fidelem
709 1856 742 1886 ὃς
763 1855 866 1892 ligium
878 1855 976 1892 suurn,
995 1855 1030 1886 ad
1046 1855 1246 1893 requirendum

181 1894 290 1931 ipsum,
308 1892 327 1921 si
341 1892 431 1922 forsan
445 1892 587 1922 amicabili
601 1891 749 1925 Tractatui
766 1917 776 1933 ,
796 1903 848 1933 pio
862 1894 996 1924 evitandis
1016 1895 1097 1925 tantis
1110 1894 1248 1933 periculis,

179 1931 302 1962 voluerit
317 1930 464 1968 assentire,

217 1969 327 1999 Vestra:
342 1968 554 1999 Mansuetudini
569 1969 636 2000 totis
649 1969 798 2000 affeffibus
813 1968 996 2010 supplicantes
1009 1995 1019 2010 ,
1037 1970 1165 2011 quatinus
1177 1980 1248 2000 eun-

179 2009 246 2040 dem
262 2008 373 2047 Regem
390 2008 424 2037 ad
438 2007 484 2044 id,
504 2007 623 2038 Paterna
637 2007 830 2048 solicitudine,
849 2009 940 2040 velitis
954 2010 1088 2040 inducere
1105 2009 1198 2041 modis
1213 2011 1246 2040 δε

177 2048 232 2116 *giis
245 2070 253 2084 ,
271 2049 370 2085 quibus
391 2045 544 2076 consultius
559 2045 648 2090 vestra
663 2046 814 2078 Prudentia
828 2047 857 2078 id
878 2049 940 2079 fore
957 2048 1127 2088 prospexerit
1143 2047 1248 2079 facien-

202 2095 261 2115 um.

222 2123 290 2154 Nos
309 2123 386 2152 enim
402 2124 486 2160 parati
500 2123 608 2160 sumuS,
625 2123 759 2166 quatenus
771 2146 781 2162 ,
798 2124 899 2163 absque
921 2125 1161 2156 Exhaeredationis
1174 2126 1248 2163 inJ'u-

183 2160 241 2198 rifi,
259 2161 429 2200 poterimus,
444 2161 521 2198 juxta
536 2161 743 2200 dispositionem
758 2163 894 2202 vestram,
914 2166 989 2203 pacis
1004 2164 1162 2195 consentire
1176 2165 1249 2195 Tra-

183 2201 321 2237 cratibus,
339 2199 371 2228 &
388 2198 563 2230 Guerrarum
578 2199 738 2231 discrimina
752 2200 899 2232 declinare.

219 2237 396 2275 Conservet,
415 2238 476 2267 Sec.

222 2276 291 2307 Dat.
303 2274 377 2315 apud
395 2274 522 2305 Durford
532 2298 541 2314 ,
559 2275 695 2307 vicesimo
708 2277 813 2309 octavo
823 2278 869 2309 die
878 2278 956 2318 Julii.

1287 150 1760 193 PUBLICA,
2248 164 2325 207 107

2346 233 2424 266 Ann.
2439 232 2481 268 D.

2372 283 2457 314 1324„

2347 314 2416 341 Edv.
2437 323 2463 340 a.

1482 322 1673 354 Innovantar
1689 325 1807 356 Litterae
1820 335 1875 370 pro
1895 326 2013 358 Nuntio
2032 327 2122 372 Papae.

1277 406 1333 460 R
1346 402 1566 472 {fflommbus
1584 404 1694 437 Ballivis
1719 410 1752 439 ὃς
1773 408 1912 441 Fidelibus
1931 409 1983 441 suis
1999 434 2008 449 ‚
2025 410 2059 441 ad
2072 421 2158 450 quos,
2177 411 2237 443 &c.
2255 410 2335 443 Salu-
2350 419 2467 484 5218.

1309 479 1390 524 Cum
1404 503 1412 517 ,
1431 480 1625 524 Sanctiffimus
1644 483 1725 513 Pater
1740 507 1749 521 ,
1768 484 1912 517 Dominus
1923 487 2065 524 Johannes
2110 488 2217 519 Divina
2229 489 2331 520 Provia
2349 499 2407 523 Par.
2424 495 2465 523 ιὸ,

1273 516 1383 560 denna,
1405 518 1480 557 Papa
1494 519 1651 550 Vicesimus
1663 522 1814 561 secundus,
1831 524 1964 555 dileCmm
1978 528 2059 557 nobis
2075 511 2103 557 i’n
2120 527 2238 558 Christo
2263 527 2331 558 Ma·
2352 538 2380 561 Ε.
2402 543 2428 562 2.

1273 556 1393 594 gistrum
1406 557 1564 600 Hugonem
1578 558 1613 601 de
1628 558 1794 603 Ingolisma,
1813 561 1962 606 Sacristam
1977 564 2109 595 Ecclesiae
2122 551 2334 604 Narbon'ensis‚
2349 579 2375 610 p.
2399 582 2422 598 1.

1273 595 1551 668 gceitpafitaeszglngie,
1565 595 1733 663 fflbermae'
1752 600 1784 628 ὃς
1800 599 1933 639 Walliae,
1947 610 2079 642 tanquam
2096 604 2249 635 Nuncium
2263 605 2333 643 ejus-
2353 620 2389 639 m.
2409 609 2455 646 28,

1394 644 1413 674 p
1428 675 1431 679 ¹
1446 656 1456 672 ,
1546 642 1563 672 p
1612 634 1717 674 tficpra
1729 637 1760 666 de
1775 640 1816 666 A.
1836 647 1879 675 17.
1896 639 1933 674 (φ
1950 643 2021 671 Dat.
2040 642 2087 672 28.
2103 646 2171 673 Dec.
2183 645 2263 684 usque
2276 643 2333 674 haec

1276 672 1379 707 verba3
1399 683 1462 702 viz.

1314 710 1404 740 Teste
1419 710 1501 749 Rege
1513 708 1587 748 apud
1602 710 1765 743 Guldeford
1774 735 1784 751 ,
1801 715 1884 745 tertio
1897 715 1942 746 die
1958 715 2083 756 Augusti.

1949 793 2003 822 Per
2021 793 2101 833 ipficm
2118 798 2221 834 Regem.

1338 915 1388 946 De
1408 910 1545 956 Custodia
1563 898 1709 947 Poi‘tuum
1720 941 1730 957 ,
1756 917 1793 953 (ᾗ
1814 911 1850 948 de
1866 915 2007 961 potestate
2026 919 2182 964 recipiendi
2201 924 2258 955 Sa-

1731 974 1895 998 cramcnta.

1281 1046 1337 1101 R
1347 1046 1372 1077 E
1382 1046 1597 1086 X,Venerabiii
1609 1048 1638 1078 iri
1654 1047 1773 1078 Christo
1789 1047 1883 1087 Patri,
1898 1049 1951 1080 W.
1965 1050 2066 1082 eadem
2080 1052 2336 1094 gratia,Archiepi-
2357 1053 2434 1084 Ann.
2448 1052 2491 1084 Di·

1357 1084 1444 1124 scopo
1459 1085 1666 1125 Cantuariensi,
1683 1088 1769 1117 totius
1784 1086 1897 1126 Angliae
1909 1087 2043 1128 Primati,
2058 1090 2192 1122 Salutem.
2383 1101 2468 1132 1324.

1316 1121 1396 1154 Cum
1410 1124 1649 1163 assignaverimus,
1664 1124 1784 1155 dilectos
1797 1125 1830 1155 ὃς
1844 1125 1937 1156 fideles
1951 1127 2063 1158 nostros
2077 1153 2086 1167 ,
2106 1129 2198 1161 Radul
2221 1131 2291 1162 hum
2303 1133 2338 1163 de
2358 1135 2410 1161 An.
2429 1133 2473 1160 ¹8·

1279 1159 1422 1201 Camoys,
1439 1164 1472 1193 &
1486 1163 1649 1193 Robertum
1665 1163 1702 1193 de
1718 1163 1847 1194 Kendale
1859 1187 1869 1202 ,
1886 1164 2134 1198 Constabularium
2147 1169 2190 1200 Ca
2217 1171 2239 1200 ri
2250 1171 2339 1202 nostri
2360 1174 2391 1198 E·
2415 1180 2442 1197 2-

1279 1199 1435 1232 Dovorriae
1448 1224 1458 1240 ,
1477 1201 1510 1232 ad
1529 1200 1697 1232 Custodiam
1714 1200 1853 1232 Portuum
1870 1203 1903 1233 &
1924 1203 2068 1235 Littorum
2082 1206 2185 1247 Maris,
2202 1220 2235 1240 ac
2256 1211 2340 1241 totius
2358 1208 2477 1244 Vasc.18.

1279 1237 1380 1270 Terrae
1402 1239 1558 1270 Maritimae
1574 1263 1584 1278 ,
1603 1241 1633 1270 in
1648 1239 1840 1271 Comitatibus
1862 1240 1991 1280 Kantiae,
2010 1243 2127 1283 Surriae,
2145 1247 2177 1276 &
2191 1247 2340 1286 Susiexiae,
2360 1251 2392 1274 Ε.
2410 1256 2437 1274 2.

1280 1286 1365 1320 prout
1378 1279 1409 1308 in
1425 1278 1525 1309 Literis
1538 1278 1638 1309 nostris
1650 1277 1829 1317 Parentibus,
1843 1280 1883 1310 eis
1895 1280 1962 1311 inde
1974 1281 2112 1316 confectis
2124 1306 2134 1322 ,
2150 1285 2256 1322 plenius
2269 1297 2342 1318 con-
2362 1296 2398 1315 m.
2408 1294 2453 1321 29·
2466 1285 2495 1321 d,

1281 1324 1398 1346 tinetur:

1320 1354 1462 1386 Dedimus
1483 1356 1564 1386 vobis
1579 1354 1752 1387 Potestatem
1765 1357 1919 1394 recipiendi
1928 1358 2112 1390 Sacramenta
2130 1361 2329 1398 praedictorum

1281 1393 1426 1431 Raduiphi
1440 1395 1473 1425 δι
1488 1394 1629 1432 Roberti,
1647 1394 1683 1424 de
1698 1394 1838 1426 Custodia
1852 1396 1988 1434 praedicta
2001 1398 2117 1429 fidenter
2129 1395 2305 1431 facien&
2335 1388 2346 1404 ²

1320 1432 1357 1462 Et
1377 1433 1444 1462 ideo
1461 1434 1541 1462 vobis
1553 1432 1719 1464 mandamus
1734 1433 1832 1471 quOd,
1852 1437 1970 1473 receptis
1983 1435 2170 1468 Sacramentis
2190 1440 2347 1480 praediffls,

1283 1481 1335 1501 nos
1349 1471 1415 1503 inde
1429 1494 1439 1510 ,
1454 1471 1503 1502 sub
1524 1471 1625 1510 Sigillis
1639 1471 1734 1503 vestris
1747 1495 1757 1511 ,
1774 1472 1953 1513 certificetis,
1973 1474 2030 1506 hoc
2047 1475 2136 1507 Breve
2147 1480 2230 1509 nobis
2248 1481 2348 1512 remit-

1281 1517 1379 1540 tentes.

1322 1547 1526 1578 Mandavimus
1539 1548 1616 1576 enim
1632 1548 1772 1585 praedietis
1784 1573 1793 1587 ,
1812 1549 1967 1590 Radulpho
1983 1552 2016 1583 ὅτ.
2031 1551 2165 1585 Roberto
2180 1578 2190 1594 ,
2213 1555 2295 1595 quod
2313 1557 2348 1588 ad

1283 1596 1335 1617 vos
1347 1586 1500 1625 accedant,
1518 1586 1696 1616 Sacramenta
1709 1588 1842 1626 praedicta
1853 1590 2009 1627 praestituri.

1322 1624 1411 1655 Teste
1426 1623 1508 1664 Rege
1522 1624 1597 1664 apud
1611 1623 1774 1656 Guldeford
1783 1649 1792 1665 ,
1812 1637 1911 1666 quarto
1927 1629 1973 1659 die
1987 1628 2118 1668 Augusti.

1285 1701 1398 1746 Eodem
1418 1702 1510 1734 modo
1528 1703 1655 1737 scribitur
1672 1705 1819 1746 Episcopis
1834 1704 1993 1744 subscr1ptis
2008 1730 2017 1745 ,
2037 1707 2073 1738 de
2087 1708 2271 1740 Sacramentis
2285 1710 2350 1741 sub-'

1321 1741 1488 1780 scriptorum
1503 1744 1553 1777 (ad
1569 1744 1736 1776 Custodiam
1751 1744 1906 1784 Portuum,
1924 1745 1986 1775 &c.
1998 1746 2028 1776 in
2042 1745 2231 1779 Comitatibus
2248 1748 2312 1780 sub-

1463 1781 1569 1820 scriptis
1588 1784 1805 1824 affignatorum)
1824 1783 2005 1824 recipiendis,
2022 1784 2169 1825 videlicet,
2185 1788 2188 1790 '

1285 1859 1323 1898 J.
1340 1857 1462 1897 Episcopo
1486 1861 1666 1902 lsVyntonienfi
1684 1861 1717 1892 de
1736 1864 1919 1892 Sacramentis
1933 1884 1943 1899 ,
1962 1860 2024 1896 &a
2045 1861 2187 1900 Johanm‘s
2206 1863 2238 1893 de
2252 1865 2352 1894 Sanft'a

1324 1896 1457 1935 Johanne
1471 1922 1480 1936 ,
1505 1897 1543 1933 &⁴
1561 1899 1704 1937 Johannis
1721 1901 1752 1930 de
1773 1903 1865 1930 Scures
1879 1923 1888 1938 ,
1907 1903 1936 1929 in
1955 1903 2093 1930 comitatu
2113 1901 2326 1941 Suthamptoniae
2340 1914 2350 1932 .·

1324 1935 1465 2004 Zogannis
1477 1938 1508 1967 de
1523 1937 1615 1977 Infida
1629 1939 1660 1969 de
1676 1941 1719 1969 W
1718 1939 1792 1977 ight,
1811 1937 1849 1974 (ἐφ’
1862 1938 2003 1978 Johannis
2020 1939 2052 1969 de
2064 1938 2094 1969 la
2107 1938 2198 1979 Huse,
2214 1944 2245 1971 in
2258 1940 2353 1981 Inficla

1348 1986 1362 2003 e
1391 1985 1423 2005 ιε.

1287 2013 1323 2053 J.
1343 2012 1466 2053 Episcopo
1484 2016 1606 2047 Bathon.
1628 2014 1667 2052 ὀ·
1688 2016 1799 2048 Wllen.
1821 2017 1854 2048 de
1871 2019 2053 2047 Sacramenta
2067 2016 2208 2056 Johannis
2225 2018 2257 2047 de
2276 2017 2353 2048 Bello

1325 2055 1440 2097 Campo,
1459 2053 1496 2089 (ἔγ
1510 2054 1621 2085 Roberti
1635 2054 1659 2084 le
1675 2059 1742 2085 Fitz
1756 2058 1849 2096 Payn,
1866 2058 1896 2086 in
1910 2054 2088 2085 Comitatibus
2103 2055 2215 2094 Somerfi
2224 2054 2354 2094 &Dorfl

1288 2093 1326 2121 L.
1346 2090 1468 2130 Episcopo
1488 2093 1618 2123 Dunolm.
1639 2095 1671 2124 de
1691 2097 1887 2132 Suc-ramentis,
1905 2092 1965 2129 &c.
1985 2097 2095 2124 Comitis
2107 2094 2139 2124 de
2153 2098 2280 2132 Anegos,
2300 2096 2354 2124 Ro-

1324 2133 1382 2198 gZi
1394 2130 1429 2176 'de
1442 2130 1553 2199 Hoste,
1573 2131 1694 2162 Gilberti
1707 2133 1739 2163 de
1756 2134 1900 2171 Burgdon,
1920 2136 1948 2163 in
1963 2135 2102 2162 comitatu
2116 2132 2334 2179 Norfhumbriae.

1289 2167 1684 2254 J-Agffiopffhoggwfflff,
1701 2169 2235 2249 ffziaazzzaeffiaff
2255 2174 2354 2202 ‘'¹⁰⁷¹“

1290 2245 1326 2285 J.
1348 2246 1471 2286 Episcopo
1485 2247 1603 2277 Karliol.
1615 2249 1647 2278 de
1665 2253 1862 2287 Sacramentis,
1880 2248 1940 2284 &c.
1957 2251 2079 2279 Antonii
2090 2249 2121 2278 de
2135 2252 2229 2290 Lucy,
2248 2247 2355 2281 Ranul-

1322 2285 1376 2324 pho
1388 2286 1421 2315 de
1435 2289 1544 2325 Dacre,
1563 2291 1592 2316 in
1604 2286 1786 2322 >Comitatibus
1801 2287 1933 2318 cumbriae
1949 2287 1988 2322 ὀ·
2003 2286 2151 2327 Wstmerl.

1247 2316 1249 2318 ,
1291 2325 1332 2353 H.
1352 2323 1477 2363 Episcopo
1498 2325 1623 2356 Lincoln.
1644 2327 1676 2356 de
1695 2329 1877 2356 Sacramentis
1890 2349 1900 2364 ,
1917 2324 1977 2361 &c.
2000 2328 2112 2356 Henrici
2131 2326 2171 2356 λε’
2183 2328 2358 2366 Beuumont,

227 2421 288 2453 Pro
315 2420 447 2453 Nunciis
468 2418 615 2454 Lodovici
647 2423 771 2453 Comitis
796 2420 945 2456 Flandriae
971 2425 1002 2455 in
1019 2423 1202 2459 Flandriam

643 2468 796 2504 redituris.

37 2570 114 2602 Ann.
131 2569 172 2602 D.

38 2618 146 2677 Αἱῗῖῗ

39 2692 69 2715 Ε.
91 2697 117 2715 2.

37 2729 99 2753 Pat.
113 2725 155 2754 18.

39 2768 70 2791 E.
93 2773 119 2791 2.

36 2808 64 2840 p.
87 2811 112 2829 1.

39 2849 76 2869 m.
93 2849 137 2878 30-

187 2565 317 2624 REX
335 2567 469 2599 omnibus
482 2567 591 2599 Ballivis
605 2568 639 2599 &
655 2568 678 2598 F
680 2568 795 2600 idelibus
813 2568 879 2608 suis,
898 2570 932 2601 ad
947 2579 1035 2611 quOS,
1050 2572 1110 2603 &o
1126 2571 1252 2603 salutem.

275 2644 279 2648 Ι
299 2604 382 2636 Οιῖω
396 2629 406 2644 ,
431 2607 547 2637 durante
567 2605 685 2645 Treuga
706 2609 778 2638 inter
798 2607 912 2639 nostros
927 2631 937 2647 ,
953 2610 988 2640 ὃς
1003 2633 1012 2648 ,
1032 2609 1150 2641 Nobilis
1172 2611 1255 2649 Viri,

147 2670 153 2676 ,
188 2640 311 2673 Domini
333 2643 478 2676 Lodovici
495 2668 505 2684 ,
524 2644 649 2675 Comitis
664 2645 802 2677 Flandriae
822 2646 973 2686 Subditos,
989 2649 1075 2687 usque
1089 2649 1124 2680 ad
1137 2649 1254 2680 Festum

188 2679 303 2712 Paschae
321 2683 455 2721 proximo
477 2683 604 2714 futurum
650 2683 760 2715 discreti
784 2684 871 2725 Viri,
897 2685 1035 2726 Magister
1052 2687 1200 2727 Johannes
1217 2689 1254 2719 de

189 2718 319 2765 Elycorie
336 2742 346 2758 ,
371 2720 543 2753 Gullielmus
565 2722 597 2766 le·
613 2706 698 2765 Deen
715 2747 724 2762 ,
750 2725 784 2755 δε
807 2723 945 2764 Magister
961 2725 1106 2764 Johannes
1130 2726 1232 2757 Burlek
1245 2750 1254 2766 ,

189 2757 305 2801 Nuncii
318 2759 352 2789 ὃς
371 2758 570 2791 Procuratores
589 2763 671 2798 iplius
684 2761 808 2793 Comitis
850 2764 879 2793 in
892 2763 1028 2803 Regnum
1043 2765 1175 2796 nostrum
1190 2764 1254 2795 An—

188 2796 253 2839 gliae
274 2796 447 2843 accessissent
468 2808 520 2835 pro
538 2799 675 2842 Tractatu
691 2823 700 2839 ,
723 2801 802 2840 super
822 2786 1045 2834 Dissensionibus
1058 2827 1069 2843 ,
1088 2805 1160 2835 inter
1182 2803 1253 2842 ipsos

188 2835 257 2865 hinc
273 2835 339 2865 inde
352 2845 454 2874 mons,
471 2837 591 2867 sedandis
609 2837 642 2867 &
657 2839 850 2877 pacificandis,
869 2840 1018 2872 habendo:

189 2872 370 2941 nolsit‘ffirggue
381 2897 391 2911 ,
414 2874 558 2912 Johannes
572 2898 581 2913 ,
607 2875 777 2908 Gullielmus
791 2901 801 2916 ,
823 2879 857 2910 ὅτ.
873 2878 1017 2918 Joliannes
1030 2903 1041 2919 ,
1066 2880 1102 2913 de
1122 2881 1255 2913 Licentia

225 2948 401 2994 Suscepimus
421 2951 451 2980 in
470 2951 577 2982 salvum
596 2953 630 2982 &
649 2953 777 2983 securum
800 2954 990 2988 ConduCtum
1022 2957 1151 2989 nostrum
1167 2982 1177 2996 ,
1199 2968 1253 2989 nec

188 2995 250 3018 non
272 2998 299 3018 in
324 2988 538 3019 protectionem
559 2990 592 3020 &
611 2990 801 3022 defensionem
818 2993 945 3024 nostram
968 2996 1132 3035 specialem,
1153 2997 1254 3035 praedi-

191 3026 270 3070 titos,
287 3026 469 3065 Johannem,
489 3027 693 3066 Gullielmum,
710 3030 743 3060 ὃς
754 3030 934 3070 johannem,
953 3040 987 3064 ac
1001 3043 1102 3065 eorum
1121 3035 1254 3066 Familia-

190 3074 249 3108 res,
263 3075 291 3094 in
308 3065 453 3096 redeundo
468 3066 559 3097 versus
573 3075 662 3105 partes
696 3067 836 3107 raedicstas,
851 3071 884 3100 ὃς
899 3071 1000 3102 exinde
1018 3073 1053 3104 ad
1070 3083 1123 3104 nos
1136 3075 1254 3104 venien-

190 3103 270 3132 dom
286 3103 419 3143 Regnum
436 3104 566 3135 nostrum
581 3077 766 3145 praedieptum‚
785 3107 815 3138 in
830 3109 934 3140 eodem
950 3111 1108 3150 morando,
1127 3113 1160 3144 &
1175 3113 1255 3143 exin-

191 3141 228 3171 de
243 3140 276 3171 ad
293 3144 404 3180 propria
419 3143 576 3174 redeundo:
945 3158 948 3161 ⁴

228 3179 265 3210 Et
286 3180 354 3210 ideo
375 3182 458 3212 vobis
475 3182 658 3221 mandamus,
675 3183 756 3222 quod
779 3184 899 3222 eisdem,
913 3186 1060 3228 Johanni,
1076 3188 1255 3227 Guuielm0‚

348 2914 457 2950 propria
472 2913 523 2943 sint
537 2914 667 2951 redituri,

190 3218 224 3249 &
235 3218 361 3256 Johanni
376 3242 385 3257 ,
403 3229 448 3250 aut
462 3220 641 3252 Hominibus
653 3246 663 3261 ,
681 3223 716 3253 de
734 3233 837 3253 eorum
858 3224 997 3265 Familiis,
1015 3228 1044 3257 in
1057 3228 1203 3259 redeundo
1220 3228 1269 3259 ad·

190 3266 280 3300 partes
301 3258 446 3302 praedictas
462 3282 472 3296 ,
491 3259 524 3290 ὃ(
545 3260 645 3290 exinde
666 3263 696 3291 in
717 3261 853 3301 Regnum
868 3263 1005 3295 ⁴nostrum
1019 3266 1187 3304 praediCmm
1207 3278 1255 3298 ve-

190 3295 298 3340 niendo
312 3319 322 3334 ,
343 3296 609 3341 ibidem‘morando
623 3323 633 3337 ,
649 3300 683 3330 ὃς
704 3300 804 3331 exinde
825 3300 859 3331 ad
878 3305 989 3341 propria
1005 3304 1166 3343 redeundo,
1184 3305 1255 3337 sicut

190 3334 358 3380 praedictum
380 3334 439 3379 est,
456 3345 484 3379 ir.
500 3336 644 3376 Personis,
659 3337 767 3376 Equis,
783 3339 944 3380 Hernefiis,
963 3350 1009 3373 aut
1026 3343 1083 3373 aliis
1103 3346 1118 3361 *⁸
1140 3344 1255 3383 Rebus,

190 3373 234 3403 seu
251 3372 335 3403 Bonis
350 3374 404 3417 suis
415 3374 653 3414 quibuscumque,
671 3386 731 3406 non
743 3377 879 3417 inferatis,
898 3379 961 3417 seu,
979 3390 1115 3420 quantum
1130 3383 1161 3412 in
1175 3384 1257 3414 vobis

176 3411 248 3449 est,
267 3412 302 3441 ab
320 3411 378 3441 aliis
398 3412 491 3455 inferri
513 3415 675 3449 permittatis
689 3413 843 3454 Iniuriam,
860 3416 1041 3459 Molestiam,
1063 3419 1232 3459 Dampnum

190 3448 432 3494 Impedimentum
445 3451 576 3489 aliquod,
593 3454 639 3482 seu
655 3460 821 3491 gravamen3
838 3455 876 3485 set
890 3457 944 3495 eis,
962 3458 996 3488 &
1009 3469 1111 3489 eornm
1125 3446 1257 3491 cuilibet,

190 3488 344 3526 sumptibus
363 3488 414 3519 suis
428 3511 438 3527 ,
464 3489 568 3519 habere
589 3490 692 3520 faciatis
714 3491 819 3522 salvum
843 3494 877 3524 &
903 3494 1030 3527 securum
1053 3485 1256 3529 Conductum²

192 3526 263 3571 cnm
278 3528 406 3596 arb-(ipsis,
428 3527 473 3559 vel
485 3537 588 3558 eorum
601 3528 694 3568 aliquo
706 3529 785 3568 super
797 3531 855 3562 hoc
866 3554 875 3570 ,
894 3541 928 3562 ex
944 3543 1020 3571 parte
1040 3536 1155 3576 nostra,
1172 3523 1257 3569 fueri³

193 3574 229 3596 tis
243 3575 322 3605 requi
334 3575 376 3596 iti.

224 3603 264 3672 tIn
285 3605 364 3643 cujus
379 3627 389 3644 ,
407 3604 469 3635 &c
493 3604 574 3644 usque
597 3605 631 3636 ad
648 3604 765 3637 Festum
781 3607 895 3640 Paschae
909 3612 1043 3648 proximo
1057 3612 1184 3644 futurum
1202 3614 1256 3646 du-

192 3651 223 3672 ra
236 3652 304 3672 uras.

231 3680 373 3712 Volumus
392 3683 477 3712 etiam
495 3681 581 3727 'quod
596 3705 605 3720 ,
620 3682 641 3712 si
660 3682 755 3721 aliquis
775 3694 893 3725 eorum,
909 3687 978 3717 infra
993 3687 1131 3729 Regnum
1146 3692 1180 3722 Sc
1195 3691 1255 3722 Po-

44 3345 174 3381 “1V.77.

194 3718 321 3750 testatem
333 3719 477 3760 nostram,
493 3721 669 3758 infirmitate,
687 3722 730 3751 vel
743 3722 794 3752 alia
809 3725 890 3755 causa
904 3727 1019 3757 notabili
1032 3736 1177 3768 gravetur,
1197 3740 1256 3769 quo
1309 3739 1312 3741 ·

194 3757 286 3788 minus
301 3758 438 3798 Regnum
453 3759 584 3790 nostrum
615 3760 684 3790 infra
697 3760 809 3790 dictum
821 3763 935 3793 Festum
948 3764 1062 3796 Paschae
1103 3776 1178 3798 exire
1192 3770 1256 3806 pos-

195 3794 246 3833 fit,
262 3797 361 3837 quod,
377 3797 426 3828 sub
444 3798 519 3828 falvo
533 3799 566 3829 δι’.
577 3783 674 3829 securo
695 3797 871 3839 Conductu,
890 3803 923 3831 ὃς
939 3790 1125 3835 Ρτοῑεᾶὶίἆηε
1140 3806 1173 3836 &
1193 3807 1256 3838 De-

193 3832 319 3879 fensione
342 3836 437 3866 nostra
457 3837 586 3875 speciali,
605 3845 766 3874 remaneat,
784 3839 853 3868 ultra
873 3839 984 3871 didi-um
998 3842 1113 3873 Festum
1126 3843 1257 3885 Paschae,

194 3873 329 3910 quamdiu
344 3875 414 3904 infra
426 3876 537 3906 dictum
551 3875 685 3915 Regnum
700 3876 830 3906 nostrum
844 3877 881 3907 sic
903 3879 1052 3917 impeditus
1067 3882 1186 3915 extiterit
1223 3885 1257 3916 &

195 3911 289 3947 quous
303 3922 338 3942 ue
353 3911 437 3943 Mare
449 3915 599 3952 transierit,
615 3915 706 3945 versus
722 3916 833 3953 propria
847 3915 999 3947 redeundo.
1193 3908 1203 3922 ²

233 3947 280 3979 Te
306 3959 322 3979 e
335 3949 419 3990 Rege
433 3952 507 3992 apud
522 3953 655 3992 Wittele‚
673 3954 808 3986 vicesimo
823 3963 903 3983 nono
916 3955 962 3985 die
973 3955 1048 3994 Julii.

233 4075 306 4104 rom.
320 4076 361 4105 Π.
380 4078 413 4106 Ρ.
428 4080 475 4109 11.
833 4044 883 4072 Per
898 4041 980 4082 zpfimz
992 4045 1095 4083 Regm'

1329 2362 1471 2393 Willielmi
1490 2366 1505 2381 '¹⁵
1526 2364 1558 2393 de
1571 2367 1675 2404 Kyme,
1692 2367 1721 2394 in
1737 2368 1873 2395 Comitatu
1887 2364 2010 2395 Lincoln.

1293 2403 1338 2432 W.
1355 2403 1409 2440 Epi
1422 2410 1479 2440 copo
1502 2404 1594 2432 Exon.
1612 2404 1644 2433 de
1667 2407 1850 2433 Sacramentix
1864 2427 1874 2443 ,
1898 2402 1958 2438 &aa
1979 2406 2102 2439 Hugonis
2126 2403 2158 2433 de
2180 2406 2357 2446 courteneye,

1332 2441 1374 2470 W
1374 2440 1397 2470 il
1405 2439 1477 2470 ielmi
1492 2443 1629 2481 Martyn,
1647 2445 1676 2471 in
1688 2442 1865 2471 Comitatibus
1878 2441 1992 2472 Cornub.
2007 2442 2045 2477 όν
2062 2445 2173 2472 Devon.

1293 2482 1320 2508 S.
1340 2479 1465 2518 Episcopo
1478 2480 1608 2518 London,
1626 2481 1660 2510 de
1671 2484 1853 2510 Sacramentis
1866 2504 1875 2519 ,
1894 2479 1954 2514 &a
1969 2480 2076 2511 Thomae
2095 2482 2128 2512 de
2142 2483 2208 2512 Vee‘r
2221 2505 2231 2520 ,
2247 2482 2360 2514 Roberti

1328 2520 1382 2546 Fiz
1397 2520 1539 2557 Wautier,
1558 2517 1582 2548 le
1592 2521 1645 2549 Fiz
1654 2541 1665 2557 ,
1682 2522 1710 2548 in
1726 2522 1864 2548 Comitatu
1879 2518 1972 2558 Effex.

1295 2558 1338 2587 W
1358 2556 1559 2596 Archiepiscopo
1577 2557 1696 2587 Eburum
1711 2581 1721 2596 ,
1741 2558 1772 2587 de
1787 2561 1986 2598 Sacramentis,
2004 2556 2065 2593 &a
2080 2560 2194 2589 Henrici
2205 2558 2237 2588 de
2259 2556 2360 2600 Percy,

1331 2597 1373 2625 W
1372 2594 1473 2624 illielmi
1487 2597 1519 2625 de
1532 2594 1613 2635 Ross,
1632 2598 1675 2626 W
1673 2595 1776 2626 illielmi
1789 2595 1814 2625 le
1830 2599 1975 2636 Latimer,
1995 2601 2024 2627 in
2036 2600 2173 2627 Comitatu
2188 2597 2320 2627 Eborum.

1293 2637 1329 2665 R.
1344 2632 1466 2672 Episcopo
1485 2634 1610 2675 Cestriae,
1627 2635 1660 2664 de
1675 2638 1873 2673 Sacramenta,
1890 2633 1950 2670 &c.
1969 2635 2112 2673 Johannis
2133 2637 2165 2666 de
2177 2637 2359 2675 Haryngton,

1330 2673 1440 2703 Ricara'i
1454 2673 1486 2703 de
1499 2673 1642 2713 Hoghton,
1661 2677 1690 2703 in
1705 2677 1841 2704 Comitatu
1858 2675 2005 2715 Lancastr.

2377 2361 2398 2383 *Ε
2406 2362 2506 2399 Ν,78,’

1510 2823 1559 2854 De
1577 2833 1633 2853 non
1644 2818 1853 2868 gravantibus
1868 2831 1925 2852 non
1933 2817 2119 2866 gravandis.

1296 2910 1353 2964 R
1362 2905 1428 2976 Εὸὶιζ
1447 2905 1555 2937 dilectis
1575 2906 1625 2937 fibi
1640 2905 1749 2937 Ballivis
1764 2906 1798 2937 ὃς
1813 2904 2022 2937 Communitati
2036 2904 2122 2936 Villae
2133 2903 2170 2936 de
2185 2904 2338 2938 Sandwico
2346 2930 2356 2946 ‚
2377 2910 2453 2942 Ann.
2467 2908 2511 2941 DJ

1397 2955 1410 2974 a
1423 2954 1510 2975 utem.
2475 2973 2481 2979 ,

1329 2982 1414 3014 Licet
1435 2993 1523 3020 nuper
1544 2983 1626 3014 vobis
1641 2983 1866 3014 mandaverimus
1903 2983 1984 3022 quod
1996 2992 2098 3014 omnes
2111 2983 2144 3014 &
2161 2983 2278 3022 fingulas
2290 2980 2354 3014 Na·
2373 2958 2490 3017 'qil-32¹1}-

1293 3032 1342 3053 ves
1361 3021 1464 3052 vestras
1485 3031 1535 3059 pro
1553 3021 1666 3052 Guerra
1686 3022 1773 3059 parari
1819 3022 1852 3053 δε
1871 3006 2048 3052 {dominibus
2069 3031 2102 3052 ac
2123 3022 2180 3051 aliis
2201 3022 2355 3053 neceffiriis
2374 3031 2403 3054 Ε.
2421 3037 2446 3054 2.

1294 3062 1399 3091 muniri
1421 3061 1547 3091 faceretis
1562 3083 1572 3097 ,
1586 3061 1620 3091 ὃς
1643 3070 1743 3090 omnes
1763 3044 1879 3099 Naves,
1898 3061 1934 3091 de
1955 3059 2096 3091 Potestate
2110 3059 2196 3099 Regis
2210 3061 2354 3099 Franciae,
2376 3065 2442 3101 Vasc.
2464 3063 2507 3095 18.

1293 3099 1468 3137 ubicumque
1489 3108 1532 3129 eas
1550 3099 1617 3129 scire
1636 3098 1750 3135 poffetis
1769 3108 1972 3139 congregatas,
1997 3099 2043 3129 seu
2067 3099 2272 3138 congregandas
2284 3121 2294 3137 ,
2319 3100 2353 3130 ad
2376 3107 2404 3131 Ε.
2421 3113 2446 3130 2.
2461 3112 2488 3131 n.

1293 3138 1466 3176 gravandum
1481 3147 1532 3167 nos
1544 3137 1577 3167 ὃς
1591 3137 1701 3168 nostros
1716 3137 1751 3167 de
1765 3137 1893 3176 Guerra,
1911 3139 2069 3177 gravaretis:

1332 3175 1451 3207 Nostrae
1473 3185 1567 3206 tamen
1587 3176 1749 3207 intentionis
1764 3186 1824 3206 non
1839 3178 1947 3214 extitit,
1965 3186 2018 3206 nec
2039 3174 2131 3204 existit
2144 3197 2154 3213 ‚
2171 3174 2266 3214 quod,
2284 3185 2357 3214 prae-

1293 3221 1372 3244 textu
1392 3214 1461 3245 dicti
1485 3213 1620 3245 Mandati
1636 3214 1725 3245 nostri
1740 3237 1749 3253 ,
1769 3225 1940 3253 quemquam
1953 3238 1962 3251 ,
1982 3215 2017 3244 de
2032 3212 2172 3244 Potestate
2186 3214 2254 3244 dicti
2269 3214 2357 3254 Regis

1294 3253 1318 3288 F
1319 3254 1422 3283 ranciae
1430 3276 1440 3292 ,
1474 3262 1554 3283 raeter
1567 3253 1646 3293 illos,
1663 3263 1735 3293 quos
1749 3254 1906 3284 inveneritis
1918 3260 2059 3292 gravantes
2072 3251 2108 3281 de
2122 3251 2236 3283 Guerra
2252 3263 2304 3284 nos
2312 3253 2356 3284 vel

1295 3291 1425 3330 nostros,
1464 3302 1479 3322 e
1492 3291 1605 3322 Guerrfi
1620 3293 1784 3330 gravareris,
1802 3293 1834 3323 &
1850 3292 1906 3322 hoc
1923 3292 2004 3321 vobis
2019 3289 2216 3327 significamus.

1331 3330 1419 3362 Teste
1432 3329 1514 3369 Rege
1528 3330 1601 3371 apud
1615 3330 1778 3362 Guldeford
1786 3353 1796 3369 ,
1812 3339 1909 3370 quarto
1923 3329 1968 3360 die
1984 3328 2114 3369 Augusti.

1986 3408 2040 3436 Per
2053 3406 2134 3445 ipficm
2146 3407 2249 3443 Regem.

1362 3485 1460 3516 Odem
1475 3486 1566 3517 modo
1582 3487 1746 3517 mandatum
1761 3485 1801 3515 est
1815 3484 1922 3517 Ballivis
1937 3483 1969 3515 &
1986 3482 2249 3513 Communitatibus
2263 3480 2355 3522 fingu-

1374 3525 1460 3554 larum
1478 3522 1618 3555 Villarum
1631 3525 1847 3564 praedictarum,
1865 3534 1897 3554 ac
1913 3521 2072 3564 praedictis,
2087 3519 2198 3549 Comiti
2220 3518 2354 3564 Cestriae,

1295 3563 1329 3594 &
1342 3562 1484 3601 Episcopo
1500 3563 1689 3594 Dunolmenfi
1698 3586 1708 3601 ,
1723 3564 1757 3593 &
1771 3560 1986 3592 Constabulario
2000 3560 2085 3598 Regis
2102 3557 2265 3589 Dovorriae.

1393 3693 1442 3724 De
1457 3687 1600 3733 affistendo
1617 3692 1649 3721 in
1670 3689 1866 3722 Arraiasione
1885 3687 2033 3731 Equitum
2055 3685 2092 3721 ὠ*
2108 3681 2260 3716 Peditum.

1297 3776 1354 3831 R
1366 3775 1446 3813 EX,
1465 3773 1624 3804 Venerabili
1639 3773 1668 3802 in
1682 3770 1796 3802 Christo
1805 3770 1876 3801 Patri
1885 3793 1895 3808 ,
1910 3769 1963 3799 W.
1976 3768 2074 3799 eadem
2089 3766 2192 3807 gratia,
2207 3766 2357 3808 Archiepi-
2376 3777 2453 3809 Am,
2462 3774 2506 3809 D¹

1375 3815 1463 3854 scopo
1479 3810 1685 3848 Cantuarienfi,
1705 3811 1789 3840 totius
1803 3809 1914 3848 Angliae
1928 3807 2064 3846 Primati,
2079 3806 2210 3838 Salutem.
2397 3825 2481 3855 ¹324-

1372 3853 1415 3882 *m
1430 3861 1482 3882 nos
2422 3878 2426 3882 .
2443 3855 2484 3883 18.

1333 3852 1439 3928 §filmer
1454 3873 1622 3925 ac’cipientes
1634 3885 1714 3926 quod
1728 3885 1795 3916 Rex
1810 3884 1936 3915 Franciae
1950 3882 2123 3915 excercitum
2135 3882 2270 3924 grandem
2285 3893 2356 3915 con·
2373 3859 2447 3921 ἐπὶ,

1295 3931 1399 3969 gregari
1418 3929 1485 3958 fecit
1499 3949 1509 3965 ,
1532 3925 1566 3956 ad
1585 3925 1766 3964 equitandum
1784 3924 1863 3961 super
1885 3922 1954 3953 Nos
1967 3945 1978 3961 ,
2002 3922 2037 3953 &
2056 3921 2202 3954 Ducatutn
2223 3922 2355 3954 nostrum
2374 3932 2438 3969 pasc,
2461 3929 2504 3958 18„

1296 3967 1485 4008 praedictum,
1504 3965 1537 3995 &
1553 3963 1636 4002 Nos,
1653 3962 1772 4002 Tenus,
1790 3963 1823 3993 &
1839 3960 1980 4002 Populum
1995 3983 2006 4000 ‚
2021 3961 2104 3992 nobis
2120 3961 2295 4001 subjectum,
2311 3962 2357 3991 ni-
2373 3973 2404 3998 E.
2422 3979 2448 3997 2.

1297 4006 1406 4039 tebatur
1422 4012 1553 4042 gravare,
1568 4002 1627 4033 tam
1639 4009 1688 4039 per
1701 4001 1842 4038 Terram,
1857 4000 1942 4039 quam
1957 4009 2007 4038 per
2019 3998 2122 4039 Mare,
2374 4017 2409 4038 m,
2425 4006 2503 4036 28.&

1336 4042 1589 4084 AffignaverimuS,
1607 4040 1727 4074 dilectos
1741 4038 1889 4109 &ofideles
1900 4038 2027 4078 nostros,
2046 4037 2229 4078 Radulphum
2246 4037 2282 4068 de
2296 4036 2365 4071 Ca-v

1819 4087 1838 4108 2
2257 4083 2349 4113 moys,
