2562 4279
737 176 847 220 ET
931 179 1198 220 ACTA
1281 177 1758 227 PUBLICA.

36 277 116 310 Ἀῃγι.
128 270 170 302 D.
185 279 249 308 quae
258 293 266 308 ‚
282 279 332 308 per
350 269 500 300 absentiam
522 266 598 297 suam
618 265 653 295 ab
667 264 768 297 eadem
782 261 888 303 Terra,
907 263 1020 303 possent
1033 263 1069 295 de
1083 264 1157 295 facili
1171 274 1239 302 pro-

62 321 146 354 13¹2·
184 311 294 345 venire,
448 345 453 350 ι
556 343 561 347 .
861 342 866 346 η
1045 342 1050 346 ”
1075 341 1079 346 ,
1104 339 1114 349 Α
1223 341 1227 346 ·

40 355 106 382 Ἐάν.
126 360 152 377 2.
222 345 433 377 Sanctissimum
447 354 476 373 in
491 341 609 372 Christo
625 341 754 379 Patrem,
774 340 939 371 Dominum
953 339 990 370 C.
1011 340 1117 370 Divina
1141 340 1243 383 Prom-

41 393 57 409 *ss
74 386 130 418 111.
185 385 298 422 dentia,
324 386 342 403 ἦθ’
364 384 514 414 summum
536 379 723 417 Pontificem,
748 389 796 419 per
818 379 936 409 Litteras
956 378 1062 422 nostras
1083 387 1243 422 rogavrrnus

65 437 108 464 ’3.
188 423 335 462 speciales,
353 430 384 452 ut
403 419 553 450 absentiam
575 417 700 457 praedic'ti
722 416 854 454 Episcopi
877 418 906 446 in
931 415 1069 446 Concilio
1090 416 1243 459 Generali,

45 440 76 467 3²
185 463 244 502 jam
259 461 388 499 proxime
396 457 543 488 'celebrato
579 455 612 486 ad
631 455 724 493 quod,
741 464 770 485 ut
793 457 970 492 accepimus,
989 454 1244 497 personaliter'fue-

188 508 229 531 rat
249 507 397 534 evocatus,
420 495 521 525 habere
561 494 714 532 ignarerur‚
738 501 772 523 ex
792 493 878 523 causis
899 492 1062 531 praemissis,
1086 492 1244 530 nostrisque

187 540 335 578 precibus,
355 533 539 564 favorabiliter
551 532 715 562 excusatam.
862 569 867 574 ⁸
973 570 977 574 ³
1088 570 1093 575 ·

228 576 265 606 Et
306 574 369 612 quia
389 570 585 607 indempnitati
605 570 713 607 praefati
734 569 867 607 Episcopi
886 569 1006 606 prospici
1029 579 1158 608 cupimus
1174 593 1183 606 ,
1207 578 1243 612 ne

191 625 245 654 pro
264 600 314 650 ἐο,
338 609 416 648 quod
436 619 495 639 non
513 609 638 639 interfuit
655 607 794 638 Concilio
817 607 979 645 praelibato,
999 608 1137 646 jad'turam
1160 615 1245 644 patia-

189 662 426 720 turl3z³ternitatem
438 683 559 715 vestram
575 685 744 722 requirimus
759 693 826 714 cum
840 683 961 722 affe&u‚
980 685 1107 722 quatinus
1120 692 1185 721 erga
1197 682 1248 726 ¹di-

190 729 271 759 ‹stum
286 725 450 755 Dominum
466 723 618 752 Summum
635 722 806 753 Pontificem
824 722 883 758 (cui
897 723 976 760 super
990 723 1047 752 hoc
1069 721 1174 752 nostras
1195 729 1246 764 ite-¹

189 767 250 796 rato
271 764 416 800 dirigimus
436 761 551 790 Litteras
573 761 712 800 speciales)
735 769 766 791 ut
786 761 935 791 absentiam
957 759 1083 798 praedieti
1111 759 1246 796 Episcopi

191 803 346 834 excusatam
369 801 468 830 habere
489 799 555 828 velit
579 809 594 828 a
606 798 744 829 Concilio
759 808 937 837 memorato,
955 800 1062 837 velitis,
1079 808 1176 829 amore
1191 807 1247 827 no-

191 841 259 880 stri,
276 849 364 878 opem
379 840 412 868 &
427 847 543 875 operam
557 846 700 875 apponere
715 836 854 867 efficaces.

227 916 295 948 Dat.
314 913 386 954 apud
401 912 595 952 Mildenhale,
617 923 661 943 11.
680 913 725 944 die
737 913 812 952 Julii.

190 992 341 1063 GEs-dein
361 989 449 1020 modo
469 989 634 1020 mandatum
655 988 696 1019 est
718 989 790 1020 tituli
809 988 904 1020 Saneti
934 989 1065 1020 Marcelli
1089 989 1248 1020 Presbitero

220 1041 248 1062 ar
269 1039 340 1060 mai.

227 1107 341 1138 Eodem
364 1106 455 1137 modo
475 1104 639 1136 mandatum
657 1104 698 1135 est
723 1104 794 1136 tituli
815 1104 911 1136 Sandii
933 1104 1062 1136 Marcelli
1075 1105 1106 1134 in
1120 1103 1175 1135 Via
1195 1102 1250 1134 lata

192 1142 330 1176 Diacono
347 1145 495 1176 Cardinali.

260 1267 403 1305 Inhibitio
420 1280 522 1302 contra
542 1271 754 1305 conventicula
765 1298 774 1314 ‚
800 1276 836 1311 ζῇ·
849 1271 935 1316 pacis
951 1267 1186 1303 Perturbatores.

257 1356 316 1388 EX
335 1355 514 1393 Comitibus,
538 1355 708 1394 Batonibus,
728 1354 883 1393 Militibus,
902 1354 1029 1393 Ballivis,
1049 1354 1202 1391 Ministris,
1221 1354 1254 1383 &

276 1394 422 1426 Univerfis
443 1393 570 1425 fidelibus
589 1394 640 1425 suis
662 1395 691 1424 in
710 1392 860 1426 Comitatu
882 1393 1090 1433 Wigornienfi,
1108 1393 1142 1423 ad
1165 1402 1253 1430 quos,

197 1435 257 1466 &c
271 1433 392 1464 salutem.

235 1471 448 1503 Considerantes
461 1471 601 1509 pericula,
620 1480 684 1509 qute
699 1470 807 1508 Regno
821 1470 938 1509 nostro,
957 1471 990 1502 ὃ(
1012 1471 1068 1509 ejus
1087 1469 1204 1508 incolis,
1222 1478 1256 1499 ex

197 1522 250 1549 eo,
269 1510 349 1549 qubd
364 1510 398 1540 ali
420 1511 464 1547 ui,
479 1510 507 1540 se
519 1520 534 1539 a
550 1509 784 1549 progenitoribus
797 1510 899 1540 nostris
915 1510 1098 1547 elongantes,
1116 1507 1257 1551 Conven—

195 1549 337 1581 venticula
350 1549 384 1580 &
396 1520 639 1588 Congregationes
651 1548 756 1578 illicitas
769 1548 934 1587 segregatim
947 1548 1103 1584 faciebant,
1111 1547 1257 1577 retroactis

195 1588 369 1626 temporibus
383 1595 591 1625 provenerunt5
607 1595 641 1617 ex
651 1586 876 1625 praecedentibus
889 1586 1019 1625 periculis
1032 1587 1062 1615 in
1074 1586 1201 1616 futurum
1215 1584 1257 1614 ef-

193 1626 240 1657 fici
257 1627 386 1664 cupimus
401 1625 548 1655 cautiores.

233 1664 315 1695 Cum
333 1665 427 1702 itaque
448 1663 666 1693 intellexerimus
686 1663 763 1701 quod
784 1665 892 1703 aliqui,
917 1672 1018 1702 pacem
1044 1662 1170 1694 nostram
1189 1661 1257 1694 sata-

195 1711 290 1742 gentes
308 1712 361 1740 pro
381 1701 485 1733 viribus
505 1701 680 1740 perturbare,
699 1703 727 1732 in
745 1702 857 1733 diverfis
878 1704 966 1741 locis,
987 1703 1057 1732 infra
1072 1702 1255 1732 Comitatum

191 1741 378 1780 praedi&um‚
396 1739 638 1778 congregationes
653 1741 686 1771 ὃς
711 1740 924 1773 Conventicula
943 1741 1065 1779 secreta,
1084 1750 1199 1771 necnon
1220 1740 1255 1771 δε

193 1779 460 1810 Confcederationes
480 1777 587 1808 illicitas
610 1787 709 1809 contra
728 1787 799 1818 nos,
814 1781 847 1811 &
869 1780 1005 1818 quosdam
1017 1779 1110 1810 fideles
1125 1777 1255 1817 nostros,

191 1818 229 1847 de
241 1818 287 1847 die
303 1818 333 1847 in
346 1816 439 1855 diem,
457 1815 548 1846 facere
562 1817 750 1856 praesumunt,
768 1827 803 1848 ex
817 1819 918 1857 quibus
932 1819 1014 1848 nobis
1030 1819 1063 1849 ὃς
1078 1817 1186 1856 Regno
1201 1827 1255 1848 no-

191 1855 250 1887 stro
264 1856 386 1893 dampna
397 1855 430 1886 &
444 1855 564 1893 pericula
578 1855 690 1892 possent
702 1857 884 1888 verifimiliter
898 1858 1028 1894 evenire,

228 1894 316 1933 Nos,
333 1892 492 1933 hujusmodi
506 1893 617 1924 malitiis
629 1894 773 1933 volentes,
791 1904 822 1928 ut
833 1897 987 1934 convenit,
1003 1896 1138 1933 obviare,
1155 1895 1255 1934 vobis,

191 1934 327 1964 omnibus
340 1933 374 1964 &
389 1932 514 1972 fingulis,
532 1932 582 1962 sub
594 1931 770 1964 forisfat‘tura
790 1936 941 1972 omnium,
960 1944 1024 1972 quae
1042 1935 1124 1965 nobis
1144 1933 1254 1963 forisfa-

192 1981 259 2002 cere
270 1971 413 2010 poteritis,
430 1970 560 2002 distri&e
574 1970 753 2009 inhibemus,
772 1973 809 2002 ne
823 1972 1084 2012 Congregationes,
1104 1972 1161 2002 sine
1173 1981 1254 2002 man-

192 2009 260 2040 dato
275 2009 375 2040 nostro
388 2009 513 2048 speciali,
531 2018 578 2041 aut
592 2008 818 2049 Conventicula,
833 2011 878 2042 seu
904 2010 1191 2049 Confoederationes,
1208 2010 1255 2040 vel

193 2048 380 2086 obligationes
401 2048 437 2078 de
458 2048 574 2079 insimul
594 2048 719 2078 vivendo
740 2049 774 2079 &
794 2050 943 2080 moriendo
966 2051 1028 2087 (per
1054 2060 1117 2086 quae
1134 2049 1255 2086 populus

194 2087 316 2124 partium
335 2087 443 2116 illarum
463 2088 577 2124 terreri,
598 2095 646 2116 aut
662 2096 714 2124 pax
734 2086 829 2117 nostra
850 2088 1005 2126 perturbari
1027 2088 1127 2123 valeat)
1139 2087 1257 2130 ⁴facere,

195 2131 243 2154 aut
256 2125 293 2154 eis
307 2124 449 2162 interesse,
467 2124 513 2155 seu
524 2124 811 2164 Confoederationes,
826 2134 873 2156 aut
892 2126 1078 2164 obligationes
1097 2124 1257 2163 hujusmodi

194 2162 321 2198 recipere
337 2162 514 2199 praesumatis,

233 2199 359 2230 Scientes
379 2209 432 2236 pro
456 2208 536 2229 certo
555 2198 632 2236 quod
668 2199 687 2229 fi
706 2199 782 2230 secus
803 2200 893 2230 facere
915 2200 1158 2239 praesumpseritis,
1184 2210 1257 2231 con-

196 2245 336 2273 temptum
350 2238 384 2266 &
397 2236 581 2266 rebellionem
594 2247 629 2266 ve
655 2247 734 2275 ram,
752 2239 786 2268 &
796 2238 942 2277 cujussibet
957 2239 1085 2271 vestrum
1105 2240 1239 2270 faciemus
1248 2261 1258 2278 ,

197 2283 283 2312 prout
294 2273 402 2313 justum
415 2273 499 2304 fuerit
508 2296 518 2312 ,
537 2274 692 2304 coherceri.

47 1367 177 1404 Ann.D.

66 1417 150 1450 1312.

47 1454 98 1479 An.
117 1450 144 1474 6.

45 1494 75 1518 E.
95 1497 121 1514 2.

49 1532 103 1556 Par.
121 1526 148 1551 6.

46 1569 76 1592 E.
92 1575 118 1591 2.
133 1569 158 1600 p-

50 1610 174 1640 1.m.23-

235 2349 328 2381 Teste
340 2349 425 2387 Rege
436 2349 510 2388 apud
526 2349 835 2391 Westmonasterium,
850 2362 898 2383 20.
917 2353 961 2384 die
970 2352 1046 2393 Julii.

287 2477 337 2510 De
357 2474 510 2510 Candabia
527 2475 572 2510 ad
586 2479 714 2512 Terram
731 2479 875 2513 Sanffam
887 2489 942 2526 pro
951 2479 1054 2525 fizlute
1073 2483 1170 2528 Regis.

51 2572 128 2604 Ann-
138 2569 183 2602 D,
198 2559 312 2618 REX
328 2560 463 2593 omnibus
480 2563 576 2593 amicis
590 2563 623 2594 &
635 2563 760 2594 fidelibus
772 2563 842 2602 suis,
859 2563 894 2595 ad
910 2575 997 2603 quos,
1015 2565 1075 2596 &c.
1093 2565 1217 2596 salutem.

73 2620 158 2651 1312,
296 2600 375 2631 Cum
391 2600 509 2632 dileetus
521 2602 606 2632 nobis
620 2603 649 2632 in
662 2601 779 2633 Christo
813 2603 908 2634 Frater
917 2603 1062 2642 Johannes
1076 2602 1111 2633 de
1118 2603 1261 2643 Bonkhill,

99 2672 104 2677 ¹
140 2671 147 2678 ,
199 2637 305 2669 ordinis
326 2639 436 2670 San&ae
456 2640 575 2678 Mariae,
592 2639 629 2670 de
651 2650 751 2672 monte
770 2626 915 2680 Carmeli,
933 2642 966 2671 ad
980 2642 1103 2673 Terram
1115 2642 1259 2688 jerosoly-

201 2679 355 2716 mitanam,
374 2687 426 2715 pro
440 2678 555 2716 nostra,
565 2678 787 2718 nostrorumque
799 2679 901 2719 salute,
915 2680 998 2712 caus&
1011 2680 1262 2721 peregrinationis,

201 2715 238 2746 de
253 2715 350 2747 nostra
365 2715 511 2755 Licentia,
529 2717 555 2748 se
565 2717 696 2748 divertat:

240 2755 301 2786 Vos
321 2755 426 2785 amicos
445 2763 589 2795 rogamus,
604 2755 687 2787 vobis
707 2754 834 2787 fidelibus
848 2756 1027 2797 mandantes,
1045 2767 1180 2797 quatenus
1193 2770 1263 2791 eun-

201 2792 267 2824 dem
281 2793 442 2832 Johannem
456 2794 605 2833 habentes,
623 2793 714 2825 nostri
726 2795 846 2834 intuitu,
859 2795 1000 2834 specialius
1015 2798 1262 2837 commendatum,

202 2832 245 2869 ei,
261 2840 307 2862 aut
321 2831 399 2862 socio
411 2832 461 2862 suo
475 2832 596 2870 ejusdem
609 2833 730 2871 ordinis,
746 2833 842 2864 secum
858 2834 1064 2873 proficiscenti,
1082 2837 1111 2867 in
1129 2838 1263 2875 personis,

203 2876 250 2899 aut
261 2870 342 2899 rebus
355 2869 406 2900 suis
422 2870 503 2908 (curn
513 2871 586 2909 ipsos
602 2882 651 2909 per
664 2871 727 2902 loca
741 2871 920 2904 districtuum
934 2873 1094 2905 vestrorum
1115 2876 1262 2907 transitum

203 2906 314 2944 facere,
331 2915 377 2937 aut
389 2907 493 2939 ibidem
508 2911 610 2939 morari
624 2910 785 2949 contigerit)
805 2921 866 2941 non
887 2911 1027 2950 inferatis,
1042 2913 1103 2951 seu,
1122 2923 1263 2952 quantum

202 2944 232 2973 in
248 2945 328 2974 vobis
341 2944 381 2974 est
391 2969 400 2982 ‚
417 2947 452 2976 ab
464 2948 521 2977 aliis
532 2947 627 2978 inferri
643 2949 806 2986 permittatis
819 2949 948 2986 injuriam
956 2973 966 2989 ,
980 2951 1262 2991 molestiam,damp—

201 2991 290 3020 num,
309 2983 545 3020 impedimentum
558 2986 673 3023 aliquod
689 2987 734 3016 seu
749 2996 918 3028 gravamen,

202 3019 344 3089 ernEt,ds1i
354 3020 422 3059 quid
444 3023 485 3052 eis
498 3021 675 3055 forisfaciturn
687 3024 786 3064 fuerit,
803 3026 833 3057 id
846 3027 900 3065 eis,
919 3027 976 3058 sme
989 3026 1141 3069 dilatione,
1158 3029 1263 3062 faciatis

251 3068 285 3088 en
306 3069 334 3089 af
347 3081 354 3088 ·

242 3096 275 3126 In
287 3099 382 3137 qu‘us,
397 3098 457 3129 &c.

53 2693 84 2716 Ε.
105 2698 131 2714 2.

53 2727 149 2754 Pat.6.

53 2768 186 2800 E.2.p.1.

55 2811 92 2830 m.
112 2811 156 2838 23.

242 3171 330 3204 Teste
345 3174 429 3214 Rege
445 3175 518 3214 apud
532 3175 840 3219 Westmonasterium‚
855 3188 903 3220 23.
923 3178 969 3212 die
979 3180 1056 3221 Julii.

861 3259 914 3287 Per
929 3258 1012 3300 ipfiaem
1024 3261 1128 3298 Regem.

58 3387 78 3408 ᾳ
95 3387 148 3416 111¹
279 3374 307 3401 ²ss
332 3376 381 3407 De
395 3373 572 3410 Inhibitione
587 3387 690 3410 contra
707 3380 919 3413 Conventicula
930 3407 939 3423 ,
959 3380 1188 3427 proclamanda,

58 3436 136 3504 m.
148 3471 188 3502 D·
271 3457 329 3489 EX
344 3458 518 3504 vicecomiti
531 3461 679 3506 Eborum,
695 3462 816 3495 (alutem.

85 3521 169 3552 1312.
263 3536 269 3541 ,
308 3497 392 3541 Dum
402 3497 545 3542 dlllgssnter
558 3511 587 3531 in
599 3509 694 3532 mente
706 3503 879 3548 revolvimus
898 3504 1014 3542 qualiter
1035 3504 1137 3543 aliqui,
1154 3515 1169 3536 a
1187 3504 1261 3538 Pro.

59 3554 112 3578 An.
128 3553 155 3577 6.
205 3536 377 3574 gemtoflbus
397 3535 496 3580 130str18
518 3537 543 3568 se
558 3561 568 3577 ‚
591 3539 734 3570 retroactis
756 3543 933 3582 temporibus
947 3567 957 3581 ‚
982 3543 1174 3575 subtraxerunt
1190 3557 1200 3583 '³
1225 3546 1260 3577 ὃς

58 3593 80 3618 Ε
111 3598 126 3615 2
204 3583 270 3612 <111ae
283 3574 354 3604 mala
368 3574 467 3604 &finde
480 3573 585 3615 Regno
596 3577 695 3608 nostro
707 3578 741 3609 ὃς
755 3581 813 3618 ejus
827 3579 932 3612 Incolis
945 3591 1154 3619 provenerunt:

234 3611 336 3656 .N‘.³⁵=.
347 3621 380 3642 ex
402 3612 620 3658 praecedentibus
639 3616 768 3653 periculis
786 3618 913 3649 volentes
931 3618 990 3650 fieri
1016 3621 1172 3659 cautiores,
1189 3631 1259 3652 curn

206 3650 291 3688 aliqui
312 3651 433 3695 ejusdem
455 3652 571 3696 Regni,
587 3652 614 3683 se
630 3654 798 3693 segregantes
817 3666 833 3687 a
847 3658 945 3697 nobis,
962 3657 1207 3698 Congregationes
1226 3661 1260 3691 &

207 3687 417 3733 Conventicula
430 3689 550 3733 faciant,
567 3700 601 3721 ex
614 3701 673 3734 quo
686 3693 796 3729 possent
809 3696 904 3734 pejora
916 3697 1056 3735 prioribus
1070 3698 1201 3737 evenire,
1209 3697 1259 3729 nifi

206 3728 335 3765 periculis
349 3729 530 3759 iminentibus
543 3730 657 3760 celerius
670 3731 816 3772 obvietur,

242 3765 313 3795 Tibi
331 3767 509 3810 praecipimus
529 3767 608 3806 quod
625 3768 655 3811 in
677 3767 787 3805 singulis
807 3771 977 3804 Civitatibus
990 3798 1000 3812 ,
1026 3772 1124 3813 Burgis
1138 3796 1149 3812 ,
1179 3775 1261 3806 Villis

207 3802 404 3843 Memnonis,
423 3806 456 3836 ὃς
471 3805 542 3836 locis
554 3807 610 3836 aliis
625 3816 653 3835 in
667 3804 770 3838 Baniva
780 3809 844 3848 tua,
862 3811 911 3841 ubi
933 3812 1033 3842 videris
1055 3813 1203 3853 expedire,
1220 3814 1261 3846 fa-

206 3842 264 3872 cias
278 3843 393 3880 publice
408 3843 589 3883 proclamari,
608 3843 668 3879 &a
681 3851 763 3882 prout
771 3845 855 3885 ficpra
868 3849 900 3879 de
913 3859 962 3880 20.
980 3849 1065 3889 Julii.

243 3917 335 3949 Teste
349 3918 435 3958 Rege
445 3920 520 3958 apud
531 3919 668 3952 London.
683 3930 731 3962 24.
749 3921 795 3952 die
805 3921 880 3960 Julii.

893 3965 946 3993 Per
958 3963 1040 4004 ipsam
1053 3967 1157 4003 Regem.

207 4030 366 4110 εἶἰᾶῐξῑῃοόεῐτι
395 4014 489 4067 modo
508 4035 671 4070 mandatum
689 4037 731 4070 est
753 4037 864 4081 fingulis
884 4037 1111 4076 vicecomitibus
1130 4053 1180 4082 per
1200 4044 1261 4076 An-

233 4111 307 4147 rom,
326 4111 370 4147 ΙΙ,
389 4112 423 4141 Ρ.
443 4115 469 4148 1,

57 3609 148 3664 Ciauj'.
161 3627 188 3652 6.

58 3668 92 3692 E.
108 3675 134 3694 2.
147 3675 184 3693 m.

62 3711 107 3738 3¹-
124 3705 150 3733 d.

2314 202 2343 240 9

2292 316 2328 319 ᾗ
2356 270 2432 301 Ann.
2448 269 2488 303 D.

2330 317 2333 319 “
2372 320 2465 352 *13122

2354 351 2422 378 Edv.
2443 360 2470 383 ι,

1364 351 1413 383 De
1431 348 1533 381 vadiis
1548 352 1685 397 Epistopo
1702 356 1813 397 Eliensi
1822 367 1877 403 pro
1898 356 2075 403 Dmplariis
2091 356 2262 391 liberandis.

1285 432 1416 490 REX,
1432 432 1538 464 dilecto
1553 434 1618 472 sibi,
1635 436 1758 472 Johanni
1772 440 1798 470 le
1812 441 1914 480 Clerk,
1933 442 1970 473 de
1988 442 2196 484 Wylburham,
2214 438 2336 474 Custodi
2353 457 2404 482 An.
2424 453 2451 482 6,

1358 472 1513 515 Terrarum
1534 474 1567 503 &
1589 474 1840 508 Tencmentorum
1868 481 2101 519 Templariorum
2128 483 2156 511 in
2187 481 2337 513 Comitatu
2357 498 2387 520 E.
2406 503 2431 520 2,

1284 508 1526 577 tCantelPulgitenli,
1544 521 1573 540 in
1586 521 1671 543 rnanu
1684 514 1780 545 nostra
1795 519 1958 554 quibusdam
1972 521 2053 552 certis
2068 520 2104 551 de
2116 519 2202 551 causis
2221 521 2341 551 existen-
2360 533 2447 568 Clitus.
2459 528 2487 559 6}

1297 557 1372 585 ium,
1401 557 1414 576 a
1428 559 1444 577 u
1458 558 1513 577 ern.

1323 585 1496 629 Mandamus
1518 587 1600 616 vobis
1623 589 1715 627 quod,
1734 590 1769 621 de
1789 593 1906 623 exitibus
1919 595 2075 627 Terrarum
2093 598 2127 628 &
2142 597 2341 627 Tcnemento-

1286 633 1350 653 rum
1374 624 1595 663 primariorum,
1614 627 1722 657 solvatis
1742 629 1901 661 Venerabili
1921 633 1992 663 Patri
2007 635 2033 672 J.
2059 635 2162 666 Eliensi
2183 634 2343 673 Episcopo,

1287 671 1340 699 pro
1355 662 1489 705 Roberto
1505 662 1589 701 Scor,
1609 666 1642 694 &
1657 665 1777 705 Rogero
1792 668 1828 698 de
1850 669 1972 709 Daton,
1989 672 2176 712 Templariis,
2194 683 2285 711 nuper
2304 675 2343 703 ei-

1286 700 1353 729 dem
1369 700 1511 738 Episcopo
1525 711 1573 738 per
1589 702 1785 735 Venerabilem
1798 706 1910 736 Patrem
1926 708 1964 738 R.
1984 710 2210 744 Cantuariensem
2224 711 2344 746 Archi&-

1288 738 1455 777 piscopum,
1474 737 1533 773 &a
1544 747 1629 777 prout
1642 742 1673 770 de
1692 751 1736 777 17.
1755 747 1847 782 Maii,
1865 748 1907 774 A.
1926 755 1952 784 5.

2359 574 2388 596 Ε.
2405 581 2429 597 2.
2443 580 2481 597 m:

2360 618 2403 644 3⁰⁴

1323 815 1413 845 Teste
1428 814 1511 854 Rege
1526 816 1599 854 apud
1616 817 1752 849 London.
1772 821 1819 850 28.
1838 821 1882 851 die
1890 821 1966 860 Julii„

1335 939 1385 972 De
1399 938 1502 971 Terris
1515 941 1642 971 Henrici
1658 939 1694 971 da
1709 943 1797 991 Pcrcy
1810 969 1819 984 ‚
1845 945 1876 974 in
1891 955 2016 976 manum
2036 948 2122 991 Regis
2140 949 2293 993 capiendis.

1289 1022 1404 1081 REX
1418 1023 1524 1054 dileeto
1537 1026 1570 1056 &
1585 1026 1660 1057 fideli
1673 1027 1737 1064 suo,
1753 1026 1878 1065 Johanni
1892 1027 1927 1058 de
1942 1028 2100 1069 Moubray,
2117 1031 2239 1062 salutem.
2362 1044 2429 1076 Am,
2452 1042 2496 1075 D,

1382 1061 1477 1100 Cum,
1503 1066 1585 1094 certis
1605 1065 1641 1095 de
1660 1065 1764 1103 caufis,
1783 1066 2006 1097 mandaverimus
2027 1067 2133 1098 dilecto
2154 1069 2270 1100 Clerico
2290 1081 2343 1102 no-
2386 1093 2397 1112 Ι
2426 1070 2460 1113 1'2

1291 1099 1364 1138 stro,
1383 1100 1518 1131 Roberto
1539 1102 1576 1133 de
1597 1102 1787 1141 Wodehous,
1810 1103 1952 1134 Escaetori
1973 1105 2072 1136 nostro
2095 1107 2164 1137 ultra
2186 1108 2344 1148 Trenram,
2365 1094 2418 1149 A?
2431 1107 2470 1149 6·

1290 1138 1372 1177 quod
1386 1149 1486 1169 omnes
1500 1139 1622 1179 Terras,
1641 1142 1674 1172 &
1690 1143 1788 1172 omnia
1800 1142 1995 1183 Tenementa,
2011 1145 2087 1174 bona
2100 1147 2134 1176 &
2150 1145 2345 1177 CatallaI-lcn-
2366 1165 2384 1187 E
2412 1171 2426 1187 2
2454 1145 2459 1150 ”

1291 1178 1342 1208 rici
1356 1177 1392 1207 de
1407 1177 1514 1218 Percy,
1532 1180 1563 1208 in
1578 1179 1681 1210 Balliva
1696 1180 1759 1218 suci,
1778 1181 1835 1210 fine
1847 1181 1996 1220 dilatione,
2013 1185 2102 1220 capiat
2118 1185 2146 1213 in
2163 1195 2279 1215 manum
2294 1196 2347 1215 no-
2366 1182 2452 1235 C‘hm's
2469 1197 2497 1225 6,

1292 1216 1392 1254 stram,
1412 1217 1446 1247 &
1461 1226 1492 1246 ea
1508 1215 1585 1248 salvo
1601 1217 1749 1249 Custodiri
1763 1218 1862 1257 faciat,
1879 1220 1972 1250 donec
1988 1220 2061 1251 aliud
2075 1231 2090 1251 a
2113 1223 2194 1252 nobis
2214 1223 2280 1253 inde
2299 1225 2349 1254 ha-
2369 1240 2400 1262 E.
2416 1220 2489 1264 2'7„

1293 1256 1386 1285 buerit
1402 1255 1432 1284 in
1446 1256 1599 1294 mandatis3
2369 1285 2383 1302 2
2387 1285 2402 1310 9

1331 1293 1422 1323 Vobis
1444 1293 1608 1325 mandamus
1627 1293 1720 1332 quod,
1739 1294 1760 1324 fi
1779 1294 1898 1326 fortaffis
1918 1295 2068 1328 resistentia
2090 1299 2180 1337 aliqua
2192 1300 2282 1331 eidem
2297 1300 2349 1332 Es·
2408 1295 2415 1302 ⁸

1293 1333 1398 1362 caetori
1413 1332 1487 1362 fa&a
1499 1332 1596 1371 fuerit,
1611 1343 1669 1370 quo
1682 1335 1774 1364 minus
1788 1335 1950 1365 mandatum
1964 1335 2093 1366 nostrum
2107 1338 2273 1375 praedictum
2288 1348 2352 1370 exe-

1295 1371 1344 1408 qui
1365 1380 1485 1408 nequeat
1500 1394 1510 1409 ,
1534 1380 1565 1402 ut
1585 1371 1724 1410 deberet,
1748 1381 1817 1403 tunc
1838 1383 1926 1413 partes
1945 1374 2048 1405 vestras
2073 1375 2160 1405 taliter
2181 1379 2324 1414 apponatis
2340 1402 2351 1416 ‚

1298 1408 1375 1446 quod
1399 1410 1562 1440 mandatum
1583 1410 1666 1450 illud,
1691 1410 1786 1442 vestro
1809 1412 1949 1443 mediante
1969 1414 2088 1452 auxilio,
2107 1414 2214 1452 plenius
2237 1424 2354 1453 exequa-

1295 1455 1350 1478 tur.

1335 1518 1424 1554 Teste
1437 1523 1520 1564 Rege
1535 1525 1607 1564 apud
1622 1525 1759 1558 London.
1778 1537 1825 1568 30.
1842 1528 1888 1559 die
1898 1528 1975 1568 Julii.

1517 1604 1571 1631 Per
1585 1603 1667 1643 ipfitm
1682 1607 1794 1644 Regem,
1813 1607 1970 1635 Nunciante
1983 1608 2021 1636 E.
2043 1606 2074 1636 de
2089 1606 2169 1636 Malo
2183 1606 2251 1637 lacu.

1320 1726 1369 1758 De
1389 1728 1512 1772 Corpore
1531 1724 1605 1759 disti
1624 1730 1752 1762 Henrici
1774 1729 1912 1821 capijina'o
1921 1740 2040 1777 propter
2062 1730 2175 1765 Cadem
2195 1734 2278 1764 Petri
2300 1729 2336 1764 de

1746 1779 1838 1810 Gava
1863 1791 1909 1812 on.

1293 1858 1426 1914 REX,
1444 1859 1549 1891 dileeto
1563 1860 1597 1891 ὅτ
1611 1860 1686 1891 fideli
1699 1861 1766 1899 suo,
1780 1862 1906 1900 Johanni
1920 1863 1956 1894 de
1979 1863 2144 1905 Moubray,
2161 1863 2285 1896 Custodi
2305 1864 2355 1896 suo
2376 1873 2451 1905 Αῃῃ,
2466 1870 2509 1904 D,

1367 1896 1530 1928 Comitatus
1543 1900 1577 1929 &
1592 1898 1720 1930 Civitatis
1732 1900 1865 1931 Eborum
1874 1925 1884 1939 ‚
1902 1902 2026 1933 salutem.
2398 1923 2482 1952 1312.

1334 1935 1413 1973 Qiia
1428 1936 1571 1967 Henricus
1586 1937 1622 1967 de
1636 1937 1742 1976 Percy,
1760 1949 1848 1977 nuper
1864 1951 1912 1978 per
1927 1941 2073 1979 Scriptum
2091 1941 2188 1980 suum,
2207 1943 2240 1973 &
2260 1952 2359 1973 coram
2378 1957 2430 1979 Aa.
2447 1954 2474 1979 6,

1296 1975 1396 2012 nobis,
1415 1975 1443 2004 in
1460 1975 1603 2012 praesentia
1617 1976 1730 2014 nostra,
1746 1977 1796 2007 sub
1811 1978 1991 2010 forisfactura
2004 1981 2073 2011 vitae
2088 1981 2122 2011 ὃς
2146 1981 2359 2019 membrorum,
2379 1996 2410 2018 E.
2430 2001 2456 2018 2,

1296 2012 1453 2043 Terrarum
1476 2014 1509 2044 &
1531 2013 1801 2054 Tenementorum,
1817 2027 1851 2047 ac
1871 2019 2005 2048 omnium
2023 2029 2086 2056 quae
2101 2019 2183 2048 nobis
2200 2019 2359 2049 forisfacere
2379 2030 2474 2058 Patss,

1297 2052 1416 2093 poterit,
1435 2053 1598 2093 manucepit
1611 2052 1729 2094 Petrum
1741 2055 1777 2084 de
1798 2055 1964 2093 Gaveston,
1983 2064 2052 2086 tunc
2071 2055 2222 2086 Comitem
2244 2057 2361 2087 Cornu·
2380 2072 2410 2095 E.
2429 2076 2455 2095 2,
2473 2073 2499 2103 p,

1300 2090 1369 2125 biae,
1388 2088 1423 2118 de
1444 2089 1590 2126 salvando,
1608 2091 1641 2121 &
1665 2092 1722 2120 ime
1741 2091 1867 2129 dampno
1877 2094 2072 2124 conseivando
2086 2094 2209 2125 eundern
2228 2094 2360 2134 Petrum,
2385 2114 2454 2134 Lm,
2466 2113 2510 2132 21,

1299 2127 1384 2164 usque
1405 2126 1439 2156 ad
1457 2136 1568 2158 certum
1588 2136 1715 2167 tempus,
1731 2129 1782 2159 sub
1803 2132 1885 2162 certis
1899 2132 1992 2162 modis
2005 2133 2038 2163 &
2052 2133 2281 2172 conditionibus,
2321 2135 2363 2164 ui-

1299 2165 1351 2194 bus
1366 2164 1443 2194 idem
1458 2164 1556 2196 Petrus
1570 2165 1596 2195 se
1616 2166 1735 2205 praefato
1756 2167 1905 2207 Henrico‚
1923 2172 1956 2201 &
1976 2171 2049 2208 aliis,
2067 2171 2190 2202 reddidit
2208 2180 2283 2202 extra
2325 2172 2362 2202 ‘a-

1299 2202 1391 2233 strum
1401 2203 1530 2233 nostrum
1545 2203 1581 2233 de
1595 2203 1809 2245 Scardeburgh,
1826 2208 1857 2237 in
1873 2218 1931 2246 quo
1948 2210 2126 2240 morabatur:

1336 2240 1475 2280 Idemque
1489 2242 1632 2272 l-lenricus
1646 2243 1849 2283 postmodum,
1867 2247 2020 2277 interfeEto
2040 2248 2156 2284 praefato
2176 2248 2281 2287 Petro,
2299 2257 2363 2280 ante.

1298 2288 1410 2316 tempus
1429 2280 1615 2317 praediemm,
1634 2281 1668 2310 &
1690 2292 1787 2312 contra
1807 2284 1910 2313 modos
1931 2285 1965 2314 δε
1985 2285 2167 2315 conditiones
2180 2286 2343 2323 supradictas

1301 2317 1336 2347 ad
1359 2327 1412 2347 nos
1432 2327 1492 2347 non
1511 2317 1640 2355 acceffit,
1658 2318 1696 2349 set
1717 2329 1733 2349 a
1748 2320 1831 2350 nobis
1843 2321 1870 2352 se
1883 2323 2006 2353 omnino
2020 2323 2169 2362 subtraxit3
2187 2334 2236 2362 per
2252 2325 2271 2344 ²*
2287 2310 2364 2364 quod
2383 2325 2397 2341 ⁴¹
2414 2323 2471 2353 111„

1298 2356 1328 2386 in
1345 2355 1490 2392 praemiffis
1506 2355 1625 2387 reddidit
1638 2356 1664 2386 se
1679 2357 1853 2398 suspectum,
2385 2372 2449 2400 ³35-

1334 2394 1430 2431 xVobis
1462 2395 1626 2424 mandamus
1641 2418 1651 2432 ,
1680 2395 1798 2427 firmiter
1826 2399 2003 2436 injungentes
2017 2424 2028 2438 ‚
2060 2399 2138 2438 quod
2159 2410 2264 2439 corpus
2286 2401 2367 2440 ipfius
2385 2396 2392 2401 ”

1300 2430 1422 2462 Henrici
1436 2431 1493 2462 fine
1515 2432 1648 2462 dilatione
1670 2435 1798 2473 capiatis,
1816 2436 1849 2466 δε
1871 2437 1962 2476 ipsum
1983 2437 2018 2468 ad
2038 2448 2107 2476 nos,
2123 2439 2288 2478 ubicunque
2305 2440 2367 2471 fue-

1301 2472 1405 2508 rimus,
1422 2470 1498 2501 salvo
1512 2471 1545 2501 &
1559 2471 1655 2502 secure
1669 2472 1791 2503 ducatis:
1812 2474 1850 2505 Et
1864 2475 1922 2506 hoc
1937 2477 2093 2508 nullatenus
2105 2479 2249 2510 omittatis.

1341 2545 1432 2578 Teste
1448 2545 1534 2584 Rege
1548 2546 1621 2587 apud
1637 2547 1782 2587 London,
1804 2559 1850 2589 31.
1866 2549 1914 2580 die
1923 2550 2001 2589 Julii.

1967 2631 2021 2658 Per
2037 2629 2120 2669 ipsum
2131 2633 2235 2668 Regem.

1545 2750 1593 2781 De
1613 2752 1708 2782 armis
1727 2749 2139 2800 Militaribnssitsbtpiendis.

1304 2832 1420 2891 REX
1436 2832 1611 2866 Vicecomiti
1625 2833 1774 2873 Eborum,
1791 2836 1916 2867 salutem.

1398 2871 1581 2912 Praecipimus
1594 2874 1661 2912 tibi,
1676 2871 1793 2904 firmiter
1813 2876 2003 2915 injungentes,
2021 2876 2100 2915 quod
2120 2887 2222 2908 omnes
2243 2876 2306 2909 illos
2327 2877 2364 2909 de
2403 2903 2478 2924 νη

1305 2907 1412 2941 Balliva
1432 2911 1498 2949 tua,
1523 2914 1573 2950 qui
1593 2912 1699 2943 habent
1721 2913 1822 2951 Qadr
1857 2915 1914 2944 inta
1934 2914 2042 2945 libratas
2062 2924 2158 2954 terrae,
2182 2917 2227 2948 vel
2246 2916 2363 2948 feodum
2382 2914 2435 2961 An>
2449 2935 2466 2959 5
2481 2915 2488 2923 ⁴

1303 2949 1386 2979 unius
1406 2948 1510 2980 Militis
1532 2952 1688 2990 integrum,
1706 2951 1799 2982 valens
1858 2952 2015 2992 uadraginta
2033 2952 2116 2984 libras
2129 2965 2179 2992 per
2193 2965 2317 2994 annum,
2331 2956 2365 2986 &
2384 2976 2403 2998 E
2427 2955 2450 2998 '2
2471 2955 2477 2961 '

1303 2985 1340 3016 de
1361 2987 1444 3017 nobis
1464 2996 1562 3019 tenent
1580 2990 1611 3018 in
1631 2990 1738 3027 capite,
1756 2991 1791 3021 &
1814 2989 1860 3020 M*
1872 2991 1923 3021 ites
1944 2991 2002 3021 effe
2021 2991 2143 3031 debent,
2161 2994 2195 3024 ὃς
2207 3004 2267 3025 non
2288 2994 2365 3032 sunt,
2382 2993 2469 3043 Clau)
2486 3010 2504 3035 6

1302 3025 1360 3055 slne
1381 3025 1515 3057 dilatione
1538 3026 1686 3064 distringas
1705 3028 1740 3058 ad
1754 3038 1831 3059 arma
1844 3028 1996 3068 Militaria,
2017 3031 2087 3061 citra
2103 3030 2217 3063 Festum
2232 3034 2364 3063 omnium
2383 3052 2404 3074 E
2430 3058 2444 3075 2
2466 3028 2513 3074 'ra-³

1303 3063 1475 3132 Sandgorum
1488 3067 1624 3104 proximo
1638 3066 1783 3106 futurum,
1801 3067 1847 3099 vel
1861 3069 1889 3097 in
1905 3068 2009 3099 eodem
2023 3068 2126 3109 Festo,
2143 3081 2159 3102 a
2181 3070 2262 3102 nobis
2282 3070 2366 3101 susci-
2385 3070 2430 3121 zp.
2443 3085 2471 3114 d

1326 3112 1369 3132 ien
1392 3114 1414 3133 a.

1304 3113 1323 3140 p
1342 3140 1499 3180 Distringas
1514 3142 1615 3182 etiam,
1633 3142 1690 3173 sine
1704 3142 1855 3182 dilatione,
1873 3153 1974 3176 omnes
1989 3145 2056 3176 alios
2067 3145 2103 3176 de
2116 3145 2221 3177 Balliva
2235 3145 2300 3186 tua,
2317 3149 2366 3186 qui

1302 3179 1406 3210 habent
1426 3180 1605 3220 quadraginta
1624 3179 1734 3213 libratas
1752 3190 1849 3221 terr-ae,
1866 3183 1911 3214 vel
1931 3183 2048 3214 feodum
2070 3185 2151 3215 unius
2175 3184 2277 3216 Militis
2295 3187 2368 3217 inte-

1303 3227 1406 3257 grum,
1431 3219 1525 3249 valens
1544 3219 1722 3259 quadraginta
1742 3219 1824 3251 libras
1841 3232 1891 3259 per
1909 3232 2017 3252 annum
2029 3245 2039 3260 ,
2058 3222 2094 3252 de
2116 3232 2300 3262 quocumque
2324 3233 2366 3255 te-

1303 3266 1403 3294 neant,
1421 3258 1454 3287 &
1469 3257 1575 3288 Milites
1590 3259 1647 3288 effe
1659 3258 1784 3297 debent,
1800 3260 1834 3290 &
1848 3269 1908 3290 non
1922 3260 2000 3299 sunt,
2018 3260 2053 3291 ad
2067 3261 2229 3299 hujusmodi
2247 3272 2322 3293 arma
2333 3263 2364 3292 in

1300 3294 1406 3325 eodem
1422 3296 1525 3334 Festo,
1543 3296 1589 3327 vel
1602 3297 1714 3327 interim
1728 3297 1907 3335 suscipienda.

1342 3333 1382 3364 Ita
1398 3334 1476 3371 quod
1492 3335 1600 3365 bonam
1616 3336 1650 3367 ὃ(
1663 3334 1847 3366 sufficientem
1860 3336 2034 3368 securitatem
2047 3337 2113 3368 inde
2126 3338 2162 3369 ab
2175 3338 2277 3369 eisdem
2292 3338 2364 3368 reci-

1301 3373 1375 3413 pias,
1390 3372 1423 3403 &
1438 3372 1555 3403 nomina
1569 3374 1699 3403 omnium
1712 3374 1899 3412 illorum‚per
1915 3375 2006 3406 visum
2021 3376 2145 3406 duorum
2159 3376 2287 3415 legalium
2302 3376 2365 3406 Mi-

1301 3412 1384 3441 litum
1400 3410 1564 3442 Comitatus
1577 3412 1719 3450 przedidli,
1738 3413 1768 3442 in
1784 3413 1909 3450 quodam
1925 3413 2038 3444 Rotulo
2051 3415 2205 3452 conscribi,
2224 3415 2257 3444 &
2270 3415 2353 3445 nobis

1302 3449 1352 3479 sub
1366 3449 1455 3486 sigillo
1468 3458 1536 3487 tuo,
1555 3451 1589 3481 ὃς
1610 3450 1704 3488 sigillis
1723 3450 1868 3482 dictorum
1889 3452 2014 3483 duorum
2034 3452 2182 3490 Militum,
2201 3452 2258 3482 fine
2277 3436 2364 3484 mor}

1302 3487 1449 3518 transmitti
1464 3488 1560 3526 facias;

1341 3525 1380 3556 Et
1393 3525 1462 3556 scire
1475 3534 1503 3556 te
1518 3526 1652 3557 volumus
1668 3527 1747 3566 quod
1764 3527 1800 3558 de
1815 3528 1895 3567 gestu
1909 3536 1978 3566 tuo,
1996 3529 2023 3557 in
2038 3528 2204 3570 executione
2218 3528 2362 3569 hujusmo-

1301 3564 1331 3594 di
1351 3564 1472 3594 mandati
1493 3564 1599 3603 nostri,
1616 3565 1783 3604 diligentem
1804 3566 1938 3597 faciemus
1957 3566 2180 3606 inquisitionem,
2204 3567 2238 3599 δε
2257 3576 2360 3599 extunc

1301 3603 1459 3633 remedium
1471 3602 1550 3641 super
1563 3603 1621 3634 hoc
1637 3603 1694 3633 fieri
1708 3605 1842 3635 faciemus
1856 3611 2041 3641 oportunum.

2381 2854 2457 2886 Ann.
2472 2853 2518 2888 Dr

1339 3679 1428 3710 Teste
1441 3679 1524 3717 Rege
1537 3679 1611 3717 apud
1627 3679 1762 3710 London.
1784 3688 1829 3718 31.
1847 3679 1894 3709 die
1900 3678 1977 3717 Julii.

1338 3754 1451 3786 Eodem
1475 3756 1565 3786 modo
1592 3755 1754 3786 mandatum
1779 3754 1820 3784 est
1843 3754 1955 3795 fingulis
1975 3755 2203 3791 vicecomitibus
2224 3768 2275 3798 per
2296 3758 2358 3791 An*

1300 3794 1403 3835 gliamg
1421 3803 1542 3832 excepto
1555 3792 1879 3843 VicecomitewLondon.

2411 3777 2476 3811 <a
2488 3779 2549 3822 1er
