2562 4279
187 147 238 174 20

43 237 124 270 Ann.
137 236 180 268 D.

43 286 159 345 2111322.
309 303 358 338 De
370 302 520 348 fidelitate
540 296 774 346 Rothomageffis
790 293 1011 346 Archiepifiopi
1028 301 1126 344 capta.

44 394 97 418 An.
114 391 142 418 6.
190 387 319 443 REX
337 388 444 418 dileffim
465 387 498 417 ὃ(
513 384 585 415 fideli
603 383 670 423 sno,
686 383 807 425 Rogero
821 385 857 416 de
871 383 1090 422 Wellesworth,
1107 379 1251 413 Escaetori

43 432 74 457 Ε.
97 439 122 456 2.
263 430 313 458 luo
329 427 399 457 citra
410 427 565 461 Trentam,
581 423 705 454 salutem.

44 469 99 495 Fin.
114 468 142 496 6.

44 509 74 532 E.
97 515 124 534 2,

43 552 80 570 m.
99 553 142 580 14.

40 814 60 833 ¹¹¹
78 815 131 842 111.

41 854 105 890 362.

38 2594 116 2628 Ann.
131 2593 171 2625 D.

61 2643 146 2673 1312.

40 2678 92 2701 An.
109 2676 136 2701 6.

40 2717 71 2739 E.
86 2721 112 2738 2.

40 2754 111 2777 Rom.
125 2748 159 2783 &-

39 2792 82 2815 Fr.
101 2789 130 2815 6.

40 2831 71 2854 Ε.
88 2836 115 2853 2.

39 2875 78 2892 m.
99 2863 141 2892 18.

41 2902 94 2930 dor.

80 3927 162 3958 ³111.

82 3971 148 4006 3⁶3-

228 464 327 496 Sciatis
345 465 421 503 quod
440 464 567 501 cepimus
585 461 746 493 fidelitatem
765 461 932 493 venerabilis
952 459 1057 498 Patris,
1075 458 1170 499 Egidii
1184 457 1250 502 Ro-

191 500 381 541 thomagensis
403 500 634 540 Archiepiscopi,
668 501 704 532 de
723 502 859 532 omnibus
878 500 974 530 Terris
995 500 1028 530 &
1047 498 1250 534 Tenementis,

191 551 255 580 quae
276 541 312 572 de
335 542 416 571 nobis
436 547 512 569 tenet
526 539 598 569 infra
613 538 749 579 Regnum
763 539 893 570 nostrum
908 538 1037 577 Angliae,
1056 537 1096 580 ὃς
1122 546 1182 580 nce,
1201 545 1249 579 per

191 580 396 610 transsationem
416 578 579 608 venerabilis
592 577 677 608 Patris
692 578 841 616 Bernardi,
859 587 949 615 nuper
965 576 1097 612 Archiepi
1109 583 1176 612 copi
1191 574 1250 603 loci

186 618 273 656 illius,
294 619 321 648 iri
344 616 597 654 Archiepiscopum
616 616 836 648 Narbonensem
873 617 908 647 ὃς
923 625 976 655 pro
991 613 1122 645 fidelitate
1137 613 1184 643 sua
1197 622 1251 642 no-

186 657 230 686 bis
241 657 369 686 nondum
385 655 523 693 praestita,
541 656 569 685 in
584 665 672 686 manu
686 655 780 686 nostra
793 655 838 686 exi
865 662 930 684 unt:

222 695 260 725 Et
281 694 348 724 ideo
368 695 451 724 vobis
474 693 654 732 mandamus,
671 694 750 735 quod
773 694 866 724 eidem
880 691 1002 730 Egidio,
1020 690 1068 722 vel
1081 691 1138 728 ejus
1153 689 1251 737 Attor-

185 741 267 769 nato,
283 732 386 762 Terras
398 733 432 763 &
444 732 625 763 Tenementa
639 733 790 771 praeditsta,
809 733 830 763 fi
843 731 876 762 ea
890 730 1054 768 occasione,
1066 730 1100 760 &
1113 738 1174 758 non
1187 727 1250 766 alia,

185 771 214 801 in
231 781 317 800 mann
332 770 428 802 nostrii
441 771 571 809 existant,
592 772 648 802 line
664 772 799 802 dilatione
811 770 940 801 liberetis.
1229 804 1235 810 ·

224 809 243 828 ⁷¹²
260 808 377 841 Proviso
397 810 478 848 quod
492 809 528 840 de
541 810 657 840 exitibus
671 811 826 841 Terrarum
841 809 874 839 &
888 808 1137 838 Tenementorum
1149 804 1250 844 praedi-

186 847 303 878 &orum

183 886 202 917 d
249 887 253 891 ²
298 871 320 917 d,
338 859 353 879 a
374 857 504 892 tempore
524 849 709 881 transsationis
723 849 884 888 praedidtae,
903 847 985 877 nobis
1000 845 1122 884 plenarie
1135 843 1249 883 respon-

204 896 267 917 eatis
280 897 296 917 a

332 887 513 918 Scaccarium
525 887 661 918 nostrum.

217 962 308 994 Teste
322 964 405 1004 Rege
417 964 491 1003 apud
504 964 547 994 W
549 964 729 1004 yndesoram,
747 963 887 995 tricesimo
902 961 949 992 die
961 959 1153 992 Novembris.

183 1037 340 1100 Eodem
355 1041 446 1086 modo
462 1041 626 1072 mandatum
641 1041 683 1073 est
696 1041 829 1072 Roberto
841 1040 877 1070 de
891 1038 1095 1076 Wodehouse,
1113 1036 1246 1068 Escaeto-

262 1090 284 1109 ri
299 1079 391 1121 Regis
405 1080 475 1111 ultra
489 1081 637 1111 Trentam.

222 1155 309 1186 Teste
324 1156 454 1197 utsupra.

402 1280 462 1315 Ad
476 1285 592 1329 Papam
602 1293 658 1329 pro
679 1279 837 1329 Ingeraldo
856 1280 892 1313 de
910 1280 1021 1314 ere.

183 1363 231 1425 P
240 1364 297 1395 ΑΡ
306 1365 348 1397 AE
368 1366 434 1398 Rex
449 1368 550 1398 devota
563 1368 666 1406 pedum
681 1367 774 1398 oscula
787 1367 942 1397 beatorum.
1215 1401 1230 1406 ..

282 1403 401 1436 Illorum
414 1409 526 1446 negotia
539 1408 667 1444 cupimus
681 1407 850 1445 prosperari,
864 1415 935 1444 quos
948 1405 979 1435 in
994 1403 1095 1434 nostris
1106 1401 1245 1442 obsequiis

182 1452 328 1481 promptos
342 1446 500 1475 invenimus
511 1446 544 1476 &
559 1445 658 1475 fideles.

222 1481 368 1519 Sperantes
386 1484 466 1522 igitur
486 1494 582 1521 preces
594 1483 717 1521 nostras,
735 1494 801 1522 quas
815 1493 868 1521 pro
880 1482 985 1513 dilecto
1000 1480 1116 1512 Clerico
1128 1478 1244 1523 nostro,

182 1519 332 1557 Ingeraldo
347 1523 383 1552 de
397 1522 511 1561 Warle,
530 1522 658 1553 Custode
673 1522 853 1553 Gardetobce
865 1521 969 1552 nostrae
988 1521 1081 1558 (cujus
1095 1518 1246 1556 obsequio-

182 1558 208 1588 sa
227 1561 441 1598 promptitudo,
459 1571 492 1592 ac
512 1562 628 1601 probata
648 1561 763 1592 fidelitas
776 1561 863 1601 ipsum
878 1571 963 1598 penes
974 1569 1026 1589 nos
1040 1558 1160 1588 reddunt
1173 1554 1246 1586 mul-

184 1598 315 1635 tipliciter
331 1599 501 1637 gratiosum)
521 1600 622 1631 vestrae
643 1599 811 1631 Beatitudini
831 1600 1014 1639 porrigimus,
1031 1596 1104 1638 apud
1123 1594 1246 1627 vestram

185 1636 378 1668 Clementiam
391 1639 555 1669 favorabiles
567 1639 706 1676 inveniri,
1127 1674 1133 1679 ⁵
1150 1674 1156 1679 ⁵

220 1673 330 1705 Vestrae
357 1676 502 1708 sanctitati
529 1678 671 1708 humiliter
691 1676 874 1715 supplicamns
888 1699 898 1714 ,
927 1676 1054 1715 quatinus
1078 1680 1247 1717 pemmonem

184 1713 362 1752 praesentibus
376 1715 551 1747 interclusam
559 1740 568 1755 ,
586 1716 621 1747 ad
634 1716 815 1746 exauditionis
827 1717 943 1755 gratiam
955 1715 1086 1754 dignetur
1098 1712 1247 1742 admittere

182 1751 273 1782 vestra
293 1752 445 1785 Paternitas
465 1755 633 1793 reverenda,
646 1755 683 1784 sic
706 1755 847 1794 benigne,
862 1755 957 1791 sicque
970 1752 1089 1793 gratiose
1102 1751 1247 1795 personam

183 1789 308 1820 nostram
318 1814 328 1829 ,
344 1793 363 1823 si
385 1793 491 1830 placet,
506 1795 588 1825 Pater
607 1793 726 1830 Saric'te,
743 1795 772 1823 in
786 1794 867 1823 dieto
880 1792 997 1822 Clerico
1009 1792 1165 1830 dignemini
1172 1798 1248 1833 'con-

184 1830 326 1871 templai-i,
345 1831 423 1871 quod
444 1832 511 1872 ipse,
532 1843 580 1873 per
599 1831 699 1863 vestrae
716 1831 905 1863 Gratitudinis
924 1831 1058 1871 gratiam,
1076 1827 1180 1868 assequi
1200 1837 1250 1858 va-

181 1867 235 1898 leat
248 1869 326 1906 quo‘d
339 1870 466 1900 intendit.

220 1904 393 1948 conservet,
413 1910 474 1941 &c.

221 1983 289 2015 Dat.
303 1986 375 2024 apud
390 1986 615 2026 Wyndesoram,
637 1988 722 2018 tertio
733 1986 778 2017 die
791 1985 971 2017 Decembris.

187 2061 403 2123 COnsimiles
422 2062 526 2094 Literae
543 2063 698 2102 diriguntur
721 2062 856 2093 Domino
868 2061 954 2100 Papae
969 2070 1022 2098 pro
1037 2059 1155 2097 praefato
1166 2057 1249 2103 Inge3

185 2141 191 2146 .
263 2101 356 2145 lardo,
373 2103 429 2131 viz.
445 2102 496 2133 snb
507 2101 559 2133 ista
570 2102 671 2133 forma.
708 2101 793 2141 Papae
808 2101 891 2140 Rex,
905 2099 965 2136 &c.
981 2106 1012 2129 ut
1018 2098 1104 2138 fitpra
1116 2097 1195 2138 usque
1209 2096 1249 2126 ibt

183 2140 493 2223 unffgssgetggissgfffi
513 2179 661 2224 humiliter,
678 2179 863 2223 supplicamus
876 2202 887 2217 ,
915 2186 1052 2217 quatenus
1073 2175 1248 2219 Petitionem

184 2217 292 2254 praefati
311 2216 417 2247 Clerici
439 2217 546 2256 nostri,
565 2228 614 2256 per
635 2218 753 2248 dilectos
776 2216 905 2247 Clerrcos
925 2217 1056 2253 nostros,
1075 2213 1248 2258 Magistrum

183 2255 220 2285 de
239 2255 385 2285 Pincebek
405 2256 438 2285 &
452 2255 645 2286 &Villielmum
659 2257 694 2285 de
708 2255 842 2293 Maldon‚
860 2254 961 2286 vestrae
976 2253 1144 2285 Beatitudini
1158 2261 1250 2289 porri-

184 2293 324 2332 gendam,
341 2293 375 2324 ad
389 2293 588 2333 exauditionis,
607 2293 667 2329 &a
682 2301 713 2323 ut
720 2294 814 2333 Jicpra.

225 2369 294 2401 Dat.
306 2377 337 2402 ut
349 2370 437 2409 supra.

302 2502 361 2537 Ad
377 2506 493 2550 Papam
504 2531 514 2546 ,
540 2503 577 2537 de
593 2502 674 2537 bonis
689 2502 953 2550 Friftobaldorum
972 2500 1145 2547 aristandis.

191 2587 358 2649 PAPAE
377 2588 443 2619 Rex
456 2589 558 2620 devota
571 2589 675 2628 pedum
688 2589 780 2620 oscula
794 2590 951 2620 beatorum.
1167 2627 1173 2632 .

297 2627 346 2658 De
365 2629 507 2658 immensis
528 2629 561 2659 &
576 2629 827 2659 innumerabilibus
838 2628 1042 2659 beneficiorum
1059 2626 1092 2656 &
1106 2634 1254 2666 gratiarum

191 2667 400 2707 largitionibus,
417 2669 517 2706 quibus
535 2677 586 2698 nos
608 2668 641 2699 &
655 2668 780 2706 nostros,
798 2678 831 2698 ac
852 2668 918 2698 alios
932 2677 984 2705 pro
997 2666 1097 2705 quibus
1110 2665 1256 2696 Sanffltati

192 2708 294 2738 vestrae
315 2706 464 2736 direximus
479 2716 574 2744 preces
588 2706 711 2745 nostraS,
729 2707 887 2746 frequenter
900 2706 989 2736 vestra
1003 2704 1119 2741 respexit
1135 2703 1256 2747 Munili-

193 2746 285 2777 centia
300 2743 468 2783 Paternalis,
486 2744 585 2775 vestrae
602 2745 802 2776 benivolentiae
819 2745 854 2776 ad
869 2753 984 2784 quantas
998 2743 1144 2782 possumus
1158 2751 1257 2780 gratia-

193 2794 257 2815 rum
279 2782 443 2822 assurgimus
464 2783 606 2821 actiones,
623 2783 763 2814 sumentes
785 2793 819 2814 ex
840 2783 987 2824 praemissis
1002 2782 1078 2820 spem
1093 2782 1258 2819 indubiam,

192 2823 227 2854 &
247 2821 380 2852 fiduciam
399 2822 571 2859 pleniorem,
597 2824 627 2852 in
645 2823 697 2853 hiis
718 2824 860 2860 praecipue
879 2832 942 2862 quae
961 2821 1109 2859 personam
1131 2820 1258 2851 nostram

193 2860 346 2900 specialiter
360 2869 470 2899 tangere
481 2861 678 2900 dinoscuntur,
692 2860 791 2892 vestrae
806 2861 976 2892 Paternitatis
990 2860 1172 2891 dulcedinem
1186 2858 1258 2889 fidu-

192 2900 299 2932 cialiter
311 2898 476 2938 requirendi.

229 2938 335 2976 Nuper
351 2938 503 2977 siquidem,
521 2937 556 2968 de
576 2937 705 2968 fidelitate
717 2938 844 2969 Emerici
858 2938 894 2969 de
909 2937 1107 2975 Friscobaldis,
1122 2937 1155 2967 &
1169 2935 1260 2966 Betti-

192 2978 223 3007 ni
242 2977 339 3008 Fratris
360 2978 434 3015 ejus,
450 2987 484 3007 ac
504 2977 623 3006 aliorum
646 2977 843 3008 Mercatorum
859 2977 894 3007 de
909 2978 1051 3008 Societate
1065 2975 1259 3007 Priscobaldo-

192 3025 256 3046 rum
276 3015 312 3046 de
326 3015 484 3053 Florentia,
503 3023 572 3045 tunc
587 3016 616 3044 in
632 3015 736 3054 Regno
749 3015 847 3045 nostro
861 3017 1125 3053 commorantium,
1144 3014 1258 3052 plenam

194 3054 326 3085 fiduciam
347 3055 524 3092 optinentes,
543 3053 613 3093 ipsos
635 3054 800 3084 collectores
814 3055 847 3085 &
864 3063 1021 3092 receptores
1036 3054 1147 3084 nostros
1163 3053 1258 3084 custu-

194 3102 304 3122 marum
327 3094 360 3124 &
382 3093 574 3130 quorumdam
595 3091 715 3122 aliorum
735 3094 860 3123 exituum
879 3094 911 3123 &
926 3101 1118 3133 proventuum
1134 3092 1259 3130 ejusdem

193 3131 307 3169 Regni,
326 3142 440 3162 necnon
459 3131 615 3161 Terrarum
637 3130 795 3161 nostrarum
816 3132 938 3169 Scotiae,
956 3133 1088 3171 xx'alliae,
1108 3131 1259 3164 &Hiber-

196 3170 270 3207 niae,
287 3178 319 3198 ac
339 3169 577 3199 omnimodorum
595 3169 719 3199 exituum
732 3170 832 3199 Terrae
844 3169 949 3200 nostrae
963 3170 1127 3209 Vasconiae,
1145 3181 1194 3210 per
1207 3180 1260 3200 no-

198 3207 265 3237 stras
277 3216 399 3247 patentes
414 3208 514 3237 litteras
528 3208 661 3237 duximus
674 3208 863 3247 deputand053
882 3209 918 3239 ita
931 3210 1008 3248 quod
1017 3233 1026 3247 ,
1044 3210 1078 3240 de
1092 3210 1261 3249 quibuscun-

198 3256 255 3284 que
267 3248 384 3284 receptis
397 3246 448 3276 suis
459 3269 468 3284 ,
486 3247 604 3276 nomine
617 3247 733 3284 nostro,
753 3248 782 3276 in
796 3247 904 3283 Regno
917 3248 950 3278 ἃ
965 3248 1064 3278 Terris
1077 3249 1176 3279 nostris
1190 3257 1262 3286 prae-

197 3284 294 3323 diciis,
312 3285 347 3314 de
362 3283 514 3323 custumis,
532 3286 661 3324 exitibus,
681 3287 714 3317 δε
729 3286 912 3325 proventibus
925 3288 1105 3326 memoratis,
1123 3288 1206 3318 nobis
1218 3288 1262 3317 in-

199 3325 278 3359 tegre
290 3323 497 3363 responderent.

228 3355 294 3400 Ἑῑ,
312 3363 375 3400 quia
389 3361 530 3399 praedicti,
549 3361 696 3391 Emericus
708 3362 740 3392 ὃ(
754 3362 894 3400 Bettinus,
908 3362 941 3394 &
955 3372 1052 3394 eorum
1067 3364 1145 3396 Socii
1159 3366 1195 3396 de
1208 3365 1263 3397 So-

201 3401 301 3430 cietate
313 3400 466 3438 proedistri,
484 3409 552 3430 cum
564 3400 697 3438 pecunia,
717 3400 752 3429 de
764 3399 926 3437 Custumis,
944 3403 1143 3442 proventibus,
1157 3405 1191 3435 &
1204 3405 1263 3434 exi-

204 3438 277 3467 tibus
290 3438 446 3477 praediffls,
459 3438 494 3468 de
506 3439 600 3477 aliquo
613 3448 763 3476 tempore,
780 3449 838 3477 quo
850 3448 1008 3478 receptores
1019 3443 1185 3472 eorumdem
1201 3443 1263 3472 fue-

206 3485 284 3513 rant,
304 3478 544 3515 provenientibus,
564 3485 704 3516 compoto
719 3477 762 3507 seu
778 3478 923 3508 ratiocinio
936 3479 1020 3508 nobis
1033 3480 1114 3518 inde,
1130 3482 1200 3512 sicut
1214 3482 1263 3511 de-

208 3514 288 3551 cuit,
306 3524 365 3544 non
384 3515 490 3554 soluto,
506 3526 558 3546 nec
581 3516 663 3545 nobis
679 3514 714 3545 de
727 3515 831 3545 eisdem
845 3515 994 3556 custumis,
1012 3520 1210 3557 proventibus,
1230 3522 1264 3552 δε

208 3552 327 3581 exitibus
346 3552 494 3592 satisfacio,
512 3554 650 3593 Regnum
665 3554 697 3584 &
714 3553 891 3584 Dominium
904 3555 998 3586 nostra
1012 3557 1115 3588 furtive
1130 3559 1163 3588 &
1178 3559 1265 3589 laten-

210 3592 254 3620 ter
275 3591 412 3629 exierunt,
428 3594 457 3622 in
478 3593 566 3622 nostri
587 3593 804 3632 deceptionem,
822 3593 1011 3632 nostrumque
1024 3596 1058 3626 ὃς
1070 3595 1167 3635 Regni
1179 3597 1267 3628 nostri

208 3627 258 3658 dis
271 3628 386 3659 endium
395 3631 574 3660 manifestum
583 3641 589 3660 t

230 3704 235 3710 .
283 3676 293 3696 t
308 3667 384 3704 jam,
403 3678 435 3698 ex
449 3669 614 3699 testimonio
625 3670 774 3701 didicimus
787 3669 950 3709 fidedigno,
969 3672 1047 3709 quod
1061 3673 1190 3712 praefatus
1204 3674 1270 3706 Bet-

216 3712 306 3748 tinus,
325 3706 357 3735 &
373 3708 486 3742 quidam
499 3708 544 3738 alii
558 3707 593 3737 de
606 3708 745 3739 Societate
758 3709 906 3748 praediciti,
922 3720 1011 3747 nuper
1025 3711 1058 3741 ad
1072 3711 1193 3743 vestram
1207 3712 1269 3745 Cu-

217 3753 287 3787 riam
301 3744 493 3784 declinarunt,
506 3755 639 3784 magnam
652 3756 758 3786 partem
773 3749 917 3778 bonorum
931 3748 967 3779 de
980 3749 1133 3790 custumis,
1150 3761 1273 3789 proven-

215 3782 309 3820 tibus,
322 3783 355 3812 &
378 3782 496 3813 exitibus
516 3785 654 3828 proedi&is
672 3784 766 3815 secum
789 3787 823 3817 ad
836 3787 953 3818 eandem
969 3786 1088 3819 Curiam
1101 3789 1272 3827 deferend03

242 3829 286 3849 uae
309 3820 423 3859 quidem
444 3822 519 3852 bona
539 3833 568 3852 in
590 3824 720 3853 manibus
738 3825 881 3863 ipsorum,
897 3826 930 3857 δε
946 3827 1134 3866 quorumdam
1153 3829 1187 3859 ali

263 3867 421 3888 creatorum
412 3882 440 3927 ὀ
452 3861 480 3889 in
494 3861 569 3891 dit-Tra
583 3860 672 3891 Curia
683 3865 944 3902 commorantium,
960 3875 1038 3896 nunc
1050 3866 1170 3897 existunt
1176 3839 1273 3905 30mm
1311 3829 1373 3890 R

296 3937 301 3941 ⁹
444 3898 605 3928 lenientiain
622 3899 731 3943 devotis
752 3903 881 3938 precibus
899 3907 1062 3942 requirimus
1079 3905 1113 3936 &
1129 3914 1278 3947 rogamus,

227 3944 355 3968 quatinus
374 3936 523 3972 praefatum
538 3938 556 3956 ²¹¹
572 3937 713 3968 Bettinum
722 3961 732 3976 ,
749 3940 782 3970 &
795 3941 852 3978 ejus
864 3940 964 3973 Socios
975 3943 1011 3974 de
1024 3944 1163 3974 societate
1175 3946 1279 3983 praedi-

263 3895 394 3927 Vestram

228 3972 291 4010 ἃᾶ,
310 3984 341 4004 ac
364 3984 464 4004 eorum
488 3975 561 4004 bona

307 4011 316 4019 Α
434 4014 439 4019 .
497 4014 501 4019 .
570 3977 625 4019 ,in
636 3986 883 4024 quorumcumque
898 3982 1045 4027 manibus,
1060 3984 1090 4012 in
1102 3982 1179 4013 dieta
1190 3983 1280 4016 Curi&⁴
1314 3993 1386 4014 num
1407 3984 1624 4029 Ambianensem
1642 3983 1816 4029 Episcopum
1854 3992 1887 4013 ac
1902 3980 2030 4026 Collegas
2043 3982 2127 4025 suos,
2143 3981 2367 4022 perDominum
2384 3987 2414 4012 Ε.
2435 3992 2462 4012 2.

228 4011 336 4051 vestran
350 4020 474 4053 POtCUDt
494 4023 629 4053 mvemssa
641 4014 739 4054 jubere
757 4016 918 4057 dlgnemlm
937 4021 1065 4060 arestari,
1082 4021 1279 4057 &suli-aresto
1315 4021 1429 4062 Regem
1444 4022 1569 4056 Franciae
1580 4005 1847 4064 desimamapudi’

643 107 1446 171 CONVENTIONES,
1499 110 1894 166 L1TERAE,

1287 200 1406 233 firmiter
1425 201 1557 242 detineri,
1576 203 1722 242 quousque
1741 203 1888 243 praedic'ti,
1905 202 2071 241 Emeficus,
2084 203 2226 242 Bettinus,
2240 203 2275 235 &
2300 212 2352 234 eo-
2366 195 2446 233 Ann-
2457 197 2500 230 D·

1290 250 1354 271 rum
1367 241 1446 272 Socii
1464 244 1682 282 praenominati,
1700 244 1781 273 nobis
1796 243 1876 282 super
1889 243 2005 280 receptis
2017 242 2068 273 suis
2081 241 2221 280 praedid‘tis
2234 242 2353 274 fecerint
2388 246 2474 278 1312.

1289 279 1367 347 ἓυοά
1386 280 1549 319 debebunt,
1567 290 1653 319 prout
1673 281 1768 311 dilecti
1790 280 1899 311 Clerici
1911 280 2002 311 nostri
2016 279 2054 310 M
2091 280 2164 318 istri,
2177 279 2354 312 Willielmus
2370 279 2436 307 ΕΜ·
2454 285 2484 313 2·.

1310 327 1327 347 e
1343 317 1483 356 Maidon,
1502 320 1535 350 &
1548 319 1692 350 Hernicus
1706 320 1742 350 de
1754 319 1936 358 Plunkeneye
1951 320 2034 359 (quos
2045 330 2062 350 a
2095 318 2217 351 vestram
2232 319 2354 358 praesen-

1290 357 1359 386 tiam
1373 357 1513 388 mittimus
1526 367 1560 388 ex
1574 358 1627 389 hac
1640 359 1732 396 causa,
1752 359 1785 388 &
1797 358 1899 396 quibus
1911 357 1992 396 super
2005 358 2065 389 hoc
2078 356 2256 396 exposuimus
2269 367 2352 388 rnen-

1288 401 1350 425 tem
1369 394 1496 425 nostram
1510 419 1520 435 ,
1552 397 1651 428 vestrae
1676 396 1842 427 Beatitudini
1861 395 1991 427 secretius
2009 395 2205 435 exponendam
2217 419 2227 434 ‚
2252 397 2355 436 quibus

1289 434 1376 463 etiarn
1395 435 1424 463 in
1441 433 1494 465 hac
1505 443 1584 473 parte
1597 434 1685 466 fidem
1700 434 1860 472 credulam,
1878 434 1900 464 fi
1911 435 2034 474 placeat,
2050 434 2215 474 praebeatis)
2230 434 2353 467 vestram

1289 469 1489 502 Paternitatem
1500 482 1535 503 ex
1549 482 1626 511 parte
1639 473 1748 513 nostrai³
1768 473 1874 511 plenius
1884 472 2012 516 duxerint
2025 473 2229 514 requirendam.

1326 509 1487 549 Pir-remissa,
1506 512 1526 542 li
1544 512 1645 550 libeat,
1662 511 1744 543 Pater
1758 512 1878 551 sinere,
1895 511 1973 543 alteri
1987 521 2048 542 non
2058 513 2229 552 pandantur,
2249 511 2352 550 quous-

1288 558 1345 591 que
1365 557 1492 587 rogatum
1514 549 1645 581 nostrum
1667 551 1747 588 super
1765 551 1815 580 illis
1829 550 1920 588 (cujus
1933 551 2074 588 expeditio
2086 553 2184 585 votiva
2197 550 2354 593 plurimum

1288 587 1385 618 inlidet
1403 588 1481 618 cordi
1495 588 1606 627 nostro)
1616 588 1743 628 infleritis
1755 588 1936 620 effedmaliter
1947 589 2103 628 adimpleri.

1327 624 1502 664 Conseri-et,
1517 627 1578 658 &c.

1325 701 1394 734 Dat.
1410 703 1484 742 apud
1497 703 1695 745 Wyndesore,
1709 706 1793 737 tertio
1807 705 1852 737 die
1867 704 2046 737 Decembris.

1287 827 1346 861 Ad
1368 832 1485 877 Papam
1507 841 1563 877 pro
1589 832 1726 877 Epissopo
1744 832 1847 864 Sansii
1861 830 1989 864 Andreae
2007 844 2018 870 ‚·
2039 844 2075 864 ne
2094 841 2224 865 vexetur
2235 840 2356 878 propter

2372 940 2449 973 Ann.
2461 942 2502 974 D.

2392 990 2477 1022 1312.

1557 877 1723 924 absentiam
1740 891 1759 912 a
1778 880 1905 913 Concilio
1927 881 2079 915 Generali.

1286 959 1369 1022 PA

1390 1002 1466 1034 Inter
1484 1013 1585 1036 caetera
1605 1004 1792 1036 desiderabilia
1806 1027 1815 1042 ,
1839 1014 1902 1043 quae
1915 1004 2036 1035 insident
2054 1004 2135 1036 cordi
2147 1004 2264 1044 nostro,
2280 1004 2350 1036 illud
2365 1024 2408 1048 A„
2439 1023 2456 1048 6

1285 1040 1478 1073 affeetandum
1505 1053 1565 1074 non
1588 1043 1722 1074 inmerito
1741 1042 1928 1081 arbitramur,
1954 1051 1986 1073 ut
2006 1045 2082 1073 circa
2103 1044 2296 1074 commodum
2315 1045 2349 1075 &
2366 1063 2387 1085 E
2413 1042 2432 1086 '2
2460 1043 2467 1049 “

1284 1081 1409 1117 quietem
1424 1081 1556 1120 illorum,
1575 1083 1623 1123 qui
1635 1083 1718 1113 nobis
1732 1081 1766 1112 &
1780 1080 1907 1112 fidelibus
1922 1081 2022 1111 nostris
2033 1081 2195 1112 constanter
2207 1082 2349 1114 adhaerent
2361 1081 2422 1125 ΚΑΜ
2437 1081 2486 1131 ⁶&

1285 1119 1320 1148 ὃς
1342 1118 1457 1150 fideliter
1471 1121 1501 1151 in
1518 1121 1635 1152 adversis
1648 1145 1658 1160 ,
1678 1120 1832 1152 efficaciter
1847 1120 2023 1158 procuranda
2035 1121 2262 1160 interponamus,
2280 1130 2348 1152 cum
2365 1139 2406 1164 Fr.
2423 1121 2442 1164 ᾗ

1286 1156 1416 1189 instantia
1428 1158 1537 1200 debita,
1556 1168 1645 1198 partes
1658 1160 1772 1191 nostras.
2368 1179 2397 1202 E.
2418 1158 2450 1202 2]

1324 1195 1406 1227 Cnm
1424 1198 1518 1235 itaque
1537 1207 1590 1237 pro
1611 1198 1761 1230 venerabili
1782 1196 1880 1236 Patre,
1897 1197 1950 1229 W.
1964 1197 2060 1229 Sanffl
2072 1197 2195 1229 Andreae
2205 1197 2352 1238 Episcopo
2367 1223 2393 1241 m
2422 1213 2456 1240 ,g

1288 1234 1298 1271 (
1306 1236 1354 1274 qui
1367 1236 1449 1266 nobis
1463 1238 1497 1268 δε
1511 1237 1756 1275 fidelibusnostris,
1772 1237 1800 1267 in
1813 1237 1905 1268 Terra
1920 1236 2015 1268 nostra
2028 1237 2152 1275 Scotiae,
2166 1236 2279 1268 adhaefit
2286 1237 2353 1268 hac·
2370 1235 2413 1280 do}
2458 1234 2467 1241 “

1286 1281 1364 1304 tenus
1379 1298 1388 1313 ,
1405 1275 1480 1311 juxta
1499 1275 1636 1307 fidelitatis
1653 1276 1708 1307 suae
1722 1277 1850 1307 debitum
1864 1299 1874 1314 ,
1892 1276 1926 1307 δε
1944 1276 2066 1307 adhaeret
2084 1276 2208 1307 similiter
2228 1275 2280 1306 hiis
2293 1276 2356 1306 die-
2416 1273 2423 1280 ”

1284 1312 1353 1349 bus)
1371 1322 1401 1343 ut
1415 1314 1495 1353 iplius
1507 1314 1656 1345 absentiam
1670 1317 1700 1346 in
1715 1314 1810 1346 vestro
1824 1313 1963 1345 Concilio
1975 1315 2112 1353 generali,
2130 1324 2220 1353 nuper
2232 1313 2357 1346 Viennae

1285 1351 1429 1382 celebrato
1442 1353 1451 1390 (
1467 1363 1520 1390 pro
1534 1363 1570 1383 eo
1583 1354 1661 1392 quod
1674 1354 1766 1392 ipsum
1780 1354 1810 1384 in
1822 1352 1914 1384 Terra
1926 1353 2022 1384 nostr&
2037 1353 2174 1392 praedicta
2187 1376 2198 1392 ,
2215 1363 2268 1391 pro
2282 1363 2355 1394 pace

1284 1390 1319 1420 «Sc
1341 1392 1433 1428 quiete
1454 1392 1552 1430 populi
1565 1415 1575 1430 ,
1591 1393 1624 1422 &
1637 1392 1757 1422 aliorum
1775 1392 1902 1422 fidelium
1916 1392 2097 1430 nostrorum,
2117 1393 2147 1423 in
2162 1393 2283 1432 partibus
2302 1392 2355 1422 illis

1283 1431 1542 1469 commorantium,
1560 1429 1713 1461 efficaciter
1733 1430 1916 1471 procurandis
1930 1453 1940 1468 ,
1957 1431 1991 1462 ὅτ,
2010 1430 2128 1461 fideliter
2143 1431 2357 1470 conservandis,

1284 1467 1434 1498 fecerimus
1453 1479 1596 1499 remanere
1612 1470 1622 1507 )
1641 1470 1745 1500 habere
1762 1469 1952 1506 dignaremini
1972 1468 2162 1500 favorabiliter
2180 1469 2355 1509 excusatam,

1284 1506 1386 1536 vcstrae
1400 1506 1570 1538 Clementiae
1583 1507 1647 1538 alias
1660 1509 1810 1539 direximus
1823 1517 1920 1548 preces
1933 1507 2060 1546 nostras,

1322 1545 1505 1577 Sanc'titatem
1520 1546 1642 1577 vestram
1657 1547 1749 1578 adhuc
1763 1548 1932 1586 requirimus
1947 1555 2016 1577 cum
2030 1544 2154 1585 affin,
2172 1547 2355 1585 quatinus‚nt

1285 1583 1362 1614 idem
1379 1583 1551 1624 Episcopus,
1571 1594 1684 1624 propter
1694 1586 1844 1617 absentiam
1857 1585 1933 1616 suam
1947 1595 1962 1615 a
1977 1583 2116 1615 Concilio
2130 1584 2356 1624 praedi&o,non

1285 1631 1401 1653 vexetur
1423 1625 1452 1653 in
1470 1625 1564 1664 aliquo
1575 1624 1620 1655 seu
1632 1634 1776 1664 gravetur,
1793 1623 1882 1654 nostri
1902 1624 2053 1664 rogaminis
2071 1624 2252 1662 interventu,
2267 1625 2302 1655 &
2320 1631 2356 1654 ex

1285 1662 1365 1692 caula
1377 1663 1514 1701 praedm&
1526 1664 1685 1695 concedere
1697 1664 1854 1703 dignemini
1869 1663 1996 1702 gratiose.

1323 1700 1359 1730 N
1361 1701 1478 1732 ollemus
1497 1710 1590 1732 antem
1610 1703 1687 1742 quod
1701 1703 1776 1732 idem
1789 1701 1963 1741 Episcopus,
1977 1710 2064 1740 quem
2078 1700 2158 1739 super
2168 1699 2290 1732 absentia
2306 1698 2356 1732 sui.

1285 1738 1419 1778 praediera
1440 1740 1624 1779 indempnem
1642 1741 1822 1780 promisimus
1840 1741 2006 1773 conservare
2018 1763 2029 1779 2
2046 1741 2196 1772 occasione
2213 1739 2261 1772 ina
2274 1740 2357 1772 dam-

1289 1787 1380 1816 pnum
1393 1778 1505 1818 aliquod
1521 1781 1676 1811 incurreret
1687 1779 1733 1811 seu
1747 1779 1892 1819 ja&uram.

1326 1815 1506 1857 Conservet,
1526 1819 1588 1849 &c.

1378 962 1446 995 PAE
1467 964 1536 996 Rex
1548 965 1651 996 devota
1666 965 1773 1005 pedum
1787 964 1881 996 oscula
1892 966 2048 997 beatorum.

1324 1893 1393 1926 Dat.
1413 1895 1486 1935 apud
1499 1895 1635 1936 Wyndes.
1650 1904 1751 1937 quarto
1763 1896 1811 1928 die
1823 1896 2008 1928 Decembris.

1310 2022 1361 2053 De
1378 2018 1624 2056 Liberationibus
1645 2023 1781 2070 Epifiopi
1806 2022 1990 2069 Glasguensts
2009 2019 2174 2054 allocandis
2191 2046 2203 2064 ,
2227 2031 2336 2053 necnon

1638 2075 1753 2105 Mariae
1769 2075 1885 2106 Sororis
1900 2073 1998 2117 Regis.

1356 2152 1382 2184 E
1391 2152 1423 2184 X
1439 2153 1595 2186 Batonibus
1609 2155 1662 2186 suis
1674 2155 1710 2186 de
1724 2155 1892 2194 Scaccario,
1911 2155 2036 2187 salutern.⁴
2122 2191 2127 2198 ⁸
2237 2191 2244 2197 ·
2259 2192 2266 2198 .
2375 2148 2453 2180 Ann-
2467 2148 2512 2181 n:

1405 2193 1534 2224 Allocate
1552 2194 1679 2225 Thomre
1700 2194 1738 2224 de
1757 2194 1964 2231 Warbeltone,
1980 2201 2069 2232 nuper
2089 2190 2276 2235 Vicecomiti·
2291 2191 2358 2223 Sut-
2398 2197 2485 2225 1312·

1284 2230 1457 2272 hamptoniae
1470 2255 1479 2270 ,
1494 2233 1524 2261 in
1539 2241 1680 2272 compoto
1691 2232 1756 2271 suo,
1772 2232 1808 2262 ad
1822 2231 2004 2262 Scaccarium
2019 2229 2204 2271 praedictum,
2220 2239 2359 2274 quinqua·
2375 2229 2428 2254 An.
2441 2228 2469 2255 ⁶·

1305 2270 1361 2300 inta
1374 2270 1407 2300 ὃ(
1422 2270 1526 2308 septem
1537 2271 1637 2301 solidos
1678 2280 1749 2308 quos
1770 2280 1818 2308 per
1832 2278 2007 2309 praeceptum
2022 2268 2172 2306 nostrum,
2190 2268 2226 2298 de
2241 2270 2358 2299 exitibus
2375 2269 2405 2309 E3
2427 2274 2453 2293 2·

1311 2308 1399 2352 allivae
1414 2307 1469 2338 suae
1477 2331 1492 2352 ,Ι
1505 2308 1630 2339 liberavit
1642 2294 1777 2339 Roberto
1789 2308 1940 2349 Wychard
1953 2307 2096 2347 Episcopo
2107 2306 2270 2352 Glasguenii
2279 2307 2358 2344 ,Pri-
2374 2302 2458 2332 Liber.
2483 2303 2512 2331 ⁶-

1285 2347 1347 2378 soni
1362 2347 1399 2376 de
1415 2346 1526 2385 Scotia,
1545 2349 1574 2377 in
1589 2346 1692 2377 Castro
1707 2348 1743 2378 de
1756 2347 1915 2379 Porcestria
1927 2353 2139 2384 commoranti,
2157 2356 2207 2376 um
2220 2344 2359 2386 Vallem,
2375 2345 2404 2369 Ε·
2425 2351 2453 2370 2·

1286 2386 1334 2416 uni
1353 2384 1510 2429 Capellano
1524 2409 1534 2425 ,
1551 2387 1584 2417 &
1604 2387 1654 2416 uni
1668 2385 1812 2417 Garcioni
1824 2408 1834 2423 ,
1853 2387 1955 2430 eidem·
1963 2385 2105 2423 Episcopo
2121 2384 2358 2430 ministrantibus,
2374 2389 2412 2409 m·
2430 2389 2458 2420 Ξ·

1285 2433 1339 2463 pro
1353 2424 1439 2454 vadus
1452 2423 1520 2461 sms,
1538 2435 1554 2455 a
1565 2424 1688 2455 crastino
1703 2425 1801 2456 Sancti
1818 2423 1986 2461 Michaelis,
2004 2433 2082 2454 anno
2101 2423 2203 2461 Regni
2215 2423 2306 2454 nostri
2319 2423 2360 2455 se-

1287 2461 1386 2494 cundo
1399 2485 1410 2500 ,
1433 2462 1517 2501 usque
1541 2463 1707 2494 vicesimum
1728 2465 1858 2502 quintum
1877 2463 1956 2494 diem
1970 2461 2154 2493 Novembris
2167 2463 2303 2500 proximo
2322 2462 2363 2494 se-

1288 2510 1444 2571 quentecilnl,
1463 2511 1514 2570 pter
1528 2502 1726 2542 quinquaginta
1740 2503 1774 2534 &
1789 2502 1896 2542 septem
1907 2501 1965 2533 dies
1979 2523 1989 2540 ,
2007 2509 2128 2541 utroque
2149 2500 2197 2532 die
2212 2509 2365 2541 computa-

1303 2551 1341 2577 ος
1359 2550 1389 2570 vr
1409 2550 1424 2569 e
1436 2550 1461 2570 ic

1327 2577 1470 2618 Episcopo
1483 2563 1532 2616 p³er
1547 2578 1625 2608 diem
1639 2578 1684 2608 sex
1697 2577 1838 2609 denarios:

1330 2616 1455 2647 Valletto
1469 2627 1519 2656 per
1533 2616 1610 2648 diem
1625 2626 1679 2647 tres
1691 2616 1834 2648 denarios:

1331 2654 1487 2694 Capellano
1501 2665 1552 2693 per
1565 2654 1641 2686 diem
1657 2665 1748 2686 unum
1759 2655 1906 2687 denarium
1920 2679 1931 2695 ,
1948 2656 1982 2688 &
1995 2665 2087 2688 unum
2099 2656 2241 2694 obolum,

1329 2693 1366 2725 Et
1380 2694 1521 2725 Garcioni
1535 2704 1584 2735 per
1597 2694 1673 2724 diem
1688 2703 1780 2724 unum
1793 2695 1958 2734 denarium,
1970 2696 2003 2727 &
2017 2705 2107 2726 unum
2122 2695 2255 2725 obolum.

1330 2732 1368 2763 Et
1381 2734 1486 2771 viginti
1500 2734 1533 2764 ὃς
1548 2733 1654 2773 septem
1672 2733 1753 2763 libras
1767 2756 1777 2771 ,
1795 2734 1828 2764 ὃ(
1849 2735 1876 2765 vi
1897 2735 1948 2764 inti
1962 2735 1995 2765 &
2011 2743 2100 2764 unum
2112 2733 2279 2770 denarium,
2296 2741 2368 2776 quos

1294 2771 1418 2802 similiter
1440 2781 1488 2809 per
1511 2781 1686 2809 praeceptum
1704 2771 1835 2802 nostrum
1850 2796 1860 2811 ,
1897 2783 1914 2803 e
1929 2772 2044 2804 exitibus
2060 2771 2172 2803 Bauivae
2186 2771 2259 2809 suae,
2275 2770 2366 2808 posuit

1293 2811 1323 2879 {in
1338 2810 1522 2879 prpistrabtigne
1535 2811 1673 2880 repom}
1689 2811 1718 2840 in
1724 2810 1847 2881 giorke'sta
1857 2810 1892 2842 de
1906 2810 2004 2880 c(iZhut,
2021 2811 2061 2880 81le
2069 2812 2097 2855 iri
2112 2811 2366 2880 caSriagioseorpki-rrg

1293 2859 1530 2933 stalariis
1540 2859 1636 2933 aaa
1651 2859 1786 2927 aazia
1803 2859 2032 2933 &namara
2048 2858 2364 2931 asianarum,
2382 2883 2398 2900 ι

1294 2927 1385 2956 Annis
1405 2926 1502 2965 Regni
1515 2926 1603 2957 nostri
1616 2926 1757 2965 secundo,
1775 2935 1877 2966 tertio,
1893 2936 2011 2966 quarto,
2029 2927 2064 2958 &
2101 2923 2365 2967 uint034wdelicet,
2383 2924 2449 2960 3⁶4·

1293 2966 1322 2996 in
1358 2964 1524 2996 rostratione
1540 2966 1575 2997 &
1587 2967 1708 3005 cariagio
1726 2966 1837 3005 triginta
1857 2966 1998 2996 roborum
2012 2937 2139 3004 quoiiiaet
2152 2963 2249 2994 Anno.

1355 3013 1366 3035 t
1387 3004 1534 3036 tresdecim
1556 3004 1657 3035 solidos
1672 3027 1682 3043 ,
1702 3014 1774 3042 quos
1794 3003 1915 3034 similiter
1930 3027 1940 3042 ,
1958 3014 2008 3042 per
2017 3009 2194 3046 praeceptum
2203 3000 2359 3046 nostrum,

1294 3042 1331 3074 de
1344 3043 1460 3074 exitibus
1473 3043 1584 3074 Ballivae
1598 3044 1668 3080 suae,
1688 3043 1780 3081 posuit
1791 3043 1821 3073 in
1835 3043 1958 3080 expensis
1969 3040 2137 3077 Willielmi,
2148 3039 2180 3083 ,F
2180 3039 2221 3070 ilii
2239 3040 2365 3071 Williel—

1295 3083 1360 3121 mi,
1379 3082 1416 3112 de
1435 3081 1561 3112 Castello
1581 3081 1618 3114 de
1638 3081 1751 3112 Canteb
1767 3082 1771 3086 '
1793 3080 1818 3112 ia
1850 3080 2005 3117 robatoris,
2024 3078 2211 3109 &locatione
2223 3088 2365 3118 equorum

1294 3131 1347 3160 pro
1362 3121 1466 3151 eodem
1479 3121 1657 3159 Willielmo,
1675 3121 1768 3151 duceri
1789 3128 1809 3148 0
1843 3128 1859 3149 e
1870 3117 2014 3158 Wynton.
2035 3116 2120 3156 usque
2134 3116 2313 3157 Newegate,
2330 3119 2364 3148 li-

1296 3159 1421 3204 berando
1433 3158 1557 3207 Custodi
1571 3158 1674 3203 Gaolae
1686 3157 1792 3189 nostrae
1806 3156 1915 3187 ibidem
1901 3180 1945 3224 W
1952 3156 1986 3186 &
1998 3155 2194 3223 expensisstam
2209 3156 2361 3202 hominum

1296 3206 1560 3267 {aurariis}
1593 3196 1741 3265 ieeiifflffii’a
1757 3194 1902 3272 ῧῗνῗῗιῖἳῃ.
1922 3194 2366 3273 υέἓὲῗωὸῗὲιέἔῖῑὲᾱῖἕὶῖἑξῖ

1299 3275 1387 3305 Anno
1404 3273 1501 3312 Regni
1514 3273 1604 3303 nostri
1617 3272 1752 3304 secundo.

1336 3313 1402 3343 Nisi
1418 3313 1509 3351 prius,
1528 3312 1589 3343 &c.

1337 3389 1374 3420 Et
1388 3390 1524 3427 recipiatis
1539 3389 1576 3419 ab
1595 3398 1631 3419 eo
1649 3388 1745 3419 brevia
1766 3385 1861 3417 nostra
1874 3387 1910 3418 de
1923 3395 2068 3427 praecepto
2082 3385 2118 3419 de
2134 3384 2222 3420 vadiis
2232 3384 2362 3427 praedicti

1302 3428 1452 3467 Episcopi,
1470 3429 1503 3459 &
1517 3427 1647 3465 suorum,
1665 3428 1700 3458 &
1712 3425 1871 3457 Probatoris
1887 3425 2024 3466 praediffl.

1340 3504 1430 3556 sseste
1443 3504 1526 3545 Rege
1537 3503 1610 3544 apud
1622 3502 1797 3545 Wyndesor.
1815 3513 1859 3535 10.
1876 3503 1924 3535 die
1936 3503 2116 3536 Decembris.

1853 3572 1908 3601 Per
1921 3570 2025 3602 Billam
2036 3567 2072 3602 de-
2081 3570 2223 3599 Scaccario.

1308 3698 1357 3730 De
1379 3693 1535 3730 trasiando
1545 3693 1636 3741 super
1654 3696 1789 3742 Negotiis
1806 3723 1816 3738 ‚
1841 3693 1984 3741 Proceffics
2000 3719 2012 3736 ,
2036 3703 2128 3740 nuper
2149 3691 2266 3726 habitos
2282 3690 2368 3745 apud

1602 3747 1828 3791 Petragoricum
1838 3772 1848 3788 ‚
1874 3739 2071 3790 tangentibus.

1380 3828 1443 3859 EX
1468 3829 1629 3860 Venerabili
1649 3829 1679 3859 in
1697 3829 1817 3861 Christo
1835 3828 1910 3860 Patri
1932 3825 1960 3866 J.
1980 3826 2080 3859 eadem
2099 3826 2185 3867 gratia
2199 3849 2211 3867 ,
2225 3825 2368 3867 Norwyc.
2386 3789 2454 3869 A1n3n
2449 3789 2506 3860 12D
2505 3813 2514 3822 ’

1391 3867 1536 3906 Episcopo
1545 3892 1555 3906 ,
1570 3867 1692 3898 salutern.
2164 3871 2166 3873 ’
2387 3872 2442 3897 An.
2453 3869 2482 3896 6.

1349 3906 1427 3946 Qiia
1439 3908 1517 3944 super
1530 3907 1663 3946 negotiis,
1681 3907 1856 3946 tangentibus
1866 3903 2029 3944 Proceflus,
2383 3910 2415 3936 Ε.
2435 3916 2464 3935 2.

1350 3945 1453 3983 Nuper
1467 3946 1576 3976 habitos
1585 3946 1657 3976 inter
1667 3956 1720 3977 vos
1733 3946 1767 3977 &
1779 3943 1912 3980 Collegas
1924 3941 2046 3981 vestros,
2061 3952 2111 3981 per
2122 3952 2193 3982 nos,
2211 3943 2246 3974 &
2259 3942 2368 3975 Domi-
2383 3946 2452 3984 Vasa.
2469 3946 2501 3983 ςΐ

1846 4022 2049 4063 etragoricum,
2386 4031 2424 4051 m.
2441 4028 2470 4058 ⁷·

2281 4056 2369 4098 Super
