<?xml version="1.0" encoding="UTF-8"?>
<!DOCTYPE html PUBLIC "-//W3C//DTD XHTML 1.0 Transitional//EN"
    "http://www.w3.org/TR/xhtml1/DTD/xhtml1-transitional.dtd">
<html xmlns="http://www.w3.org/1999/xhtml" xml:lang="en" lang="en">
 <head>
  <title>
</title>
<meta http-equiv="Content-Type" content="text/html;charset=utf-8" />
  <meta name='ocr-system' content='tesseract 3.04.00' />
  <meta name='ocr-capabilities' content='ocr_page ocr_carea ocr_par ocr_line ocrx_word'/>
</head>
<body>
  <div class='ocr_page' id='page_1' title='image "./fderaconventione02ryme_0668.png"; bbox 0 0 2562 4279; ppageno 0'>
   <div class='ocr_carea' id='block_1_1' title="bbox 113 163 244 279">
    <p class='ocr_par' dir='ltr' id='par_1_1' title="bbox 113 163 244 279">
     <span class='ocr_line' id='line_1_1' title="bbox 116 163 244 196; baseline -0.008 0"><span class='ocrx_word' id='word_1_1' title='bbox 116 163 244 196; x_wconf 71' lang='lat' dir='ltr'>AnnD.</span> 
     </span>
     <span class='ocr_line' id='line_1_2' title="bbox 137 202 222 243; baseline 0 -10"><span class='ocrx_word' id='word_1_2' title='bbox 137 202 222 243; x_wconf 65' lang='lat'>1338·</span> 
     </span>
     <span class='ocr_line' id='line_1_3' title="bbox 113 246 230 279; baseline -0.017 -8"><span class='ocrx_word' id='word_1_3' title='bbox 113 246 183 272; x_wconf 55' lang='grc' dir='ltr'>Ην.</span> <span class='ocrx_word' id='word_1_4' title='bbox 203 253 230 279; x_wconf 82' lang='lat'>3.</span> 
     </span>
    </p>
   </div>
   <div class='ocr_carea' id='block_1_2' title="bbox 115 730 244 810">
    <p class='ocr_par' dir='ltr' id='par_1_2' title="bbox 115 730 244 810">
     <span class='ocr_line' id='line_1_4' title="bbox 115 730 244 764; baseline -0.016 0"><span class='ocrx_word' id='word_1_5' title='bbox 115 731 190 764; x_wconf 82' lang='lat' dir='ltr'>Ann.</span> <span class='ocrx_word' id='word_1_6' title='bbox 203 730 244 762; x_wconf 90' lang='lat' dir='ltr'>D.</span> 
     </span>
     <span class='ocr_line' id='line_1_5' title="bbox 137 771 220 810; baseline 0 -10"><span class='ocrx_word' id='word_1_7' title='bbox 137 771 220 810; x_wconf 81' lang='lat'>1338.</span> 
     </span>
    </p>
   </div>
   <div class='ocr_carea' id='block_1_3' title="bbox 113 813 233 961">
    <p class='ocr_par' dir='ltr' id='par_1_3' title="bbox 113 813 233 961">
     <span class='ocr_line' id='line_1_6' title="bbox 113 813 226 838; baseline 0.009 -1"><span class='ocrx_word' id='word_1_8' title='bbox 113 813 167 837; x_wconf 79' lang='lat' dir='ltr'>An.</span> <span class='ocrx_word' id='word_1_9' title='bbox 185 819 226 838; x_wconf 83' lang='lat'>12.</span> 
     </span>
     <span class='ocr_line' id='line_1_7' title="bbox 113 868 232 914; baseline 0.008 -1"><span class='ocrx_word' id='word_1_10' title='bbox 113 868 232 914; x_wconf 45' lang='lat' dir='ltr'>„ilem-an.</span> 
     </span>
     <span class='ocr_line' id='line_1_8' title="bbox 118 929 233 961; baseline 0 -10"><span class='ocrx_word' id='word_1_11' title='bbox 118 929 196 951; x_wconf 79' lang='lat' dir='ltr'>12.E.</span> <span class='ocrx_word' id='word_1_12' title='bbox 207 933 233 961; x_wconf 83' lang='lat'>3.</span> 
     </span>
    </p>
   </div>
   <div class='ocr_carea' id='block_1_4' title="bbox 113 968 232 1037">
    <p class='ocr_par' dir='ltr' id='par_1_4' title="bbox 113 968 232 1037">
     <span class='ocr_line' id='line_1_9' title="bbox 113 968 232 999; baseline 0 -10"><span class='ocrx_word' id='word_1_13' title='bbox 113 968 139 999; x_wconf 80' lang='lat' dir='ltr'>p.</span> <span class='ocrx_word' id='word_1_14' title='bbox 158 972 181 990; x_wconf 88' lang='lat' dir='ltr'>i.</span> <span class='ocrx_word' id='word_1_15' title='bbox 196 972 232 991; x_wconf 86' lang='lat' dir='ltr'>m.</span> 
     </span>
     <span class='ocr_line' id='line_1_10' title="bbox 118 1009 160 1037; baseline 0.048 -10"><span class='ocrx_word' id='word_1_16' title='bbox 118 1009 160 1037; x_wconf 85' lang='lat'>¹7·</span> 
     </span>
    </p>
   </div>
   <div class='ocr_carea' id='block_1_5' title="bbox 270 84 320 123">
    <p class='ocr_par' dir='ltr' id='par_1_5' title="bbox 270 84 320 123">
     <span class='ocr_line' id='line_1_11' title="bbox 270 84 320 123; baseline 0 0"><span class='ocrx_word' id='word_1_17' title='bbox 270 84 320 123; x_wconf 86' lang='lat'>18</span> 
     </span>
    </p>
   </div>
   <div class='ocr_carea' id='block_1_6' title="bbox 260 159 1318 432">
    <p class='ocr_par' dir='ltr' id='par_1_6' title="bbox 260 159 1312 239">
     <span class='ocr_line' id='line_1_12' title="bbox 260 159 1312 205; baseline -0.007 -8"><span class='ocrx_word' id='word_1_18' title='bbox 260 167 326 205; x_wconf 84' lang='lat' dir='ltr'>quia</span> <span class='ocrx_word' id='word_1_19' title='bbox 345 165 427 196; x_wconf 87' lang='lat' dir='ltr'>nobis</span> <span class='ocrx_word' id='word_1_20' title='bbox 446 163 595 195; x_wconf 83' lang='lat' dir='ltr'>benivolus</span> <span class='ocrx_word' id='word_1_21' title='bbox 610 163 702 195; x_wconf 73' lang='lat' dir='ltr'>eittitit</span> <span class='ocrx_word' id='word_1_22' title='bbox 748 161 803 192; x_wconf 73' lang='lat' dir='ltr'>fuit</span> <span class='ocrx_word' id='word_1_23' title='bbox 821 161 970 200; x_wconf 70' lang='lat' dir='ltr'>perperam</span> <span class='ocrx_word' id='word_1_24' title='bbox 982 161 1190 201; x_wconf 75' lang='lat' dir='ltr'>interemptus,</span> <span class='ocrx_word' id='word_1_25' title='bbox 1205 171 1259 205; x_wconf 68' lang='lat' dir='ltr'>vos</span> <span class='ocrx_word' id='word_1_26' title='bbox 1274 159 1312 190; x_wconf 84' lang='lat' dir='ltr'>fic</span> 
     </span>
     <span class='ocr_line' id='line_1_13' title="bbox 264 186 1271 239; baseline -0.008 -3"><span class='ocrx_word' id='word_1_27' title='bbox 264 212 439 236; x_wconf 87' lang='lat' dir='ltr'>remunerare</span> <span class='ocrx_word' id='word_1_28' title='bbox 453 202 628 239; x_wconf 80' lang='lat' dir='ltr'>curabimus,</span> <span class='ocrx_word' id='word_1_29' title='bbox 645 186 726 239; x_wconf 80' lang='lat' dir='ltr'>quod</span> <span class='ocrx_word' id='word_1_30' title='bbox 739 199 877 231; x_wconf 86' lang='lat' dir='ltr'>debebitis</span> <span class='ocrx_word' id='word_1_31' title='bbox 890 201 1089 231; x_wconf 82' lang='lat' dir='ltr'>rationabiliter</span> <span class='ocrx_word' id='word_1_32' title='bbox 1104 207 1271 232; x_wconf 79' lang='lat' dir='ltr'>contentari.</span> 
     </span>
    </p>

    <p class='ocr_par' dir='ltr' id='par_1_7' title="bbox 262 237 1318 432">
     <span class='ocr_line' id='line_1_14' title="bbox 303 237 1316 281; baseline -0.003 -10"><span class='ocrx_word' id='word_1_33' title='bbox 303 242 397 273; x_wconf 85' lang='lat' dir='ltr'>Velitis</span> <span class='ocrx_word' id='word_1_34' title='bbox 407 241 490 278; x_wconf 81' lang='lat' dir='ltr'>igitur</span> <span class='ocrx_word' id='word_1_35' title='bbox 503 242 531 270; x_wconf 90' lang='lat' dir='ltr'>in</span> <span class='ocrx_word' id='word_1_36' title='bbox 545 239 708 270; x_wconf 70' lang='lat' dir='ltr'>Dilectione</span> <span class='ocrx_word' id='word_1_37' title='bbox 727 237 824 268; x_wconf 68' lang='lat' dir='ltr'>nostra</span> <span class='ocrx_word' id='word_1_38' title='bbox 847 237 1007 269; x_wconf 85' lang='lat' dir='ltr'>constanter</span> <span class='ocrx_word' id='word_1_39' title='bbox 1022 239 1180 277; x_wconf 80' lang='lat' dir='ltr'>persistere,</span> <span class='ocrx_word' id='word_1_40' title='bbox 1197 239 1231 269; x_wconf 89' lang='lat'>&amp;</span> <span class='ocrx_word' id='word_1_41' title='bbox 1243 246 1316 281; x_wconf 81' lang='lat' dir='ltr'>con—</span> 
     </span>
     <span class='ocr_line' id='line_1_15' title="bbox 265 276 1316 319; baseline -0.004 -9"><span class='ocrx_word' id='word_1_42' title='bbox 265 289 305 311; x_wconf 83' lang='lat' dir='ltr'>tra</span> <span class='ocrx_word' id='word_1_43' title='bbox 319 278 401 309; x_wconf 88' lang='lat' dir='ltr'>nobis</span> <span class='ocrx_word' id='word_1_44' title='bbox 415 277 597 308; x_wconf 64' lang='lat' dir='ltr'>,adversantes</span> <span class='ocrx_word' id='word_1_45' title='bbox 612 287 664 307; x_wconf 87' lang='lat' dir='ltr'>vos</span> <span class='ocrx_word' id='word_1_46' title='bbox 678 285 826 316; x_wconf 74' lang='lat' dir='ltr'>opponere</span> <span class='ocrx_word' id='word_1_47' title='bbox 838 276 916 314; x_wconf 75' lang='lat' dir='ltr'>juxta</span> <span class='ocrx_word' id='word_1_48' title='bbox 934 278 1025 315; x_wconf 63' lang='lat' dir='ltr'>virae3</span> <span class='ocrx_word' id='word_1_49' title='bbox 1045 278 1081 307; x_wconf 90' lang='lat' dir='ltr'>de</span> <span class='ocrx_word' id='word_1_50' title='bbox 1096 278 1316 319; x_wconf 83' lang='lat' dir='ltr'>Remuneratio-</span> 
     </span>
     <span class='ocr_line' id='line_1_16' title="bbox 262 314 1317 354; baseline -0.006 -5"><span class='ocrx_word' id='word_1_51' title='bbox 262 328 300 349; x_wconf 87' lang='lat' dir='ltr'>ne</span> <span class='ocrx_word' id='word_1_52' title='bbox 311 315 451 354; x_wconf 64' lang='lat' dir='ltr'>condigna</span> <span class='ocrx_word' id='word_1_53' title='bbox 464 314 657 353; x_wconf 85' lang='lat' dir='ltr'>confidentes,</span> <span class='ocrx_word' id='word_1_54' title='bbox 674 324 761 353; x_wconf 86' lang='lat' dir='ltr'>quam</span> <span class='ocrx_word' id='word_1_55' title='bbox 775 315 876 353; x_wconf 82' lang='lat' dir='ltr'>vobis,</span> <span class='ocrx_word' id='word_1_56' title='bbox 891 316 968 354; x_wconf 77' lang='lat' dir='ltr'>juxta</span> <span class='ocrx_word' id='word_1_57' title='bbox 980 316 1095 353; x_wconf 86' lang='lat' dir='ltr'>Regalis</span> <span class='ocrx_word' id='word_1_58' title='bbox 1109 315 1317 347; x_wconf 80' lang='lat' dir='ltr'>Munificentiae</span> 
     </span>
     <span class='ocr_line' id='line_1_17' title="bbox 262 352 1318 394; baseline -0.004 -8"><span class='ocrx_word' id='word_1_59' title='bbox 262 356 422 386; x_wconf 84' lang='lat' dir='ltr'>decentiam</span> <span class='ocrx_word' id='word_1_60' title='bbox 436 375 446 392; x_wconf 86' lang='lat'>‚</span> <span class='ocrx_word' id='word_1_61' title='bbox 470 355 504 386; x_wconf 88' lang='lat'>&amp;</span> <span class='ocrx_word' id='word_1_62' title='bbox 525 353 702 384; x_wconf 83' lang='lat' dir='ltr'>Meritorutn</span> <span class='ocrx_word' id='word_1_63' title='bbox 720 352 884 385; x_wconf 80' lang='lat' dir='ltr'>vestrorum</span> <span class='ocrx_word' id='word_1_64' title='bbox 904 355 1073 394; x_wconf 82' lang='lat' dir='ltr'>exigentiam</span> <span class='ocrx_word' id='word_1_65' title='bbox 1086 377 1097 392; x_wconf 95' lang='lat'>,</span> <span class='ocrx_word' id='word_1_66' title='bbox 1121 354 1204 385; x_wconf 85' lang='lat' dir='ltr'>vobis</span> <span class='ocrx_word' id='word_1_67' title='bbox 1226 353 1318 384; x_wconf 87' lang='lat' dir='ltr'>facere</span> 
     </span>
     <span class='ocr_line' id='line_1_18' title="bbox 262 394 437 432; baseline -0.017 -7"><span class='ocrx_word' id='word_1_68' title='bbox 262 394 437 432; x_wconf 79' lang='lat' dir='ltr'>pollicemur.</span> 
     </span>
    </p>
   </div>
   <div class='ocr_carea' id='block_1_7' title="bbox 298 466 1023 507">
    <p class='ocr_par' dir='ltr' id='par_1_8' title="bbox 298 466 1023 507">
     <span class='ocr_line' id='line_1_19' title="bbox 298 466 1023 507; baseline -0.001 -7"><span class='ocrx_word' id='word_1_69' title='bbox 298 468 368 500; x_wconf 81' lang='lat' dir='ltr'>Dat.</span> <span class='ocrx_word' id='word_1_70' title='bbox 385 466 460 507; x_wconf 86' lang='lat' dir='ltr'>apud</span> <span class='ocrx_word' id='word_1_71' title='bbox 472 467 592 498; x_wconf 85' lang='lat' dir='ltr'>Turrim</span> <span class='ocrx_word' id='word_1_72' title='bbox 608 466 743 498; x_wconf 71' lang='lat' dir='ltr'>London.</span> <span class='ocrx_word' id='word_1_73' title='bbox 761 466 867 499; x_wconf 65' lang='lat' dir='ltr'>octavo</span> <span class='ocrx_word' id='word_1_74' title='bbox 880 467 926 498; x_wconf 90' lang='lat' dir='ltr'>die</span> <span class='ocrx_word' id='word_1_75' title='bbox 941 467 1023 499; x_wconf 81' lang='lat' dir='ltr'>Maii.</span> 
     </span>
    </p>
   </div>
   <div class='ocr_carea' id='block_1_8' title="bbox 262 589 1318 673">
    <p class='ocr_par' dir='ltr' id='par_1_9' title="bbox 262 589 1318 673">
     <span class='ocr_line' id='line_1_20' title="bbox 262 589 1318 638; baseline 0 -13"><span class='ocrx_word' id='word_1_76' title='bbox 262 591 312 625; x_wconf 89' lang='lat' dir='ltr'>De</span> <span class='ocrx_word' id='word_1_77' title='bbox 326 594 438 624; x_wconf 76' lang='lat' dir='ltr'>Stanno</span> <span class='ocrx_word' id='word_1_78' title='bbox 454 589 593 637; x_wconf 85' lang='lat' dir='ltr'>capiendo</span> <span class='ocrx_word' id='word_1_79' title='bbox 610 616 619 633; x_wconf 87' lang='lat'>‚</span> <span class='ocrx_word' id='word_1_80' title='bbox 655 589 701 623; x_wconf 81' lang='lat' dir='ltr'>aa&#39;</span> <span class='ocrx_word' id='word_1_81' title='bbox 719 602 787 637; x_wconf 86' lang='lat' dir='ltr'>opus</span> <span class='ocrx_word' id='word_1_82' title='bbox 810 594 914 638; x_wconf 85' lang='lat' dir='ltr'>Regis,</span> <span class='ocrx_word' id='word_1_83' title='bbox 941 594 972 623; x_wconf 84' lang='lat' dir='ltr'>in</span> <span class='ocrx_word' id='word_1_84' title='bbox 985 592 1140 625; x_wconf 78' lang='lat' dir='ltr'>auxilium</span> <span class='ocrx_word' id='word_1_85' title='bbox 1155 595 1318 638; x_wconf 82' lang='lat' dir='ltr'>Supporta-</span> 
     </span>
     <span class='ocr_line' id='line_1_21' title="bbox 620 640 959 673; baseline 0.003 -1"><span class='ocrx_word' id='word_1_86' title='bbox 620 642 707 672; x_wconf 85' lang='lat' dir='ltr'>tionis</span> <span class='ocrx_word' id='word_1_87' title='bbox 721 641 858 673; x_wconf 82' lang='lat' dir='ltr'>Onerum</span> <span class='ocrx_word' id='word_1_88' title='bbox 876 640 959 673; x_wconf 83' lang='lat' dir='ltr'>Belli.</span> 
     </span>
    </p>
   </div>
   <div class='ocr_carea' id='block_1_9' title="bbox 262 722 1320 1644">
    <p class='ocr_par' dir='ltr' id='par_1_10' title="bbox 265 722 1319 800">
     <span class='ocr_line' id='line_1_22' title="bbox 265 722 1319 785; baseline 0.002 -32"><span class='ocrx_word' id='word_1_89' title='bbox 265 723 326 785; x_wconf 87' lang='lat' dir='ltr'><strong>R</strong></span> <span class='ocrx_word' id='word_1_90' title='bbox 336 722 416 760; x_wconf 90' lang='lat' dir='ltr'>EX,</span> <span class='ocrx_word' id='word_1_91' title='bbox 434 722 555 754; x_wconf 70' lang='lat' dir='ltr'>Dile&amp;is</span> <span class='ocrx_word' id='word_1_92' title='bbox 570 724 604 755; x_wconf 76' lang='grc' dir='ltr'>δε</span> <span class='ocrx_word' id='word_1_93' title='bbox 618 722 760 754; x_wconf 72' lang='lat' dir='ltr'>fidelibus</span> <span class='ocrx_word' id='word_1_94' title='bbox 771 723 841 762; x_wconf 83' lang='lat' dir='ltr'>suis,</span> <span class='ocrx_word' id='word_1_95' title='bbox 858 723 985 755; x_wconf 88' lang='lat' dir='ltr'>Ricardo</span> <span class='ocrx_word' id='word_1_96' title='bbox 999 723 1036 754; x_wconf 90' lang='lat' dir='ltr'>de</span> <span class='ocrx_word' id='word_1_97' title='bbox 1052 723 1178 762; x_wconf 89' lang='lat' dir='ltr'>Suthorp</span> <span class='ocrx_word' id='word_1_98' title='bbox 1194 748 1204 762; x_wconf 94' lang='lat'>,</span> <span class='ocrx_word' id='word_1_99' title='bbox 1223 724 1256 755; x_wconf 90' lang='lat'>&amp;</span> <span class='ocrx_word' id='word_1_100' title='bbox 1266 723 1319 762; x_wconf 83' lang='lat' dir='ltr'>Jo-</span> 
     </span>
     <span class='ocr_line' id='line_1_23' title="bbox 346 761 782 800; baseline 0 -9"><span class='ocrx_word' id='word_1_101' title='bbox 346 762 429 792; x_wconf 89' lang='lat' dir='ltr'>hanni</span> <span class='ocrx_word' id='word_1_102' title='bbox 445 761 630 800; x_wconf 89' lang='lat' dir='ltr'>Moneroun,</span> <span class='ocrx_word' id='word_1_103' title='bbox 648 761 782 793; x_wconf 87' lang='lat' dir='ltr'>Salutem.</span> 
     </span>
    </p>

    <p class='ocr_par' dir='ltr' id='par_1_11' title="bbox 301 799 509 838">
     <span class='ocr_line' id='line_1_24' title="bbox 301 799 509 838; baseline 0 -8"><span class='ocrx_word' id='word_1_104' title='bbox 301 799 398 830; x_wconf 80' lang='lat' dir='ltr'>Sciatis</span> <span class='ocrx_word' id='word_1_105' title='bbox 413 801 509 838; x_wconf 81' lang='lat' dir='ltr'>quod,</span> 
     </span>
    </p>

    <p class='ocr_par' dir='ltr' id='par_1_12' title="bbox 263 837 1320 921">
     <span class='ocr_line' id='line_1_25' title="bbox 301 837 1320 877; baseline 0.002 -9"><span class='ocrx_word' id='word_1_106' title='bbox 301 837 397 876; x_wconf 88' lang='lat' dir='ltr'>Cum,</span> <span class='ocrx_word' id='word_1_107' title='bbox 413 848 467 876; x_wconf 87' lang='lat' dir='ltr'>pro</span> <span class='ocrx_word' id='word_1_108' title='bbox 481 837 667 876; x_wconf 83' lang='lat' dir='ltr'>Expeditione</span> <span class='ocrx_word' id='word_1_109' title='bbox 682 837 869 877; x_wconf 88' lang='lat' dir='ltr'>quorumdam</span> <span class='ocrx_word' id='word_1_110' title='bbox 883 837 1037 870; x_wconf 83' lang='lat' dir='ltr'>arduorum</span> <span class='ocrx_word' id='word_1_111' title='bbox 1058 838 1091 870; x_wconf 95' lang='lat'>&amp;</span> <span class='ocrx_word' id='word_1_112' title='bbox 1107 837 1320 876; x_wconf 81' lang='lat' dir='ltr'>urgentiffimo-</span> 
     </span>
     <span class='ocr_line' id='line_1_26' title="bbox 263 877 1172 921; baseline 0.001 -14"><span class='ocrx_word' id='word_1_113' title='bbox 263 885 328 907; x_wconf 92' lang='lat' dir='ltr'>rum</span> <span class='ocrx_word' id='word_1_114' title='bbox 343 877 543 916; x_wconf 84' lang='lat' dir='ltr'>negotiorum,</span> <span class='ocrx_word' id='word_1_115' title='bbox 1054 915 1060 920; x_wconf 96' lang='lat'>.</span> <span class='ocrx_word' id='word_1_116' title='bbox 1165 915 1172 921; x_wconf 35' lang='lat'><em>⁶</em></span> 
     </span>
    </p>

    <p class='ocr_par' dir='ltr' id='par_1_13' title="bbox 262 914 1319 1069">
     <span class='ocr_line' id='line_1_27' title="bbox 304 914 1319 955; baseline 0.001 -9"><span class='ocrx_word' id='word_1_117' title='bbox 304 914 373 946; x_wconf 88' lang='lat' dir='ltr'>Nos</span> <span class='ocrx_word' id='word_1_118' title='bbox 385 940 395 954; x_wconf 94' lang='lat'>,</span> <span class='ocrx_word' id='word_1_119' title='bbox 419 925 453 946; x_wconf 83' lang='lat' dir='ltr'>ac</span> <span class='ocrx_word' id='word_1_120' title='bbox 472 914 677 946; x_wconf 84' lang='lat' dir='ltr'>Defenfionem</span> <span class='ocrx_word' id='word_1_121' title='bbox 697 915 732 945; x_wconf 89' lang='lat'>&amp;</span> <span class='ocrx_word' id='word_1_122' title='bbox 750 914 942 945; x_wconf 86' lang='lat' dir='ltr'>Salvationem</span> <span class='ocrx_word' id='word_1_123' title='bbox 961 914 1061 952; x_wconf 85' lang='lat' dir='ltr'>Regni</span> <span class='ocrx_word' id='word_1_124' title='bbox 1083 914 1188 955; x_wconf 81' lang='lat' dir='ltr'>nostri,</span> <span class='ocrx_word' id='word_1_125' title='bbox 1204 924 1319 947; x_wconf 82' lang='lat' dir='ltr'>caetera-</span> 
     </span>
     <span class='ocr_line' id='line_1_28' title="bbox 265 952 1317 992; baseline 0.002 -8"><span class='ocrx_word' id='word_1_126' title='bbox 265 963 386 992; x_wconf 87' lang='lat' dir='ltr'>rutnque</span> <span class='ocrx_word' id='word_1_127' title='bbox 400 954 554 984; x_wconf 87' lang='lat' dir='ltr'>Terrarum</span> <span class='ocrx_word' id='word_1_128' title='bbox 569 953 740 991; x_wconf 83' lang='lat' dir='ltr'>nostrarum,</span> <span class='ocrx_word' id='word_1_129' title='bbox 759 952 915 991; x_wconf 87' lang='lat' dir='ltr'>&amp;Jurium</span> <span class='ocrx_word' id='word_1_130' title='bbox 931 952 1061 984; x_wconf 73' lang='lat' dir='ltr'>Coronae</span> <span class='ocrx_word' id='word_1_131' title='bbox 1078 953 1200 991; x_wconf 86' lang='lat' dir='ltr'>nostrae,</span> <span class='ocrx_word' id='word_1_132' title='bbox 1219 965 1317 986; x_wconf 86' lang='lat' dir='ltr'>contra</span> 
     </span>
     <span class='ocr_line' id='line_1_29' title="bbox 266 990 1318 1033; baseline 0.002 -10"><span class='ocrx_word' id='word_1_133' title='bbox 266 991 406 1023; x_wconf 77' lang='lat' dir='ltr'>Hostium</span> <span class='ocrx_word' id='word_1_134' title='bbox 431 992 590 1023; x_wconf 82' lang='lat' dir='ltr'>Invasiones</span> <span class='ocrx_word' id='word_1_135' title='bbox 607 1014 618 1030; x_wconf 82' lang='lat'>,</span> <span class='ocrx_word' id='word_1_136' title='bbox 648 991 707 1021; x_wconf 65' lang='lat' dir='ltr'>tam</span> <span class='ocrx_word' id='word_1_137' title='bbox 733 1001 847 1028; x_wconf 88' lang='lat' dir='ltr'>propter</span> <span class='ocrx_word' id='word_1_138' title='bbox 874 991 1050 1023; x_wconf 89' lang='lat' dir='ltr'>Guerrarum</span> <span class='ocrx_word' id='word_1_139' title='bbox 1071 990 1295 1025; x_wconf 70' lang='lat' dir='ltr'>Commotiones</span> <span class='ocrx_word' id='word_1_140' title='bbox 1307 1018 1318 1033; x_wconf 85' lang='lat'>,</span> 
     </span>
     <span class='ocr_line' id='line_1_30' title="bbox 262 1030 810 1069; baseline -0.004 -8"><span class='ocrx_word' id='word_1_141' title='bbox 262 1031 352 1069; x_wconf 73' lang='lat' dir='ltr'>quam</span> <span class='ocrx_word' id='word_1_142' title='bbox 365 1031 426 1062; x_wconf 82' lang='lat' dir='ltr'>alias</span> <span class='ocrx_word' id='word_1_143' title='bbox 440 1031 546 1067; x_wconf 82' lang='lat' dir='ltr'>causas,</span> <span class='ocrx_word' id='word_1_144' title='bbox 566 1030 810 1069; x_wconf 86' lang='lat' dir='ltr'>contingentium,</span> 
     </span>
    </p>

    <p class='ocr_par' dir='ltr' id='par_1_14' title="bbox 301 1067 1161 1108">
     <span class='ocr_line' id='line_1_31' title="bbox 301 1067 1161 1108; baseline -0.001 -8"><span class='ocrx_word' id='word_1_145' title='bbox 301 1068 456 1100; x_wconf 77' lang='lat' dir='ltr'>Pecuniam</span> <span class='ocrx_word' id='word_1_146' title='bbox 470 1070 500 1098; x_wconf 86' lang='lat' dir='ltr'>in</span> <span class='ocrx_word' id='word_1_147' title='bbox 513 1067 650 1098; x_wconf 73' lang='lat' dir='ltr'>excessivi</span> <span class='ocrx_word' id='word_1_148' title='bbox 662 1069 812 1106; x_wconf 88' lang='lat' dir='ltr'>quantitate</span> <span class='ocrx_word' id='word_1_149' title='bbox 824 1068 969 1099; x_wconf 82' lang='lat' dir='ltr'>effundere</span> <span class='ocrx_word' id='word_1_150' title='bbox 984 1077 1161 1108; x_wconf 79' lang='lat' dir='ltr'>coarremur,</span> 
     </span>
    </p>

    <p class='ocr_par' dir='ltr' id='par_1_15' title="bbox 262 1106 1318 1367">
     <span class='ocr_line' id='line_1_32' title="bbox 303 1106 1318 1147; baseline 0.002 -9"><span class='ocrx_word' id='word_1_151' title='bbox 303 1107 423 1145; x_wconf 84' lang='lat' dir='ltr'>Propter</span> <span class='ocrx_word' id='word_1_152' title='bbox 438 1106 516 1146; x_wconf 90' lang='lat' dir='ltr'>quod</span> <span class='ocrx_word' id='word_1_153' title='bbox 552 1107 588 1137; x_wconf 90' lang='lat' dir='ltr'>de</span> <span class='ocrx_word' id='word_1_154' title='bbox 597 1106 770 1137; x_wconf 82' lang='lat' dir='ltr'>avisamento</span> <span class='ocrx_word' id='word_1_155' title='bbox 782 1106 906 1137; x_wconf 88' lang='lat' dir='ltr'>Concilii</span> <span class='ocrx_word' id='word_1_156' title='bbox 919 1106 1023 1145; x_wconf 85' lang='lat' dir='ltr'>nostri,</span> <span class='ocrx_word' id='word_1_157' title='bbox 1032 1107 1224 1138; x_wconf 84' lang='lat' dir='ltr'>ordinavimus</span> <span class='ocrx_word' id='word_1_158' title='bbox 1240 1109 1318 1147; x_wconf 89' lang='lat' dir='ltr'>quod</span> 
     </span>
     <span class='ocr_line' id='line_1_33' title="bbox 265 1129 1317 1185; baseline 0.002 -9"><span class='ocrx_word' id='word_1_159' title='bbox 265 1145 427 1184; x_wconf 85' lang='lat' dir='ltr'>Stannum,</span> <span class='ocrx_word' id='word_1_160' title='bbox 451 1148 482 1176; x_wconf 86' lang='lat' dir='ltr'>in</span> <span class='ocrx_word' id='word_1_161' title='bbox 504 1129 693 1176; x_wconf 53' lang='lat' dir='ltr'>&amp;emiratibus</span> <span class='ocrx_word' id='word_1_162' title='bbox 715 1144 874 1176; x_wconf 84' lang='lat' dir='ltr'>Cornubiae</span> <span class='ocrx_word' id='word_1_163' title='bbox 893 1146 927 1176; x_wconf 71' lang='grc' dir='ltr'>ὅ(</span> <span class='ocrx_word' id='word_1_164' title='bbox 949 1145 1094 1177; x_wconf 79' lang='lat' dir='ltr'>Devoniae</span> <span class='ocrx_word' id='word_1_165' title='bbox 1115 1146 1235 1176; x_wconf 85' lang='lat' dir='ltr'>existens</span> <span class='ocrx_word' id='word_1_166' title='bbox 1249 1171 1258 1185; x_wconf 89' lang='lat'>,</span> <span class='ocrx_word' id='word_1_167' title='bbox 1283 1147 1317 1178; x_wconf 93' lang='lat' dir='ltr'>ad</span> 
     </span>
     <span class='ocr_line' id='line_1_34' title="bbox 264 1183 1317 1224; baseline 0.002 -10"><span class='ocrx_word' id='word_1_168' title='bbox 264 1194 336 1224; x_wconf 83' lang='lat' dir='ltr'>opus</span> <span class='ocrx_word' id='word_1_169' title='bbox 348 1183 477 1215; x_wconf 86' lang='lat' dir='ltr'>nostrum</span> <span class='ocrx_word' id='word_1_170' title='bbox 493 1185 616 1222; x_wconf 83' lang='lat' dir='ltr'>capiatur</span> <span class='ocrx_word' id='word_1_171' title='bbox 630 1206 640 1222; x_wconf 92' lang='lat'>,</span> <span class='ocrx_word' id='word_1_172' title='bbox 661 1183 695 1213; x_wconf 87' lang='lat' dir='ltr'>ad</span> <span class='ocrx_word' id='word_1_173' title='bbox 715 1192 805 1221; x_wconf 88' lang='lat' dir='ltr'>partes</span> <span class='ocrx_word' id='word_1_174' title='bbox 828 1184 1016 1214; x_wconf 77' lang='lat' dir='ltr'>transmarinas</span> <span class='ocrx_word' id='word_1_175' title='bbox 1031 1184 1159 1215; x_wconf 84' lang='lat' dir='ltr'>celeriter</span> <span class='ocrx_word' id='word_1_176' title='bbox 1173 1185 1317 1224; x_wconf 85' lang='lat' dir='ltr'>mittatur,</span> 
     </span>
     <span class='ocr_line' id='line_1_35' title="bbox 264 1221 1318 1261; baseline 0.003 -9"><span class='ocrx_word' id='word_1_177' title='bbox 264 1223 294 1252; x_wconf 88' lang='lat' dir='ltr'>in</span> <span class='ocrx_word' id='word_1_178' title='bbox 310 1223 443 1254; x_wconf 75' lang='lat' dir='ltr'>auxilium</span> <span class='ocrx_word' id='word_1_179' title='bbox 457 1222 667 1260; x_wconf 82' lang='lat' dir='ltr'>supportationis</span> <span class='ocrx_word' id='word_1_180' title='bbox 681 1221 813 1252; x_wconf 88' lang='lat' dir='ltr'>Onerum</span> <span class='ocrx_word' id='word_1_181' title='bbox 827 1222 1027 1260; x_wconf 65' lang='lat' dir='ltr'>praedidimrum</span> <span class='ocrx_word' id='word_1_182' title='bbox 1043 1246 1052 1260; x_wconf 88' lang='lat'>,</span> <span class='ocrx_word' id='word_1_183' title='bbox 1067 1223 1104 1252; x_wconf 86' lang='lat' dir='ltr'>ita</span> <span class='ocrx_word' id='word_1_184' title='bbox 1118 1223 1197 1261; x_wconf 90' lang='lat' dir='ltr'>quod</span> <span class='ocrx_word' id='word_1_185' title='bbox 1212 1223 1318 1255; x_wconf 88' lang='lat' dir='ltr'>Homi-</span> 
     </span>
     <span class='ocr_line' id='line_1_36' title="bbox 262 1260 1317 1300; baseline 0.003 -10"><span class='ocrx_word' id='word_1_186' title='bbox 262 1261 360 1299; x_wconf 85' lang='lat' dir='ltr'>nibus,</span> <span class='ocrx_word' id='word_1_187' title='bbox 377 1271 393 1291; x_wconf 92' lang='lat' dir='ltr'>a</span> <span class='ocrx_word' id='word_1_188' title='bbox 406 1261 506 1300; x_wconf 89' lang='lat' dir='ltr'>quibus</span> <span class='ocrx_word' id='word_1_189' title='bbox 522 1261 658 1291; x_wconf 85' lang='lat' dir='ltr'>Stannum</span> <span class='ocrx_word' id='word_1_190' title='bbox 672 1260 738 1290; x_wconf 88' lang='lat' dir='ltr'>illud</span> <span class='ocrx_word' id='word_1_191' title='bbox 751 1261 812 1297; x_wconf 86' lang='lat' dir='ltr'>capi</span> <span class='ocrx_word' id='word_1_192' title='bbox 826 1261 974 1299; x_wconf 81' lang='lat' dir='ltr'>contigerit</span> <span class='ocrx_word' id='word_1_193' title='bbox 990 1283 1000 1298; x_wconf 89' lang='lat'>‚</span> <span class='ocrx_word' id='word_1_194' title='bbox 1024 1260 1061 1290; x_wconf 89' lang='lat' dir='ltr'>de</span> <span class='ocrx_word' id='word_1_195' title='bbox 1076 1260 1173 1291; x_wconf 89' lang='lat' dir='ltr'>Pretio</span> <span class='ocrx_word' id='word_1_196' title='bbox 1194 1262 1317 1300; x_wconf 91' lang='lat' dir='ltr'>ejusdem</span> 
     </span>
     <span class='ocr_line' id='line_1_37' title="bbox 262 1297 1318 1367; baseline 0.002 -37"><span class='ocrx_word' id='word_1_197' title='bbox 262 1299 380 1367; x_wconf 48' lang='lat' dir='ltr'>{31an</span> <span class='ocrx_word' id='word_1_198' title='bbox 397 1299 431 1330; x_wconf 93' lang='lat' dir='ltr'>ad</span> <span class='ocrx_word' id='word_1_199' title='bbox 450 1308 540 1330; x_wconf 86' lang='lat' dir='ltr'>certos</span> <span class='ocrx_word' id='word_1_200' title='bbox 561 1300 696 1330; x_wconf 90' lang='lat' dir='ltr'>terminos</span> <span class='ocrx_word' id='word_1_201' title='bbox 717 1298 855 1329; x_wconf 90' lang='lat' dir='ltr'>solvendo</span> <span class='ocrx_word' id='word_1_202' title='bbox 868 1321 878 1338; x_wconf 84' lang='lat'>,</span> <span class='ocrx_word' id='word_1_203' title='bbox 894 1297 1032 1329; x_wconf 87' lang='lat' dir='ltr'>sufficiens</span> <span class='ocrx_word' id='word_1_204' title='bbox 1047 1299 1184 1330; x_wconf 85' lang='lat' dir='ltr'>Securitas</span> <span class='ocrx_word' id='word_1_205' title='bbox 1198 1310 1250 1339; x_wconf 89' lang='lat' dir='ltr'>per</span> <span class='ocrx_word' id='word_1_206' title='bbox 1264 1311 1318 1332; x_wconf 90' lang='lat' dir='ltr'>nos</span> 
     </span>
    </p>

    <p class='ocr_par' dir='ltr' id='par_1_16' title="bbox 300 1345 312 1367">
     <span class='ocr_line' id='line_1_38' title="bbox 300 1345 312 1367; baseline 0 0"><span class='ocrx_word' id='word_1_207' title='bbox 300 1345 312 1367; x_wconf 92' lang='lat' dir='ltr'>t</span> 
     </span>
    </p>

    <p class='ocr_par' dir='ltr' id='par_1_17' title="bbox 265 1362 1319 1644">
     <span class='ocr_line' id='line_1_39' title="bbox 303 1362 1318 1415; baseline 0.001 -9"><span class='ocrx_word' id='word_1_208' title='bbox 303 1362 372 1406; x_wconf 52' lang='lat' dir='ltr'>filos</span> <span class='ocrx_word' id='word_1_209' title='bbox 385 1398 395 1415; x_wconf 89' lang='lat'>,</span> <span class='ocrx_word' id='word_1_210' title='bbox 420 1375 455 1406; x_wconf 88' lang='lat' dir='ltr'>de</span> <span class='ocrx_word' id='word_1_211' title='bbox 473 1375 564 1406; x_wconf 73' lang='lat' dir='ltr'>vestra</span> <span class='ocrx_word' id='word_1_212' title='bbox 584 1374 788 1412; x_wconf 59' lang='lat' dir='ltr'>circumspecta</span> <span class='ocrx_word' id='word_1_213' title='bbox 804 1373 936 1405; x_wconf 68' lang='lat' dir='ltr'>industria</span> <span class='ocrx_word' id='word_1_214' title='bbox 957 1375 1130 1407; x_wconf 85' lang='lat' dir='ltr'>confidentes</span> <span class='ocrx_word' id='word_1_215' title='bbox 1144 1399 1154 1414; x_wconf 80' lang='lat'>‚</span> <span class='ocrx_word' id='word_1_216' title='bbox 1172 1376 1318 1407; x_wconf 76' lang='lat' dir='ltr'>affonavi-</span> 
     </span>
     <span class='ocr_line' id='line_1_40' title="bbox 267 1413 1318 1455; baseline 0.002 -11"><span class='ocrx_word' id='word_1_217' title='bbox 267 1423 331 1444; x_wconf 89' lang='lat' dir='ltr'>mus</span> <span class='ocrx_word' id='word_1_218' title='bbox 347 1414 598 1452; x_wconf 66' lang='lat' dir='ltr'>vos,conjun&amp;im</span> <span class='ocrx_word' id='word_1_219' title='bbox 612 1415 645 1444; x_wconf 74' lang='grc' dir='ltr'>δε</span> <span class='ocrx_word' id='word_1_220' title='bbox 658 1413 783 1451; x_wconf 65' lang='lat' dir='ltr'>divium,</span> <span class='ocrx_word' id='word_1_221' title='bbox 797 1413 831 1443; x_wconf 86' lang='lat' dir='ltr'>ad</span> <span class='ocrx_word' id='word_1_222' title='bbox 844 1413 1029 1453; x_wconf 78' lang='lat' dir='ltr'>capiendum,</span> <span class='ocrx_word' id='word_1_223' title='bbox 1042 1413 1076 1444; x_wconf 88' lang='lat' dir='ltr'>ad</span> <span class='ocrx_word' id='word_1_224' title='bbox 1091 1424 1162 1452; x_wconf 86' lang='lat' dir='ltr'>opus</span> <span class='ocrx_word' id='word_1_225' title='bbox 1177 1425 1216 1445; x_wconf 90' lang='lat' dir='ltr'>no</span> <span class='ocrx_word' id='word_1_226' title='bbox 1245 1426 1318 1455; x_wconf 84' lang='lat' dir='ltr'>rum,</span> 
     </span>
     <span class='ocr_line' id='line_1_41' title="bbox 266 1451 1319 1491; baseline 0.001 -8"><span class='ocrx_word' id='word_1_227' title='bbox 266 1460 360 1484; x_wconf 90' lang='lat' dir='ltr'>totum</span> <span class='ocrx_word' id='word_1_228' title='bbox 375 1452 512 1483; x_wconf 88' lang='lat' dir='ltr'>Stannum</span> <span class='ocrx_word' id='word_1_229' title='bbox 529 1453 557 1481; x_wconf 86' lang='lat' dir='ltr'>in</span> <span class='ocrx_word' id='word_1_230' title='bbox 571 1451 761 1482; x_wconf 84' lang='lat' dir='ltr'>Comitatibus</span> <span class='ocrx_word' id='word_1_231' title='bbox 776 1452 915 1490; x_wconf 76' lang='lat' dir='ltr'>praedictis</span> <span class='ocrx_word' id='word_1_232' title='bbox 928 1451 1086 1491; x_wconf 86' lang='lat' dir='ltr'>Cunitum,</span> <span class='ocrx_word' id='word_1_233' title='bbox 1104 1455 1137 1484; x_wconf 72' lang='grc' dir='ltr'>ὅ(</span> <span class='ocrx_word' id='word_1_234' title='bbox 1154 1454 1238 1484; x_wconf 84' lang='lat' dir='ltr'>etiam</span> <span class='ocrx_word' id='word_1_235' title='bbox 1256 1453 1319 1485; x_wconf 91' lang='lat' dir='ltr'>Cu-</span> 
     </span>
     <span class='ocr_line' id='line_1_42' title="bbox 266 1489 1319 1530; baseline 0.002 -9"><span class='ocrx_word' id='word_1_236' title='bbox 266 1491 419 1528; x_wconf 90' lang='lat' dir='ltr'>niendum,</span> <span class='ocrx_word' id='word_1_237' title='bbox 437 1500 505 1521; x_wconf 91' lang='lat' dir='ltr'>curn</span> <span class='ocrx_word' id='word_1_238' title='bbox 520 1489 658 1520; x_wconf 87' lang='lat' dir='ltr'>Cunitum</span> <span class='ocrx_word' id='word_1_239' title='bbox 674 1489 772 1529; x_wconf 85' lang='lat' dir='ltr'>fuerit,</span> <span class='ocrx_word' id='word_1_240' title='bbox 793 1492 827 1521; x_wconf 69' lang='grc' dir='ltr'>ὃς</span> <span class='ocrx_word' id='word_1_241' title='bbox 841 1491 869 1520; x_wconf 92' lang='lat' dir='ltr'>in</span> <span class='ocrx_word' id='word_1_242' title='bbox 882 1490 984 1521; x_wconf 86' lang='lat' dir='ltr'>eisdem</span> <span class='ocrx_word' id='word_1_243' title='bbox 1000 1490 1192 1522; x_wconf 85' lang='lat' dir='ltr'>Comitatibus</span> <span class='ocrx_word' id='word_1_244' title='bbox 1202 1494 1261 1530; x_wconf 90' lang='lat' dir='ltr'>jam</span> <span class='ocrx_word' id='word_1_245' title='bbox 1276 1495 1319 1523; x_wconf 85' lang='lat' dir='ltr'>in-</span> 
     </span>
     <span class='ocr_line' id='line_1_43' title="bbox 265 1528 1318 1568; baseline 0.003 -8"><span class='ocrx_word' id='word_1_246' title='bbox 265 1537 402 1568; x_wconf 88' lang='lat' dir='ltr'>ventum,</span> <span class='ocrx_word' id='word_1_247' title='bbox 418 1529 478 1559; x_wconf 74' lang='lat' dir='ltr'>tam</span> <span class='ocrx_word' id='word_1_248' title='bbox 497 1528 569 1559; x_wconf 81' lang='lat' dir='ltr'>infra</span> <span class='ocrx_word' id='word_1_249' title='bbox 592 1528 746 1559; x_wconf 85' lang='lat' dir='ltr'>Libertates</span> <span class='ocrx_word' id='word_1_250' title='bbox 761 1551 772 1567; x_wconf 83' lang='lat'>‚</span> <span class='ocrx_word' id='word_1_251' title='bbox 798 1529 885 1567; x_wconf 71' lang='lat' dir='ltr'>quam</span> <span class='ocrx_word' id='word_1_252' title='bbox 904 1538 995 1567; x_wconf 76' lang='lat' dir='ltr'>eXtra,</span> <span class='ocrx_word' id='word_1_253' title='bbox 1015 1529 1071 1560; x_wconf 88' lang='lat' dir='ltr'>sive</span> <span class='ocrx_word' id='word_1_254' title='bbox 1086 1531 1114 1561; x_wconf 87' lang='lat' dir='ltr'>in</span> <span class='ocrx_word' id='word_1_255' title='bbox 1129 1532 1258 1562; x_wconf 84' lang='lat' dir='ltr'>manibus</span> <span class='ocrx_word' id='word_1_256' title='bbox 1272 1533 1318 1563; x_wconf 90' lang='lat' dir='ltr'>vel</span> 
     </span>
     <span class='ocr_line' id='line_1_44' title="bbox 265 1565 1319 1607; baseline 0.003 -10"><span class='ocrx_word' id='word_1_257' title='bbox 265 1565 393 1597; x_wconf 67' lang='lat' dir='ltr'>custodia</span> <span class='ocrx_word' id='word_1_258' title='bbox 408 1565 607 1598; x_wconf 82' lang='lat' dir='ltr'>Mercatorurn</span> <span class='ocrx_word' id='word_1_259' title='bbox 619 1566 847 1605; x_wconf 81' lang='lat' dir='ltr'>Alienigenarum</span> <span class='ocrx_word' id='word_1_260' title='bbox 859 1590 869 1607; x_wconf 90' lang='lat'>,</span> <span class='ocrx_word' id='word_1_261' title='bbox 900 1567 955 1598; x_wconf 82' lang='lat' dir='ltr'>five</span> <span class='ocrx_word' id='word_1_262' title='bbox 968 1567 1181 1607; x_wconf 77' lang='lat' dir='ltr'>indigenarum,</span> <span class='ocrx_word' id='word_1_263' title='bbox 1200 1571 1233 1601; x_wconf 92' lang='lat'>&amp;</span> <span class='ocrx_word' id='word_1_264' title='bbox 1248 1570 1319 1600; x_wconf 88' lang='lat' dir='ltr'>alio-</span> 
     </span>
     <span class='ocr_line' id='line_1_45' title="bbox 266 1605 1319 1644; baseline 0.003 -8"><span class='ocrx_word' id='word_1_265' title='bbox 266 1615 331 1636; x_wconf 83' lang='lat' dir='ltr'>rum</span> <span class='ocrx_word' id='word_1_266' title='bbox 351 1615 598 1644; x_wconf 87' lang='lat' dir='ltr'>quorumcumque</span> <span class='ocrx_word' id='word_1_267' title='bbox 613 1629 623 1643; x_wconf 92' lang='lat'>,</span> <span class='ocrx_word' id='word_1_268' title='bbox 645 1606 846 1644; x_wconf 87' lang='lat' dir='ltr'>cujuscumque</span> <span class='ocrx_word' id='word_1_269' title='bbox 872 1606 972 1637; x_wconf 87' lang='lat' dir='ltr'>fuerint</span> <span class='ocrx_word' id='word_1_270' title='bbox 1001 1605 1088 1637; x_wconf 76' lang='lat' dir='ltr'>status</span> <span class='ocrx_word' id='word_1_271' title='bbox 1110 1607 1156 1637; x_wconf 91' lang='lat' dir='ltr'>vel</span> <span class='ocrx_word' id='word_1_272' title='bbox 1178 1608 1319 1640; x_wconf 89' lang='lat' dir='ltr'>conditio-</span> 
     </span>
    </p>
   </div>
   <div class='ocr_carea' id='block_1_10' title="bbox 262 1653 1320 2491">
    <p class='ocr_par' dir='ltr' id='par_1_18' title="bbox 265 1653 1293 1675">
     <span class='ocr_line' id='line_1_46' title="bbox 265 1653 1293 1675; baseline 0.006 -10"><span class='ocrx_word' id='word_1_273' title='bbox 265 1653 307 1675; x_wconf 73' lang='lat' dir='ltr'>nls</span> <span class='ocrx_word' id='word_1_274' title='bbox 1290 1669 1293 1671; x_wconf 67' lang='grc'><strong>,</strong></span> 
     </span>
    </p>

    <p class='ocr_par' dir='ltr' id='par_1_19' title="bbox 265 1666 1320 1873">
     <span class='ocr_line' id='line_1_47' title="bbox 303 1666 1318 1725; baseline 0.003 -11"><span class='ocrx_word' id='word_1_275' title='bbox 303 1666 341 1714; x_wconf 59' lang='grc' dir='ltr'>ᾗ(</span> <span class='ocrx_word' id='word_1_276' title='bbox 364 1681 400 1713; x_wconf 87' lang='lat' dir='ltr'>ad</span> <span class='ocrx_word' id='word_1_277' title='bbox 419 1680 583 1713; x_wconf 84' lang='lat' dir='ltr'>Indenturas</span> <span class='ocrx_word' id='word_1_278' title='bbox 603 1682 674 1713; x_wconf 84' lang='lat' dir='ltr'>inter</span> <span class='ocrx_word' id='word_1_279' title='bbox 696 1693 766 1721; x_wconf 90' lang='lat' dir='ltr'>vos,</span> <span class='ocrx_word' id='word_1_280' title='bbox 784 1682 829 1713; x_wconf 88' lang='lat' dir='ltr'>vel</span> <span class='ocrx_word' id='word_1_281' title='bbox 849 1682 966 1714; x_wconf 86' lang='lat' dir='ltr'>alterum</span> <span class='ocrx_word' id='word_1_282' title='bbox 985 1682 1132 1722; x_wconf 71' lang='lat' dir='ltr'>vestrum,</span> <span class='ocrx_word' id='word_1_283' title='bbox 1150 1685 1183 1715; x_wconf 71' lang='grc' dir='ltr'>δε</span> <span class='ocrx_word' id='word_1_284' title='bbox 1198 1685 1318 1725; x_wconf 84' lang='lat' dir='ltr'>singulos</span> 
     </span>
     <span class='ocr_line' id='line_1_48' title="bbox 265 1719 1318 1761; baseline 0.004 -10"><span class='ocrx_word' id='word_1_285' title='bbox 265 1730 386 1759; x_wconf 85' lang='lat' dir='ltr'>eorum,</span> <span class='ocrx_word' id='word_1_286' title='bbox 402 1730 417 1750; x_wconf 88' lang='lat' dir='ltr'>a</span> <span class='ocrx_word' id='word_1_287' title='bbox 437 1721 538 1759; x_wconf 84' lang='lat' dir='ltr'>quibus</span> <span class='ocrx_word' id='word_1_288' title='bbox 559 1719 698 1751; x_wconf 83' lang='lat' dir='ltr'>stannum</span> <span class='ocrx_word' id='word_1_289' title='bbox 717 1721 884 1759; x_wconf 65' lang='lat' dir='ltr'>praedictum</span> <span class='ocrx_word' id='word_1_290' title='bbox 900 1744 910 1759; x_wconf 88' lang='lat'>,</span> <span class='ocrx_word' id='word_1_291' title='bbox 932 1730 962 1752; x_wconf 93' lang='lat' dir='ltr'>ut</span> <span class='ocrx_word' id='word_1_292' title='bbox 981 1723 1159 1760; x_wconf 87' lang='lat' dir='ltr'>praemittitur</span> <span class='ocrx_word' id='word_1_293' title='bbox 1174 1746 1184 1761; x_wconf 86' lang='lat'><em>‚</em></span> <span class='ocrx_word' id='word_1_294' title='bbox 1202 1734 1318 1761; x_wconf 86' lang='lat' dir='ltr'>captum</span> 
     </span>
     <span class='ocr_line' id='line_1_49' title="bbox 265 1758 1318 1798; baseline 0.004 -8"><span class='ocrx_word' id='word_1_295' title='bbox 265 1759 366 1797; x_wconf 84' lang='lat' dir='ltr'>fuerit,</span> <span class='ocrx_word' id='word_1_296' title='bbox 385 1759 580 1798; x_wconf 77' lang='lat' dir='ltr'>Quantitatem</span> <span class='ocrx_word' id='word_1_297' title='bbox 601 1758 699 1789; x_wconf 77' lang='lat' dir='ltr'>stanni</span> <span class='ocrx_word' id='word_1_298' title='bbox 746 1760 780 1790; x_wconf 85' lang='lat'>&amp;</span> <span class='ocrx_word' id='word_1_299' title='bbox 800 1761 856 1797; x_wconf 77' lang='lat' dir='ltr'>eius</span> <span class='ocrx_word' id='word_1_300' title='bbox 875 1758 1019 1798; x_wconf 77' lang='lat' dir='ltr'>Pretium,</span> <span class='ocrx_word' id='word_1_301' title='bbox 1038 1770 1122 1797; x_wconf 87' lang='lat' dir='ltr'>prout</span> <span class='ocrx_word' id='word_1_302' title='bbox 1135 1762 1204 1792; x_wconf 90' lang='lat' dir='ltr'>inter</span> <span class='ocrx_word' id='word_1_303' title='bbox 1218 1772 1270 1792; x_wconf 88' lang='lat' dir='ltr'>vos</span> <span class='ocrx_word' id='word_1_304' title='bbox 1284 1763 1318 1794; x_wconf 91' lang='lat'>&amp;</span> 
     </span>
     <span class='ocr_line' id='line_1_50' title="bbox 268 1782 1320 1837; baseline 0.004 -9"><span class='ocrx_word' id='word_1_305' title='bbox 268 1797 339 1835; x_wconf 83' lang='lat' dir='ltr'>ipsos</span> <span class='ocrx_word' id='word_1_306' title='bbox 355 1799 490 1835; x_wconf 88' lang='lat' dir='ltr'>(quorum</span> <span class='ocrx_word' id='word_1_307' title='bbox 501 1797 638 1828; x_wconf 82' lang='lat' dir='ltr'>stannum</span> <span class='ocrx_word' id='word_1_308' title='bbox 653 1782 721 1828; x_wconf 81' lang='lat' dir='ltr'>illud&#39;</span> <span class='ocrx_word' id='word_1_309' title='bbox 734 1797 827 1835; x_wconf 82' lang='lat' dir='ltr'>fuerit)</span> <span class='ocrx_word' id='word_1_310' title='bbox 843 1797 1012 1829; x_wconf 89' lang='lat' dir='ltr'>concordari</span> <span class='ocrx_word' id='word_1_311' title='bbox 1026 1800 1146 1837; x_wconf 88' lang='lat' dir='ltr'>poterit,</span> <span class='ocrx_word' id='word_1_312' title='bbox 1166 1802 1320 1832; x_wconf 87' lang='lat' dir='ltr'>continen-</span> 
     </span>
     <span class='ocr_line' id='line_1_51' title="bbox 266 1835 588 1873; baseline -0.009 -5"><span class='ocrx_word' id='word_1_313' title='bbox 266 1843 325 1873; x_wconf 86' lang='lat' dir='ltr'>tes,</span> <span class='ocrx_word' id='word_1_314' title='bbox 342 1836 401 1866; x_wconf 86' lang='lat' dir='ltr'>fieri</span> <span class='ocrx_word' id='word_1_315' title='bbox 411 1835 588 1873; x_wconf 79' lang='lat' dir='ltr'>faciendum,</span> 
     </span>
    </p>

    <p class='ocr_par' dir='ltr' id='par_1_20' title="bbox 267 1873 1319 1989">
     <span class='ocr_line' id='line_1_52' title="bbox 304 1873 1317 1916; baseline 0.005 -12"><span class='ocrx_word' id='word_1_316' title='bbox 304 1873 340 1905; x_wconf 89' lang='lat' dir='ltr'>Et</span> <span class='ocrx_word' id='word_1_317' title='bbox 363 1874 396 1904; x_wconf 88' lang='lat' dir='ltr'>ad</span> <span class='ocrx_word' id='word_1_318' title='bbox 415 1882 504 1912; x_wconf 88' lang='lat' dir='ltr'>partes</span> <span class='ocrx_word' id='word_1_319' title='bbox 525 1873 738 1904; x_wconf 87' lang='lat' dir='ltr'>Indenturarum</span> <span class='ocrx_word' id='word_1_320' title='bbox 759 1874 866 1905; x_wconf 91' lang='lat' dir='ltr'>illarum</span> <span class='ocrx_word' id='word_1_321' title='bbox 881 1898 890 1912; x_wconf 90' lang='lat'>,</span> <span class='ocrx_word' id='word_1_322' title='bbox 916 1884 1000 1914; x_wconf 89' lang='lat' dir='ltr'>penes</span> <span class='ocrx_word' id='word_1_323' title='bbox 1020 1885 1072 1907; x_wconf 91' lang='lat' dir='ltr'>vos</span> <span class='ocrx_word' id='word_1_324' title='bbox 1086 1877 1268 1916; x_wconf 85' lang='lat' dir='ltr'>remansuras,</span> <span class='ocrx_word' id='word_1_325' title='bbox 1286 1879 1317 1910; x_wconf 89' lang='lat' dir='ltr'>in</span> 
     </span>
     <span class='ocr_line' id='line_1_53' title="bbox 267 1911 1319 1954; baseline 0.005 -12"><span class='ocrx_word' id='word_1_326' title='bbox 267 1911 470 1942; x_wconf 82' lang='lat' dir='ltr'>Cancellariam</span> <span class='ocrx_word' id='word_1_327' title='bbox 484 1911 608 1943; x_wconf 89' lang='lat' dir='ltr'>nostram</span> <span class='ocrx_word' id='word_1_328' title='bbox 617 1935 626 1950; x_wconf 89' lang='lat'>‚</span> <span class='ocrx_word' id='word_1_329' title='bbox 641 1912 678 1942; x_wconf 90' lang='lat' dir='ltr'>de</span> <span class='ocrx_word' id='word_1_330' title='bbox 693 1920 820 1951; x_wconf 88' lang='lat' dir='ltr'>tempore</span> <span class='ocrx_word' id='word_1_331' title='bbox 831 1914 861 1943; x_wconf 93' lang='lat' dir='ltr'>in</span> <span class='ocrx_word' id='word_1_332' title='bbox 876 1921 1003 1952; x_wconf 86' lang='lat' dir='ltr'>tempus,</span> <span class='ocrx_word' id='word_1_333' title='bbox 1018 1914 1052 1946; x_wconf 90' lang='lat' dir='ltr'>ad</span> <span class='ocrx_word' id='word_1_334' title='bbox 1065 1916 1146 1946; x_wconf 89' lang='lat' dir='ltr'>citius</span> <span class='ocrx_word' id='word_1_335' title='bbox 1160 1926 1218 1954; x_wconf 89' lang='lat' dir='ltr'>quo</span> <span class='ocrx_word' id='word_1_336' title='bbox 1232 1926 1319 1948; x_wconf 85' lang='lat' dir='ltr'>corn-</span> 
     </span>
     <span class='ocr_line' id='line_1_54' title="bbox 267 1950 713 1989; baseline 0 -9"><span class='ocrx_word' id='word_1_337' title='bbox 267 1950 355 1980; x_wconf 77' lang='lat' dir='ltr'>mode</span> <span class='ocrx_word' id='word_1_338' title='bbox 369 1951 509 1988; x_wconf 77' lang='lat' dir='ltr'>poteritis,</span> <span class='ocrx_word' id='word_1_339' title='bbox 528 1950 713 1989; x_wconf 83' lang='lat' dir='ltr'>mittendum,</span> 
     </span>
    </p>

    <p class='ocr_par' dir='ltr' id='par_1_21' title="bbox 264 1988 1318 2146">
     <span class='ocr_line' id='line_1_55' title="bbox 298 1988 1318 2031; baseline 0.006 -13"><span class='ocrx_word' id='word_1_340' title='bbox 298 1988 412 2027; x_wconf 81' lang='lat' dir='ltr'>Quibus</span> <span class='ocrx_word' id='word_1_341' title='bbox 432 1997 500 2020; x_wconf 89' lang='lat' dir='ltr'>tunc</span> <span class='ocrx_word' id='word_1_342' title='bbox 521 1989 581 2019; x_wconf 88' lang='lat' dir='ltr'>visis</span> <span class='ocrx_word' id='word_1_343' title='bbox 617 1988 724 2020; x_wconf 84' lang='lat' dir='ltr'>Literas</span> <span class='ocrx_word' id='word_1_344' title='bbox 743 1989 851 2020; x_wconf 88' lang='lat' dir='ltr'>nostras</span> <span class='ocrx_word' id='word_1_345' title='bbox 870 1990 1075 2030; x_wconf 80' lang='lat' dir='ltr'>obligatorias,</span> <span class='ocrx_word' id='word_1_346' title='bbox 1093 1991 1203 2031; x_wconf 84' lang='lat' dir='ltr'>singulis</span> <span class='ocrx_word' id='word_1_347' title='bbox 1216 1993 1318 2031; x_wconf 82' lang='lat' dir='ltr'>praedi-</span> 
     </span>
     <span class='ocr_line' id='line_1_56' title="bbox 264 2025 1316 2070; baseline 0.006 -13"><span class='ocrx_word' id='word_1_348' title='bbox 264 2025 396 2066; x_wconf 65' lang='lat' dir='ltr'>«storum,</span> <span class='ocrx_word' id='word_1_349' title='bbox 414 2027 449 2058; x_wconf 90' lang='lat' dir='ltr'>de</span> <span class='ocrx_word' id='word_1_350' title='bbox 471 2026 567 2058; x_wconf 88' lang='lat' dir='ltr'>Pretio</span> <span class='ocrx_word' id='word_1_351' title='bbox 604 2029 679 2058; x_wconf 79' lang='lat' dir='ltr'>taum·</span> <span class='ocrx_word' id='word_1_352' title='bbox 693 2051 702 2066; x_wconf 89' lang='lat'>,</span> <span class='ocrx_word' id='word_1_353' title='bbox 719 2027 754 2058; x_wconf 87' lang='lat' dir='ltr'>ab</span> <span class='ocrx_word' id='word_1_354' title='bbox 767 2028 830 2066; x_wconf 82' lang='lat' dir='ltr'>ipsis</span> <span class='ocrx_word' id='word_1_355' title='bbox 843 2028 877 2058; x_wconf 91' lang='lat' dir='ltr'>ad</span> <span class='ocrx_word' id='word_1_356' title='bbox 892 2039 963 2066; x_wconf 88' lang='lat' dir='ltr'>opus</span> <span class='ocrx_word' id='word_1_357' title='bbox 977 2029 1106 2061; x_wconf 90' lang='lat' dir='ltr'>nostrum</span> <span class='ocrx_word' id='word_1_358' title='bbox 1122 2031 1159 2062; x_wconf 91' lang='lat' dir='ltr'>sic</span> <span class='ocrx_word' id='word_1_359' title='bbox 1173 2033 1264 2070; x_wconf 85' lang='lat' dir='ltr'>capti,</span> <span class='ocrx_word' id='word_1_360' title='bbox 1281 2032 1316 2063; x_wconf 90' lang='lat' dir='ltr'>ad</span> 
     </span>
     <span class='ocr_line' id='line_1_57' title="bbox 265 2065 1317 2109; baseline 0.007 -14"><span class='ocrx_word' id='word_1_361' title='bbox 265 2073 357 2105; x_wconf 77' lang='lat' dir='ltr'>certos</span> <span class='ocrx_word' id='word_1_362' title='bbox 378 2066 514 2096; x_wconf 89' lang='lat' dir='ltr'>terminos</span> <span class='ocrx_word' id='word_1_363' title='bbox 528 2089 538 2104; x_wconf 88' lang='lat'>,</span> <span class='ocrx_word' id='word_1_364' title='bbox 559 2066 628 2095; x_wconf 89' lang='lat' dir='ltr'>infra</span> <span class='ocrx_word' id='word_1_365' title='bbox 645 2065 728 2097; x_wconf 91' lang='lat' dir='ltr'>Duos</span> <span class='ocrx_word' id='word_1_366' title='bbox 744 2067 842 2097; x_wconf 82' lang='lat' dir='ltr'>Annos</span> <span class='ocrx_word' id='word_1_367' title='bbox 858 2091 867 2105; x_wconf 86' lang='lat'>,</span> <span class='ocrx_word' id='word_1_368' title='bbox 894 2069 1027 2105; x_wconf 83' lang='lat' dir='ltr'>proximo</span> <span class='ocrx_word' id='word_1_369' title='bbox 1037 2069 1096 2107; x_wconf 84' lang='lat' dir='ltr'>jam</span> <span class='ocrx_word' id='word_1_370' title='bbox 1110 2078 1261 2109; x_wconf 75' lang='lat' dir='ltr'>venturOS‚</span> <span class='ocrx_word' id='word_1_371' title='bbox 1278 2072 1317 2102; x_wconf 84' lang='lat' dir='ltr'>eis</span> 
     </span>
     <span class='ocr_line' id='line_1_58' title="bbox 265 2103 1104 2146; baseline 0.004 -12"><span class='ocrx_word' id='word_1_372' title='bbox 265 2103 416 2142; x_wconf 81' lang='lat' dir='ltr'>solvendo,</span> <span class='ocrx_word' id='word_1_373' title='bbox 435 2103 566 2135; x_wconf 87' lang='lat' dir='ltr'>faciemus</span> <span class='ocrx_word' id='word_1_374' title='bbox 580 2103 639 2134; x_wconf 85' lang='lat' dir='ltr'>fieri</span> <span class='ocrx_word' id='word_1_375' title='bbox 653 2105 728 2135; x_wconf 65' lang='lat' dir='ltr'>boni</span> <span class='ocrx_word' id='word_1_376' title='bbox 747 2104 816 2143; x_wconf 85' lang='lat' dir='ltr'>fide,</span> <span class='ocrx_word' id='word_1_377' title='bbox 837 2107 871 2137; x_wconf 85' lang='lat'>&amp;</span> <span class='ocrx_word' id='word_1_378' title='bbox 883 2107 967 2137; x_wconf 87' lang='lat' dir='ltr'>etiam</span> <span class='ocrx_word' id='word_1_379' title='bbox 982 2106 1104 2146; x_wconf 85' lang='lat' dir='ltr'>liberari,</span> 
     </span>
    </p>

    <p class='ocr_par' dir='ltr' id='par_1_22' title="bbox 263 2140 1319 2363">
     <span class='ocr_line' id='line_1_59' title="bbox 302 2140 1316 2184; baseline 0.006 -12"><span class='ocrx_word' id='word_1_380' title='bbox 302 2140 338 2172; x_wconf 90' lang='lat' dir='ltr'>Et</span> <span class='ocrx_word' id='word_1_381' title='bbox 349 2142 381 2172; x_wconf 84' lang='lat' dir='ltr'>ad</span> <span class='ocrx_word' id='word_1_382' title='bbox 396 2151 490 2173; x_wconf 85' lang='lat' dir='ltr'>totum</span> <span class='ocrx_word' id='word_1_383' title='bbox 504 2143 639 2173; x_wconf 82' lang='lat' dir='ltr'>Stannum</span> <span class='ocrx_word' id='word_1_384' title='bbox 654 2144 821 2181; x_wconf 55' lang='lat' dir='ltr'>praedictum</span> <span class='ocrx_word' id='word_1_385' title='bbox 832 2169 841 2183; x_wconf 95' lang='lat'>,</span> <span class='ocrx_word' id='word_1_386' title='bbox 859 2143 893 2174; x_wconf 89' lang='lat' dir='ltr'>ad</span> <span class='ocrx_word' id='word_1_387' title='bbox 907 2155 977 2182; x_wconf 86' lang='lat' dir='ltr'>opus</span> <span class='ocrx_word' id='word_1_388' title='bbox 998 2145 1146 2184; x_wconf 90' lang='lat' dir='ltr'>nostrum,</span> <span class='ocrx_word' id='word_1_389' title='bbox 1164 2147 1193 2176; x_wconf 86' lang='lat' dir='ltr'>in</span> <span class='ocrx_word' id='word_1_390' title='bbox 1209 2145 1316 2178; x_wconf 89' lang='lat' dir='ltr'>Comi-</span> 
     </span>
     <span class='ocr_line' id='line_1_60' title="bbox 263 2181 1318 2225; baseline 0.006 -15"><span class='ocrx_word' id='word_1_391' title='bbox 263 2181 362 2211; x_wconf 85' lang='lat' dir='ltr'>tatibus</span> <span class='ocrx_word' id='word_1_392' title='bbox 378 2181 516 2219; x_wconf 62' lang='lat' dir='ltr'>praedietis</span> <span class='ocrx_word' id='word_1_393' title='bbox 536 2181 572 2212; x_wconf 79' lang='lat' dir='ltr'>sic</span> <span class='ocrx_word' id='word_1_394' title='bbox 588 2182 756 2220; x_wconf 87' lang='lat' dir='ltr'>capiendum</span> <span class='ocrx_word' id='word_1_395' title='bbox 769 2205 780 2222; x_wconf 90' lang='lat'>,</span> <span class='ocrx_word' id='word_1_396' title='bbox 796 2183 830 2214; x_wconf 91' lang='lat' dir='ltr'>ad</span> <span class='ocrx_word' id='word_1_397' title='bbox 844 2182 946 2214; x_wconf 80' lang='lat' dir='ltr'>Portus</span> <span class='ocrx_word' id='word_1_398' title='bbox 960 2185 1047 2224; x_wconf 85' lang='lat' dir='ltr'>magis</span> <span class='ocrx_word' id='word_1_399' title='bbox 1058 2186 1160 2225; x_wconf 87' lang='lat' dir='ltr'>propin</span> <span class='ocrx_word' id='word_1_400' title='bbox 1183 2196 1234 2216; x_wconf 87' lang='lat' dir='ltr'>uos</span> <span class='ocrx_word' id='word_1_401' title='bbox 1269 2187 1318 2217; x_wconf 91' lang='lat' dir='ltr'>ubi</span> 
     </span>
     <span class='ocr_line' id='line_1_61' title="bbox 263 2209 1318 2262; baseline 0.006 -13"><span class='ocrx_word' id='word_1_402' title='bbox 263 2218 373 2249; x_wconf 61' lang='lat' dir='ltr'>dictum</span> <span class='ocrx_word' id='word_1_403' title='bbox 386 2219 524 2250; x_wconf 86' lang='lat' dir='ltr'>Stannum</span> <span class='ocrx_word' id='word_1_404' title='bbox 538 2221 564 2249; x_wconf 93' lang='lat' dir='ltr'>in</span> <span class='ocrx_word' id='word_1_405' title='bbox 578 2219 710 2251; x_wconf 89' lang='lat' dir='ltr'>Navibus</span> <span class='ocrx_word' id='word_1_406' title='bbox 726 2222 827 2251; x_wconf 88' lang='lat' dir='ltr'>carcari</span> <span class='ocrx_word' id='word_1_407' title='bbox 841 2223 943 2259; x_wconf 89' lang='lat' dir='ltr'>poterit</span> <span class='ocrx_word' id='word_1_408' title='bbox 955 2245 965 2260; x_wconf 89' lang='lat'>,</span> <span class='ocrx_word' id='word_1_409' title='bbox 982 2223 1016 2253; x_wconf 90' lang='lat'>&amp;</span> <span class='ocrx_word' id='word_1_410' title='bbox 1030 2224 1131 2254; x_wconf 88' lang='lat' dir='ltr'>abinde</span> <span class='ocrx_word' id='word_1_411' title='bbox 1147 2234 1164 2253; x_wconf 94' lang='lat' dir='ltr'>u</span> <span class='ocrx_word' id='word_1_412' title='bbox 1177 2234 1230 2262; x_wconf 87' lang='lat' dir='ltr'>que</span> <span class='ocrx_word' id='word_1_413' title='bbox 1241 2209 1318 2255; x_wconf 72' lang='lat' dir='ltr'>zPor-</span> 
     </span>
     <span class='ocr_line' id='line_1_62' title="bbox 263 2257 1319 2300; baseline 0.007 -13"><span class='ocrx_word' id='word_1_414' title='bbox 263 2265 326 2287; x_wconf 89' lang='lat' dir='ltr'>tum</span> <span class='ocrx_word' id='word_1_415' title='bbox 346 2257 383 2288; x_wconf 87' lang='lat' dir='ltr'>de</span> <span class='ocrx_word' id='word_1_416' title='bbox 406 2258 622 2296; x_wconf 75' lang='lat' dir='ltr'>Sutharnptonia</span> <span class='ocrx_word' id='word_1_417' title='bbox 636 2282 646 2297; x_wconf 93' lang='lat'>,</span> <span class='ocrx_word' id='word_1_418' title='bbox 669 2259 715 2290; x_wconf 74' lang='lat' dir='ltr'>ieu</span> <span class='ocrx_word' id='word_1_419' title='bbox 735 2259 823 2300; x_wconf 88' lang='lat' dir='ltr'>alibi,</span> <span class='ocrx_word' id='word_1_420' title='bbox 851 2260 870 2292; x_wconf 78' lang='lat' dir='ltr'>ii</span> <span class='ocrx_word' id='word_1_421' title='bbox 891 2260 973 2298; x_wconf 90' lang='lat' dir='ltr'>illud,</span> <span class='ocrx_word' id='word_1_422' title='bbox 992 2271 1059 2292; x_wconf 88' lang='lat' dir='ltr'>cum</span> <span class='ocrx_word' id='word_1_423' title='bbox 1075 2261 1182 2293; x_wconf 84' lang='lat' dir='ltr'>ibidem</span> <span class='ocrx_word' id='word_1_424' title='bbox 1196 2262 1319 2294; x_wconf 56' lang='lat' dir='ltr'>duetum</span> 
     </span>
     <span class='ocr_line' id='line_1_63' title="bbox 263 2295 1319 2363; baseline 0.007 -38"><span class='ocrx_word' id='word_1_425' title='bbox 263 2295 364 2363; x_wconf 57' lang='lat' dir='ltr'>guerit,</span> <span class='ocrx_word' id='word_1_426' title='bbox 381 2296 415 2327; x_wconf 89' lang='lat' dir='ltr'>ad</span> <span class='ocrx_word' id='word_1_427' title='bbox 435 2295 516 2327; x_wconf 80' lang='lat' dir='ltr'>Loca</span> <span class='ocrx_word' id='word_1_428' title='bbox 535 2296 586 2327; x_wconf 87' lang='lat' dir='ltr'>alia</span> <span class='ocrx_word' id='word_1_429' title='bbox 607 2299 718 2329; x_wconf 83' lang='lat' dir='ltr'>mittere</span> <span class='ocrx_word' id='word_1_430' title='bbox 739 2298 912 2330; x_wconf 89' lang='lat' dir='ltr'>voluerimus</span> <span class='ocrx_word' id='word_1_431' title='bbox 927 2322 938 2338; x_wconf 89' lang='lat'>‚</span> <span class='ocrx_word' id='word_1_432' title='bbox 956 2301 1051 2332; x_wconf 73' lang='lat' dir='ltr'>oeriari</span> <span class='ocrx_word' id='word_1_433' title='bbox 1072 2301 1106 2332; x_wconf 75' lang='grc' dir='ltr'>δε</span> <span class='ocrx_word' id='word_1_434' title='bbox 1125 2300 1192 2332; x_wconf 90' lang='lat' dir='ltr'>duci</span> <span class='ocrx_word' id='word_1_435' title='bbox 1213 2301 1319 2333; x_wconf 72' lang='lat' dir='ltr'>Facien-</span> 
     </span>
    </p>

    <p class='ocr_par' dir='ltr' id='par_1_23' title="bbox 287 2343 335 2364">
     <span class='ocr_line' id='line_1_64' title="bbox 287 2343 335 2364; baseline 0 0"><span class='ocrx_word' id='word_1_436' title='bbox 287 2343 335 2364; x_wconf 89' lang='lat' dir='ltr'>um</span> 
     </span>
    </p>

    <p class='ocr_par' dir='ltr' id='par_1_24' title="bbox 262 2358 1318 2454">
     <span class='ocr_line' id='line_1_65' title="bbox 300 2358 1318 2415; baseline 0.008 -13"><span class='ocrx_word' id='word_1_437' title='bbox 300 2358 394 2403; x_wconf 72' lang='lat' dir='ltr'>Et&#39;ad</span> <span class='ocrx_word' id='word_1_438' title='bbox 405 2373 490 2413; x_wconf 85' lang='lat' dir='ltr'>alios,</span> <span class='ocrx_word' id='word_1_439' title='bbox 506 2384 579 2412; x_wconf 86' lang='lat' dir='ltr'>quos</span> <span class='ocrx_word' id='word_1_440' title='bbox 592 2374 760 2406; x_wconf 86' lang='lat' dir='ltr'>sufficientes</span> <span class='ocrx_word' id='word_1_441' title='bbox 769 2376 921 2414; x_wconf 80' lang='lat' dir='ltr'>noveritis,</span> <span class='ocrx_word' id='word_1_442' title='bbox 939 2375 973 2406; x_wconf 85' lang='lat' dir='ltr'>ad</span> <span class='ocrx_word' id='word_1_443' title='bbox 990 2377 1130 2415; x_wconf 79' lang='lat' dir='ltr'>praemiss&#39;a</span> <span class='ocrx_word' id='word_1_444' title='bbox 1142 2377 1269 2409; x_wconf 87' lang='lat' dir='ltr'>facienda</span> <span class='ocrx_word' id='word_1_445' title='bbox 1283 2379 1318 2410; x_wconf 91' lang='lat'>&amp;</span> 
     </span>
     <span class='ocr_line' id='line_1_66' title="bbox 262 2410 1160 2454; baseline 0.007 -14"><span class='ocrx_word' id='word_1_446' title='bbox 262 2410 395 2447; x_wconf 78' lang='lat' dir='ltr'>explenda</span> <span class='ocrx_word' id='word_1_447' title='bbox 409 2412 477 2443; x_wconf 90' lang='lat' dir='ltr'>loco</span> <span class='ocrx_word' id='word_1_448' title='bbox 492 2412 591 2450; x_wconf 89' lang='lat' dir='ltr'>vestri,</span> <span class='ocrx_word' id='word_1_449' title='bbox 628 2415 736 2445; x_wconf 87' lang='lat' dir='ltr'>uotiens</span> <span class='ocrx_word' id='word_1_450' title='bbox 749 2425 770 2445; x_wconf 95' lang='lat'>0</span> <span class='ocrx_word' id='word_1_451' title='bbox 792 2425 822 2445; x_wconf 93' lang='lat' dir='ltr'>us</span> <span class='ocrx_word' id='word_1_452' title='bbox 836 2414 938 2452; x_wconf 87' lang='lat' dir='ltr'>fuerit,</span> <span class='ocrx_word' id='word_1_453' title='bbox 953 2414 1160 2454; x_wconf 88' lang='lat' dir='ltr'>deputandum,</span> 
     </span>
    </p>

    <p class='ocr_par' dir='ltr' id='par_1_25' title="bbox 301 2423 1319 2491">
     <span class='ocr_line' id='line_1_67' title="bbox 301 2423 1319 2491; baseline 0.008 -12"><span class='ocrx_word' id='word_1_454' title='bbox 301 2448 370 2479; x_wconf 91' lang='lat' dir='ltr'>Nec</span> <span class='ocrx_word' id='word_1_455' title='bbox 389 2460 449 2480; x_wconf 90' lang='lat' dir='ltr'>non</span> <span class='ocrx_word' id='word_1_456' title='bbox 468 2451 527 2480; x_wconf 67' lang='lat' dir='ltr'>tam</span> <span class='ocrx_word' id='word_1_457' title='bbox 548 2451 582 2480; x_wconf 89' lang='lat' dir='ltr'>ad</span> <span class='ocrx_word' id='word_1_458' title='bbox 598 2423 698 2482; x_wconf 51' lang='lat' dir='ltr'>§laves</span> <span class='ocrx_word' id='word_1_459' title='bbox 717 2453 751 2482; x_wconf 87' lang='lat'>&amp;</span> <span class='ocrx_word' id='word_1_460' title='bbox 770 2425 906 2491; x_wconf 54' lang='lat' dir='ltr'>Euenos,</span> <span class='ocrx_word' id='word_1_461' title='bbox 923 2454 950 2482; x_wconf 93' lang='lat' dir='ltr'>in</span> <span class='ocrx_word' id='word_1_462' title='bbox 963 2452 1105 2484; x_wconf 80' lang='lat' dir='ltr'>Portubus</span> <span class='ocrx_word' id='word_1_463' title='bbox 1120 2453 1319 2487; x_wconf 88' lang='lat' dir='ltr'>Comitatuum</span> 
     </span>
    </p>
   </div>
   <div class='ocr_carea' id='block_1_11' title="bbox 234 2487 1320 2538">
    <p class='ocr_par' dir='ltr' id='par_1_26' title="bbox 234 2487 1320 2538">
     <span class='ocr_line' id='line_1_68' title="bbox 234 2487 1320 2538; baseline 0.008 -22"><span class='ocrx_word' id='word_1_464' title='bbox 234 2523 238 2528; x_wconf 25' lang='grc' dir='ltr'>ι</span> <span class='ocrx_word' id='word_1_465' title='bbox 267 2487 471 2525; x_wconf 62' lang='lat' dir='ltr'>praedictorum</span> <span class='ocrx_word' id='word_1_466' title='bbox 493 2488 636 2520; x_wconf 84' lang='lat' dir='ltr'>existentes</span> <span class='ocrx_word' id='word_1_467' title='bbox 651 2513 660 2528; x_wconf 84' lang='lat'>‚</span> <span class='ocrx_word' id='word_1_468' title='bbox 685 2491 775 2529; x_wconf 66' lang='lat' dir='ltr'>qu‘am</span> <span class='ocrx_word' id='word_1_469' title='bbox 797 2490 929 2521; x_wconf 62' lang='lat' dir='ltr'>Cametas</span> <span class='ocrx_word' id='word_1_470' title='bbox 945 2514 955 2530; x_wconf 81' lang='lat'>,</span> <span class='ocrx_word' id='word_1_471' title='bbox 978 2493 1012 2522; x_wconf 88' lang='lat'>&amp;</span> <span class='ocrx_word' id='word_1_472' title='bbox 1034 2492 1085 2523; x_wconf 90' lang='lat' dir='ltr'>alia</span> <span class='ocrx_word' id='word_1_473' title='bbox 1100 2492 1320 2538; x_wconf 35' lang='lat' dir='ltr'>Cariagia&#39;quae-</span> 
     </span>
    </p>
   </div>
   <div class='ocr_carea' id='block_1_12' title="bbox 113 2646 251 2684">
    <p class='ocr_par' dir='ltr' id='par_1_27' title="bbox 113 2646 251 2684">
     <span class='ocr_line' id='line_1_69' title="bbox 113 2646 251 2684; baseline 0 -9"><span class='ocrx_word' id='word_1_474' title='bbox 113 2646 134 2667; x_wconf 53' lang='grc' dir='ltr'><strong>θ</strong></span> <span class='ocrx_word' id='word_1_475' title='bbox 153 2650 188 2676; x_wconf 91' lang='lat' dir='ltr'>V.</span> <span class='ocrx_word' id='word_1_476' title='bbox 203 2655 251 2684; x_wconf 80' lang='lat'>40·</span> 
     </span>
    </p>
   </div>
   <div class='ocr_carea' id='block_1_13' title="bbox 263 2527 1321 3681">
    <p class='ocr_par' dir='ltr' id='par_1_28' title="bbox 266 2527 1319 2649">
     <span class='ocr_line' id='line_1_70' title="bbox 269 2527 1319 2569; baseline 0.009 -14"><span class='ocrx_word' id='word_1_477' title='bbox 269 2534 412 2564; x_wconf 87' lang='lat' dir='ltr'>cumque,</span> <span class='ocrx_word' id='word_1_478' title='bbox 427 2537 480 2566; x_wconf 87' lang='lat' dir='ltr'>pro</span> <span class='ocrx_word' id='word_1_479' title='bbox 492 2527 600 2559; x_wconf 88' lang='lat' dir='ltr'>Stanno</span> <span class='ocrx_word' id='word_1_480' title='bbox 614 2528 663 2558; x_wconf 88' lang='lat' dir='ltr'>illo</span> <span class='ocrx_word' id='word_1_481' title='bbox 677 2529 713 2560; x_wconf 89' lang='lat' dir='ltr'>us</span> <span class='ocrx_word' id='word_1_482' title='bbox 728 2539 763 2560; x_wconf 91' lang='lat' dir='ltr'>ue</span> <span class='ocrx_word' id='word_1_483' title='bbox 774 2528 883 2560; x_wconf 71' lang='lat' dir='ltr'>distum</span> <span class='ocrx_word' id='word_1_484' title='bbox 897 2528 1019 2560; x_wconf 89' lang='lat' dir='ltr'>Portum</span> <span class='ocrx_word' id='word_1_485' title='bbox 1032 2530 1257 2569; x_wconf 81' lang='lat' dir='ltr'>Suthamptoniae</span> <span class='ocrx_word' id='word_1_486' title='bbox 1272 2543 1319 2564; x_wconf 88' lang='lat' dir='ltr'>ca-</span> 
     </span>
     <span class='ocr_line' id='line_1_71' title="bbox 267 2562 1319 2612; baseline 0.009 -19"><span class='ocrx_word' id='word_1_487' title='bbox 267 2562 366 2595; x_wconf 85' lang='lat' dir='ltr'>riando</span> <span class='ocrx_word' id='word_1_488' title='bbox 385 2565 419 2596; x_wconf 67' lang='grc' dir='ltr'>ὃς</span> <span class='ocrx_word' id='word_1_489' title='bbox 443 2564 575 2596; x_wconf 88' lang='lat' dir='ltr'>ducendo</span> <span class='ocrx_word' id='word_1_490' title='bbox 591 2589 601 2604; x_wconf 88' lang='lat'>‚</span> <span class='ocrx_word' id='word_1_491' title='bbox 626 2569 708 2604; x_wconf 88' lang='lat' dir='ltr'>provi</span> <span class='ocrx_word' id='word_1_492' title='bbox 729 2567 850 2607; x_wconf 88' lang='lat' dir='ltr'>endum,</span> <span class='ocrx_word' id='word_1_493' title='bbox 868 2567 1046 2599; x_wconf 86' lang='lat' dir='ltr'>arestandum</span> <span class='ocrx_word' id='word_1_494' title='bbox 1083 2570 1117 2600; x_wconf 65' lang='grc' dir='ltr'>ὃς</span> <span class='ocrx_word' id='word_1_495' title='bbox 1131 2571 1319 2612; x_wconf 78' lang='lat' dir='ltr'>capiendum,</span> 
     </span>
     <span class='ocr_line' id='line_1_72' title="bbox 266 2603 1319 2649; baseline 0.008 -17"><span class='ocrx_word' id='word_1_496' title='bbox 266 2603 397 2640; x_wconf 86' lang='lat' dir='ltr'>quotiens</span> <span class='ocrx_word' id='word_1_497' title='bbox 411 2604 445 2634; x_wconf 89' lang='lat'>&amp;</span> <span class='ocrx_word' id='word_1_498' title='bbox 460 2604 573 2642; x_wconf 87' lang='lat' dir='ltr'>quando</span> <span class='ocrx_word' id='word_1_499' title='bbox 586 2605 684 2643; x_wconf 92' lang='lat' dir='ltr'>vobis,</span> <span class='ocrx_word' id='word_1_500' title='bbox 700 2606 746 2637; x_wconf 86' lang='lat' dir='ltr'>vel</span> <span class='ocrx_word' id='word_1_501' title='bbox 759 2607 834 2637; x_wconf 86' lang='lat' dir='ltr'>alteri</span> <span class='ocrx_word' id='word_1_502' title='bbox 850 2605 977 2637; x_wconf 74' lang='lat' dir='ltr'>vestrum</span> <span class='ocrx_word' id='word_1_503' title='bbox 991 2629 1000 2645; x_wconf 77' lang='lat'>,</span> <span class='ocrx_word' id='word_1_504' title='bbox 1019 2609 1046 2639; x_wconf 87' lang='lat' dir='ltr'>vi</span> <span class='ocrx_word' id='word_1_505' title='bbox 1068 2607 1158 2639; x_wconf 89' lang='lat' dir='ltr'>ebitur</span> <span class='ocrx_word' id='word_1_506' title='bbox 1174 2609 1319 2649; x_wconf 75' lang='lat' dir='ltr'>expedire,</span> 
     </span>
    </p>

    <p class='ocr_par' dir='ltr' id='par_1_29' title="bbox 265 2641 1321 2835">
     <span class='ocr_line' id='line_1_73' title="bbox 306 2641 1321 2689; baseline 0.007 -18"><span class='ocrx_word' id='word_1_507' title='bbox 306 2641 326 2661; x_wconf 66' lang='lat'>²*</span> <span class='ocrx_word' id='word_1_508' title='bbox 346 2641 492 2672; x_wconf 83' lang='lat' dir='ltr'>Univerfis</span> <span class='ocrx_word' id='word_1_509' title='bbox 509 2643 544 2674; x_wconf 70' lang='grc' dir='ltr'>ὅτ</span> <span class='ocrx_word' id='word_1_510' title='bbox 564 2643 674 2681; x_wconf 86' lang='lat' dir='ltr'>singulis</span> <span class='ocrx_word' id='word_1_511' title='bbox 680 2666 696 2689; x_wconf 70' lang='lat'><em>2</em></span> <span class='ocrx_word' id='word_1_512' title='bbox 721 2644 856 2675; x_wconf 87' lang='lat' dir='ltr'>Stannum</span> <span class='ocrx_word' id='word_1_513' title='bbox 873 2646 901 2675; x_wconf 90' lang='lat' dir='ltr'>in</span> <span class='ocrx_word' id='word_1_514' title='bbox 915 2644 1105 2677; x_wconf 88' lang='lat' dir='ltr'>Comitatibus</span> <span class='ocrx_word' id='word_1_515' title='bbox 1119 2647 1259 2684; x_wconf 71' lang='lat' dir='ltr'>praediffis</span> <span class='ocrx_word' id='word_1_516' title='bbox 1272 2648 1321 2679; x_wconf 89' lang='lat' dir='ltr'>ha-</span> 
     </span>
     <span class='ocr_line' id='line_1_74' title="bbox 269 2679 1321 2722; baseline 0.005 -11"><span class='ocrx_word' id='word_1_517' title='bbox 269 2679 399 2711; x_wconf 86' lang='lat' dir='ltr'>bentibus</span> <span class='ocrx_word' id='word_1_518' title='bbox 413 2703 423 2718; x_wconf 86' lang='lat'>,</span> <span class='ocrx_word' id='word_1_519' title='bbox 448 2680 498 2710; x_wconf 91' lang='lat' dir='ltr'>sub</span> <span class='ocrx_word' id='word_1_520' title='bbox 517 2681 692 2712; x_wconf 67' lang='lat' dir='ltr'>forisfadtura</span> <span class='ocrx_word' id='word_1_521' title='bbox 706 2682 817 2722; x_wconf 83' lang='lat' dir='ltr'>Stanni,</span> <span class='ocrx_word' id='word_1_522' title='bbox 833 2684 866 2715; x_wconf 74' lang='grc' dir='ltr'>ὃς</span> <span class='ocrx_word' id='word_1_523' title='bbox 877 2684 999 2714; x_wconf 89' lang='lat' dir='ltr'>aliorum</span> <span class='ocrx_word' id='word_1_524' title='bbox 1015 2684 1162 2715; x_wconf 86' lang='lat' dir='ltr'>Bonorum</span> <span class='ocrx_word' id='word_1_525' title='bbox 1177 2686 1210 2716; x_wconf 91' lang='lat'>&amp;</span> <span class='ocrx_word' id='word_1_526' title='bbox 1226 2686 1321 2716; x_wconf 89' lang='lat' dir='ltr'>Catal-</span> 
     </span>
     <span class='ocr_line' id='line_1_75' title="bbox 265 2717 1321 2764; baseline 0.006 -16"><span class='ocrx_word' id='word_1_527' title='bbox 265 2717 360 2749; x_wconf 86' lang='lat' dir='ltr'>lotum</span> <span class='ocrx_word' id='word_1_528' title='bbox 375 2719 488 2749; x_wconf 88' lang='lat' dir='ltr'>suorum</span> <span class='ocrx_word' id='word_1_529' title='bbox 502 2742 513 2758; x_wconf 83' lang='grc'>,</span> <span class='ocrx_word' id='word_1_530' title='bbox 530 2719 645 2750; x_wconf 81' lang='lat' dir='ltr'>firmiter</span> <span class='ocrx_word' id='word_1_531' title='bbox 659 2721 816 2753; x_wconf 85' lang='lat' dir='ltr'>inhibentes</span> <span class='ocrx_word' id='word_1_532' title='bbox 830 2744 840 2760; x_wconf 83' lang='lat'>‚</span> <span class='ocrx_word' id='word_1_533' title='bbox 857 2723 894 2752; x_wconf 76' lang='lat' dir='ltr'>ne</span> <span class='ocrx_word' id='word_1_534' title='bbox 908 2722 1007 2760; x_wconf 89' lang='lat' dir='ltr'>vobis,</span> <span class='ocrx_word' id='word_1_535' title='bbox 1025 2723 1071 2752; x_wconf 87' lang='lat' dir='ltr'>vel</span> <span class='ocrx_word' id='word_1_536' title='bbox 1086 2722 1162 2753; x_wconf 86' lang='lat' dir='ltr'>alteri</span> <span class='ocrx_word' id='word_1_537' title='bbox 1176 2723 1321 2764; x_wconf 71' lang='lat' dir='ltr'>vestrum,</span> 
     </span>
     <span class='ocr_line' id='line_1_76' title="bbox 265 2755 1321 2800; baseline 0.005 -12"><span class='ocrx_word' id='word_1_538' title='bbox 265 2756 297 2788; x_wconf 81' lang='lat' dir='ltr'>in</span> <span class='ocrx_word' id='word_1_539' title='bbox 310 2755 471 2796; x_wconf 81' lang='lat' dir='ltr'>captione,</span> <span class='ocrx_word' id='word_1_540' title='bbox 490 2758 534 2788; x_wconf 89' lang='lat' dir='ltr'>vel</span> <span class='ocrx_word' id='word_1_541' title='bbox 549 2757 731 2790; x_wconf 74' lang='lat' dir='ltr'>Abducrione</span> <span class='ocrx_word' id='word_1_542' title='bbox 747 2760 843 2791; x_wconf 89' lang='lat' dir='ltr'>Stanni</span> <span class='ocrx_word' id='word_1_543' title='bbox 856 2761 1000 2800; x_wconf 72' lang='lat' dir='ltr'>praediffl,</span> <span class='ocrx_word' id='word_1_544' title='bbox 1020 2759 1263 2793; x_wconf 85' lang='lat' dir='ltr'>Perturbationem</span> <span class='ocrx_word' id='word_1_545' title='bbox 1279 2762 1321 2792; x_wconf 86' lang='lat' dir='ltr'>fa-</span> 
     </span>
     <span class='ocr_line' id='line_1_77' title="bbox 265 2794 967 2835; baseline 0.004 -10"><span class='ocrx_word' id='word_1_546' title='bbox 265 2794 356 2833; x_wconf 89' lang='lat' dir='ltr'>ciant,</span> <span class='ocrx_word' id='word_1_547' title='bbox 376 2805 429 2826; x_wconf 89' lang='lat' dir='ltr'>nec</span> <span class='ocrx_word' id='word_1_548' title='bbox 443 2806 494 2827; x_wconf 89' lang='lat' dir='ltr'>vos</span> <span class='ocrx_word' id='word_1_549' title='bbox 508 2798 536 2826; x_wconf 86' lang='lat' dir='ltr'>in</span> <span class='ocrx_word' id='word_1_550' title='bbox 549 2797 606 2828; x_wconf 88' lang='lat' dir='ltr'>hoc</span> <span class='ocrx_word' id='word_1_551' title='bbox 624 2798 778 2835; x_wconf 77' lang='lat' dir='ltr'>impediant</span> <span class='ocrx_word' id='word_1_552' title='bbox 795 2798 853 2829; x_wconf 92' lang='lat' dir='ltr'>ullo</span> <span class='ocrx_word' id='word_1_553' title='bbox 869 2798 967 2830; x_wconf 91' lang='lat' dir='ltr'>modo.</span> 
     </span>
    </p>

    <p class='ocr_par' dir='ltr' id='par_1_30' title="bbox 264 2831 1320 3132">
     <span class='ocr_line' id='line_1_78' title="bbox 303 2831 1320 2877; baseline 0.008 -15"><span class='ocrx_word' id='word_1_554' title='bbox 303 2831 340 2863; x_wconf 82' lang='lat' dir='ltr'>Et</span> <span class='ocrx_word' id='word_1_555' title='bbox 360 2833 424 2864; x_wconf 86' lang='lat' dir='ltr'>ideo</span> <span class='ocrx_word' id='word_1_556' title='bbox 444 2834 526 2865; x_wconf 85' lang='lat' dir='ltr'>vobis</span> <span class='ocrx_word' id='word_1_557' title='bbox 546 2835 708 2866; x_wconf 84' lang='lat' dir='ltr'>mandamus</span> <span class='ocrx_word' id='word_1_558' title='bbox 722 2859 731 2875; x_wconf 91' lang='lat'>,</span> <span class='ocrx_word' id='word_1_559' title='bbox 753 2837 901 2868; x_wconf 72' lang='lat' dir='ltr'>distrie&#39;tius</span> <span class='ocrx_word' id='word_1_560' title='bbox 919 2837 1091 2876; x_wconf 83' lang='lat' dir='ltr'>injungendo</span> <span class='ocrx_word' id='word_1_561' title='bbox 1106 2861 1116 2877; x_wconf 85' lang='lat'>,</span> <span class='ocrx_word' id='word_1_562' title='bbox 1146 2839 1223 2876; x_wconf 90' lang='lat' dir='ltr'>quod</span> <span class='ocrx_word' id='word_1_563' title='bbox 1244 2840 1320 2871; x_wconf 90' lang='lat' dir='ltr'>circa</span> 
     </span>
     <span class='ocr_line' id='line_1_79' title="bbox 265 2870 1319 2916; baseline 0.009 -16"><span class='ocrx_word' id='word_1_564' title='bbox 265 2870 405 2910; x_wconf 80' lang='lat' dir='ltr'>praemiffa</span> <span class='ocrx_word' id='word_1_565' title='bbox 427 2871 551 2903; x_wconf 86' lang='lat' dir='ltr'>facienda</span> <span class='ocrx_word' id='word_1_566' title='bbox 564 2875 597 2904; x_wconf 68' lang='grc' dir='ltr'>ὃς</span> <span class='ocrx_word' id='word_1_567' title='bbox 619 2875 752 2912; x_wconf 83' lang='lat' dir='ltr'>explenda</span> <span class='ocrx_word' id='word_1_568' title='bbox 772 2886 839 2906; x_wconf 89' lang='lat' dir='ltr'>cuin</span> <span class='ocrx_word' id='word_1_569' title='bbox 859 2878 939 2906; x_wconf 89' lang='lat' dir='ltr'>omni</span> <span class='ocrx_word' id='word_1_570' title='bbox 953 2875 1093 2915; x_wconf 58' lang='lat' dir='ltr'>diligentia</span> <span class='ocrx_word' id='word_1_571' title='bbox 1104 2878 1268 2916; x_wconf 86' lang='lat' dir='ltr'>intendatis,</span> <span class='ocrx_word' id='word_1_572' title='bbox 1286 2879 1319 2909; x_wconf 75' lang='grc' dir='ltr'>δε</span> 
     </span>
     <span class='ocr_line' id='line_1_80' title="bbox 266 2908 1320 2953; baseline 0.009 -15"><span class='ocrx_word' id='word_1_573' title='bbox 266 2908 304 2953; x_wconf 74' lang='lat' dir='ltr'>de</span> <span class='ocrx_word' id='word_1_574' title='bbox 316 2910 478 2941; x_wconf 86' lang='lat' dir='ltr'>nominibus</span> <span class='ocrx_word' id='word_1_575' title='bbox 492 2911 619 2950; x_wconf 86' lang='lat' dir='ltr'>illorum,</span> <span class='ocrx_word' id='word_1_576' title='bbox 638 2913 657 2942; x_wconf 85' lang='lat' dir='ltr'>si</span> <span class='ocrx_word' id='word_1_577' title='bbox 671 2923 742 2951; x_wconf 90' lang='lat' dir='ltr'>quos</span> <span class='ocrx_word' id='word_1_578' title='bbox 754 2915 782 2944; x_wconf 91' lang='lat' dir='ltr'>in</span> <span class='ocrx_word' id='word_1_579' title='bbox 798 2913 941 2951; x_wconf 82' lang='lat' dir='ltr'>praemiffis</span> <span class='ocrx_word' id='word_1_580' title='bbox 954 2915 1088 2946; x_wconf 89' lang='lat' dir='ltr'>Rebelles</span> <span class='ocrx_word' id='word_1_581' title='bbox 1105 2915 1151 2946; x_wconf 90' lang='lat' dir='ltr'>seu</span> <span class='ocrx_word' id='word_1_582' title='bbox 1166 2918 1320 2947; x_wconf 89' lang='lat' dir='ltr'>contrarios</span> 
     </span>
     <span class='ocr_line' id='line_1_81' title="bbox 265 2949 1318 2992; baseline 0.009 -15"><span class='ocrx_word' id='word_1_583' title='bbox 265 2950 444 2987; x_wconf 85' lang='lat' dir='ltr'>inveneritis,</span> <span class='ocrx_word' id='word_1_584' title='bbox 462 2949 508 2980; x_wconf 88' lang='lat' dir='ltr'>vel</span> <span class='ocrx_word' id='word_1_585' title='bbox 521 2950 541 2981; x_wconf 86' lang='lat' dir='ltr'>si</span> <span class='ocrx_word' id='word_1_586' title='bbox 555 2952 602 2988; x_wconf 89' lang='lat' dir='ltr'>qui</span> <span class='ocrx_word' id='word_1_587' title='bbox 617 2950 754 2982; x_wconf 91' lang='lat' dir='ltr'>Stannum</span> <span class='ocrx_word' id='word_1_588' title='bbox 774 2953 852 2983; x_wconf 86' lang='lat' dir='ltr'>suurn</span> <span class='ocrx_word' id='word_1_589' title='bbox 873 2953 1058 2992; x_wconf 88' lang='lat' dir='ltr'>abscondere,</span> <span class='ocrx_word' id='word_1_590' title='bbox 1076 2962 1122 2984; x_wconf 87' lang='lat' dir='ltr'>aut</span> <span class='ocrx_word' id='word_1_591' title='bbox 1138 2954 1171 2985; x_wconf 68' lang='lat' dir='ltr'>ea</span> <span class='ocrx_word' id='word_1_592' title='bbox 1186 2955 1222 2985; x_wconf 90' lang='lat' dir='ltr'>de</span> <span class='ocrx_word' id='word_1_593' title='bbox 1236 2955 1318 2987; x_wconf 68' lang='lat' dir='ltr'>causa</span> 
     </span>
     <span class='ocr_line' id='line_1_82' title="bbox 267 2985 1319 3033; baseline 0.007 -16"><span class='ocrx_word' id='word_1_594' title='bbox 267 2985 399 3025; x_wconf 87' lang='lat' dir='ltr'>elongare</span> <span class='ocrx_word' id='word_1_595' title='bbox 412 2990 649 3028; x_wconf 79' lang='lat' dir='ltr'>praesumpserint,</span> <span class='ocrx_word' id='word_1_596' title='bbox 668 2999 735 3028; x_wconf 84' lang='lat' dir='ltr'>nos,</span> <span class='ocrx_word' id='word_1_597' title='bbox 757 2989 793 3020; x_wconf 89' lang='lat' dir='ltr'>de</span> <span class='ocrx_word' id='word_1_598' title='bbox 806 3000 936 3029; x_wconf 84' lang='lat' dir='ltr'>tempore</span> <span class='ocrx_word' id='word_1_599' title='bbox 957 2993 985 3022; x_wconf 88' lang='lat' dir='ltr'>in</span> <span class='ocrx_word' id='word_1_600' title='bbox 1000 3001 1124 3032; x_wconf 83' lang='lat' dir='ltr'>tempus,</span> <span class='ocrx_word' id='word_1_601' title='bbox 1144 2993 1319 3033; x_wconf 86' lang='lat' dir='ltr'>certificetis;</span> 
     </span>
     <span class='ocr_line' id='line_1_83' title="bbox 265 3023 1319 3069; baseline 0.009 -16"><span class='ocrx_word' id='word_1_602' title='bbox 265 3023 370 3063; x_wconf 79' lang='lat' dir='ltr'>Qios,</span> <span class='ocrx_word' id='word_1_603' title='bbox 386 3026 422 3055; x_wconf 92' lang='lat' dir='ltr'>ad</span> <span class='ocrx_word' id='word_1_604' title='bbox 440 3025 673 3063; x_wconf 76' lang='lat' dir='ltr'>significationem</span> <span class='ocrx_word' id='word_1_605' title='bbox 694 3028 829 3068; x_wconf 84' lang='lat' dir='ltr'>vestram,</span> <span class='ocrx_word' id='word_1_606' title='bbox 848 3030 935 3060; x_wconf 88' lang='lat' dir='ltr'>taliter</span> <span class='ocrx_word' id='word_1_607' title='bbox 950 3031 1099 3069; x_wconf 87' lang='lat' dir='ltr'>puniemus</span> <span class='ocrx_word' id='word_1_608' title='bbox 1137 3031 1215 3069; x_wconf 86' lang='lat' dir='ltr'>quod</span> <span class='ocrx_word' id='word_1_609' title='bbox 1233 3032 1319 3063; x_wconf 85' lang='lat' dir='ltr'>Puni-</span> 
     </span>
     <span class='ocr_line' id='line_1_84' title="bbox 264 3054 1318 3131; baseline 0.009 -39"><span class='ocrx_word' id='word_1_610' title='bbox 264 3063 309 3092; x_wconf 74' lang='lat' dir='ltr'>tio</span> <span class='ocrx_word' id='word_1_611' title='bbox 324 3063 367 3130; x_wconf 46' lang='lat' dir='ltr'>ilkla</span> <span class='ocrx_word' id='word_1_612' title='bbox 388 3062 470 3131; x_wconf 44' lang='lat' dir='ltr'>&lt;Sedet</span> <span class='ocrx_word' id='word_1_613' title='bbox 485 3066 594 3096; x_wconf 86' lang='lat' dir='ltr'>caeteris</span> <span class='ocrx_word' id='word_1_614' title='bbox 609 3067 638 3095; x_wconf 90' lang='lat' dir='ltr'>in</span> <span class='ocrx_word' id='word_1_615' title='bbox 653 3067 812 3104; x_wconf 82' lang='lat' dir='ltr'>exemplum</span> <span class='ocrx_word' id='word_1_616' title='bbox 822 3093 831 3106; x_wconf 93' lang='lat'>,</span> <span class='ocrx_word' id='word_1_617' title='bbox 850 3068 877 3098; x_wconf 90' lang='lat' dir='ltr'>se</span> <span class='ocrx_word' id='word_1_618' title='bbox 888 3068 923 3098; x_wconf 90' lang='lat' dir='ltr'>ab</span> <span class='ocrx_word' id='word_1_619' title='bbox 936 3068 1094 3107; x_wconf 84' lang='lat' dir='ltr'>hujusmodi</span> <span class='ocrx_word' id='word_1_620' title='bbox 1102 3054 1318 3101; x_wconf 70' lang='lat' dir='ltr'>Rebellionibus</span> 
     </span>
     <span class='ocr_line' id='line_1_85' title="bbox 267 3109 436 3132; baseline 0.018 -3"><span class='ocrx_word' id='word_1_621' title='bbox 267 3109 335 3130; x_wconf 79' lang='lat' dir='ltr'>retra</span> <span class='ocrx_word' id='word_1_622' title='bbox 357 3112 391 3131; x_wconf 91' lang='lat' dir='ltr'>en</span> <span class='ocrx_word' id='word_1_623' title='bbox 414 3113 436 3132; x_wconf 92' lang='lat' dir='ltr'>i·</span> 
     </span>
    </p>

    <p class='ocr_par' dir='ltr' id='par_1_31' title="bbox 268 3126 1319 3247">
     <span class='ocr_line' id='line_1_86' title="bbox 305 3126 1319 3184; baseline 0.01 -15"><span class='ocrx_word' id='word_1_624' title='bbox 305 3138 341 3168; x_wconf 90' lang='lat' dir='ltr'>Et</span> <span class='ocrx_word' id='word_1_625' title='bbox 357 3126 554 3172; x_wconf 65' lang='lat' dir='ltr'>nichilominus</span> <span class='ocrx_word' id='word_1_626' title='bbox 568 3141 692 3180; x_wconf 87' lang='lat' dir='ltr'>ipsorum</span> <span class='ocrx_word' id='word_1_627' title='bbox 709 3143 812 3173; x_wconf 85' lang='lat' dir='ltr'>Terras</span> <span class='ocrx_word' id='word_1_628' title='bbox 824 3144 856 3175; x_wconf 91' lang='lat'>&amp;</span> <span class='ocrx_word' id='word_1_629' title='bbox 870 3144 1063 3184; x_wconf 89' lang='lat' dir='ltr'>Tenementa,</span> <span class='ocrx_word' id='word_1_630' title='bbox 1081 3146 1161 3177; x_wconf 91' lang='lat' dir='ltr'>Bona</span> <span class='ocrx_word' id='word_1_631' title='bbox 1174 3148 1208 3178; x_wconf 75' lang='grc' dir='ltr'>δε</span> <span class='ocrx_word' id='word_1_632' title='bbox 1225 3147 1319 3178; x_wconf 90' lang='lat' dir='ltr'>Catal-</span> 
     </span>
     <span class='ocr_line' id='line_1_87' title="bbox 268 3175 1319 3244; baseline 0.01 -38"><span class='ocrx_word' id='word_1_633' title='bbox 268 3175 314 3244; x_wconf 33' lang='grc' dir='ltr'>ἐπ’,</span> <span class='ocrx_word' id='word_1_634' title='bbox 325 3187 446 3244; x_wconf 81' lang='lat' dir='ltr'>fpropter</span> <span class='ocrx_word' id='word_1_635' title='bbox 462 3179 662 3211; x_wconf 85' lang='lat' dir='ltr'>Rebellionem</span> <span class='ocrx_word' id='word_1_636' title='bbox 675 3181 750 3212; x_wconf 91' lang='lat' dir='ltr'>suam</span> <span class='ocrx_word' id='word_1_637' title='bbox 763 3181 938 3222; x_wconf 89' lang='lat' dir='ltr'>hujusmodi,</span> <span class='ocrx_word' id='word_1_638' title='bbox 955 3184 984 3214; x_wconf 90' lang='lat' dir='ltr'>in</span> <span class='ocrx_word' id='word_1_639' title='bbox 1000 3194 1116 3215; x_wconf 81' lang='lat' dir='ltr'>manum</span> <span class='ocrx_word' id='word_1_640' title='bbox 1131 3185 1256 3216; x_wconf 86' lang='lat' dir='ltr'>nostram</span> <span class='ocrx_word' id='word_1_641' title='bbox 1269 3187 1319 3217; x_wconf 88' lang='lat' dir='ltr'>sei-</span> 
     </span>
     <span class='ocr_line' id='line_1_88' title="bbox 280 3225 473 3247; baseline 0.016 -3"><span class='ocrx_word' id='word_1_642' title='bbox 280 3225 311 3244; x_wconf 81' lang='lat' dir='ltr'>iri</span> <span class='ocrx_word' id='word_1_643' title='bbox 337 3225 473 3247; x_wconf 87' lang='lat' dir='ltr'>aciemus:</span> 
     </span>
    </p>

    <p class='ocr_par' dir='ltr' id='par_1_32' title="bbox 263 3252 1319 3399">
     <span class='ocr_line' id='line_1_89' title="bbox 306 3252 1319 3300; baseline 0.012 -18"><span class='ocrx_word' id='word_1_644' title='bbox 306 3252 505 3286; x_wconf 88' lang='lat' dir='ltr'>Mandavimus</span> <span class='ocrx_word' id='word_1_645' title='bbox 525 3258 602 3287; x_wconf 85' lang='lat' dir='ltr'>enirn</span> <span class='ocrx_word' id='word_1_646' title='bbox 620 3256 846 3290; x_wconf 80' lang='lat' dir='ltr'>vicecomitibus</span> <span class='ocrx_word' id='word_1_647' title='bbox 877 3259 976 3290; x_wconf 89' lang='lat' dir='ltr'>nostris</span> <span class='ocrx_word' id='word_1_648' title='bbox 997 3259 1197 3292; x_wconf 87' lang='lat' dir='ltr'>Comitatuum</span> <span class='ocrx_word' id='word_1_649' title='bbox 1217 3263 1319 3300; x_wconf 74' lang='lat' dir='ltr'>praedi-</span> 
     </span>
     <span class='ocr_line' id='line_1_90' title="bbox 267 3290 1318 3338; baseline 0.009 -16"><span class='ocrx_word' id='word_1_650' title='bbox 267 3290 383 3322; x_wconf 70' lang='lat' dir='ltr'>&amp;orum</span> <span class='ocrx_word' id='word_1_651' title='bbox 398 3317 407 3330; x_wconf 95' lang='lat'>,</span> <span class='ocrx_word' id='word_1_652' title='bbox 433 3294 511 3332; x_wconf 91' lang='lat' dir='ltr'>quod</span> <span class='ocrx_word' id='word_1_653' title='bbox 532 3295 613 3325; x_wconf 91' lang='lat' dir='ltr'>vobis</span> <span class='ocrx_word' id='word_1_654' title='bbox 627 3318 636 3333; x_wconf 85' lang='lat'>,</span> <span class='ocrx_word' id='word_1_655' title='bbox 654 3297 687 3326; x_wconf 74' lang='grc' dir='ltr'>ὃ(</span> <span class='ocrx_word' id='word_1_656' title='bbox 700 3296 778 3327; x_wconf 83' lang='lat' dir='ltr'>alteri</span> <span class='ocrx_word' id='word_1_657' title='bbox 792 3297 918 3328; x_wconf 70' lang='lat' dir='ltr'>vestrum</span> <span class='ocrx_word' id='word_1_658' title='bbox 928 3322 937 3336; x_wconf 97' lang='lat'>,</span> <span class='ocrx_word' id='word_1_659' title='bbox 954 3308 986 3328; x_wconf 91' lang='lat' dir='ltr'>ac</span> <span class='ocrx_word' id='word_1_660' title='bbox 1002 3297 1179 3336; x_wconf 86' lang='lat' dir='ltr'>Deputandis</span> <span class='ocrx_word' id='word_1_661' title='bbox 1191 3310 1207 3330; x_wconf 87' lang='lat' dir='ltr'>a</span> <span class='ocrx_word' id='word_1_662' title='bbox 1221 3302 1318 3338; x_wconf 86' lang='lat' dir='ltr'>vobis,</span> 
     </span>
     <span class='ocr_line' id='line_1_91' title="bbox 263 3329 1318 3399; baseline 0.009 -39"><span class='ocrx_word' id='word_1_663' title='bbox 263 3329 453 3399; x_wconf 54' lang='lat' dir='ltr'>iKprfemiffis</span> <span class='ocrx_word' id='word_1_664' title='bbox 471 3333 604 3364; x_wconf 89' lang='lat' dir='ltr'>omnibus</span> <span class='ocrx_word' id='word_1_665' title='bbox 621 3334 655 3364; x_wconf 91' lang='lat'>&amp;</span> <span class='ocrx_word' id='word_1_666' title='bbox 677 3335 785 3375; x_wconf 85' lang='lat' dir='ltr'>singulis</span> <span class='ocrx_word' id='word_1_667' title='bbox 806 3334 985 3367; x_wconf 84' lang='lat' dir='ltr'>Intendentes</span> <span class='ocrx_word' id='word_1_668' title='bbox 1000 3336 1067 3375; x_wconf 88' lang='lat' dir='ltr'>sint,</span> <span class='ocrx_word' id='word_1_669' title='bbox 1084 3336 1270 3369; x_wconf 88' lang='lat' dir='ltr'>Consulentes</span> <span class='ocrx_word' id='word_1_670' title='bbox 1284 3340 1318 3371; x_wconf 90' lang='lat'>&amp;</span> 
     </span>
    </p>

    <p class='ocr_par' dir='ltr' id='par_1_33' title="bbox 293 3377 435 3401">
     <span class='ocr_line' id='line_1_92' title="bbox 293 3377 435 3401; baseline 0.014 -4"><span class='ocrx_word' id='word_1_671' title='bbox 293 3377 337 3398; x_wconf 88' lang='lat' dir='ltr'>uxi</span> <span class='ocrx_word' id='word_1_672' title='bbox 349 3378 435 3401; x_wconf 88' lang='lat' dir='ltr'>iantes</span> 
     </span>
    </p>

    <p class='ocr_par' dir='ltr' id='par_1_34' title="bbox 264 3393 1319 3681">
     <span class='ocr_line' id='line_1_93' title="bbox 302 3393 1318 3452; baseline 0.008 -15"><span class='ocrx_word' id='word_1_673' title='bbox 302 3405 340 3437; x_wconf 91' lang='lat' dir='ltr'>Et</span> <span class='ocrx_word' id='word_1_674' title='bbox 363 3393 450 3446; x_wconf 49' lang='lat' dir='ltr'>quod,</span> <span class='ocrx_word' id='word_1_675' title='bbox 461 3408 514 3447; x_wconf 82' lang='lat' dir='ltr'>Ipsi</span> <span class='ocrx_word' id='word_1_676' title='bbox 534 3409 635 3441; x_wconf 87' lang='lat' dir='ltr'>Naves</span> <span class='ocrx_word' id='word_1_677' title='bbox 648 3434 657 3449; x_wconf 84' lang='lat'>,</span> <span class='ocrx_word' id='word_1_678' title='bbox 684 3410 816 3451; x_wconf 77' lang='lat' dir='ltr'>Batenos,</span> <span class='ocrx_word' id='word_1_679' title='bbox 833 3411 977 3452; x_wconf 84' lang='lat' dir='ltr'>Cariagia,</span> <span class='ocrx_word' id='word_1_680' title='bbox 994 3423 1027 3443; x_wconf 84' lang='lat' dir='ltr'>ac</span> <span class='ocrx_word' id='word_1_681' title='bbox 1042 3413 1091 3444; x_wconf 87' lang='lat' dir='ltr'>alia</span> <span class='ocrx_word' id='word_1_682' title='bbox 1106 3413 1252 3444; x_wconf 76' lang='lat' dir='ltr'>necessaria</span> <span class='ocrx_word' id='word_1_683' title='bbox 1265 3424 1318 3452; x_wconf 92' lang='lat' dir='ltr'>pro</span> 
     </span>
     <span class='ocr_line' id='line_1_94' title="bbox 264 3443 1318 3490; baseline 0.009 -16"><span class='ocrx_word' id='word_1_684' title='bbox 264 3443 373 3475; x_wconf 91' lang='lat' dir='ltr'>Stanno</span> <span class='ocrx_word' id='word_1_685' title='bbox 392 3447 529 3484; x_wconf 58' lang='lat' dir='ltr'>praedisto</span> <span class='ocrx_word' id='word_1_686' title='bbox 544 3472 553 3485; x_wconf 96' lang='lat'>,</span> <span class='ocrx_word' id='word_1_687' title='bbox 576 3448 611 3478; x_wconf 88' lang='lat' dir='ltr'>ad</span> <span class='ocrx_word' id='word_1_688' title='bbox 629 3449 739 3479; x_wconf 67' lang='lat' dir='ltr'>dictum</span> <span class='ocrx_word' id='word_1_689' title='bbox 759 3450 878 3480; x_wconf 90' lang='lat' dir='ltr'>Portum</span> <span class='ocrx_word' id='word_1_690' title='bbox 900 3451 1126 3490; x_wconf 79' lang='lat' dir='ltr'>Suthamptoniae</span> <span class='ocrx_word' id='word_1_691' title='bbox 1140 3453 1270 3484; x_wconf 85' lang='lat' dir='ltr'>cariando</span> <span class='ocrx_word' id='word_1_692' title='bbox 1284 3454 1318 3484; x_wconf 88' lang='lat'>&amp;</span> 
     </span>
     <span class='ocr_line' id='line_1_95' title="bbox 265 3481 1319 3529; baseline 0.009 -17"><span class='ocrx_word' id='word_1_693' title='bbox 265 3481 416 3523; x_wconf 89' lang='lat' dir='ltr'>ducendo,</span> <span class='ocrx_word' id='word_1_694' title='bbox 438 3487 467 3515; x_wconf 90' lang='lat' dir='ltr'>in</span> <span class='ocrx_word' id='word_1_695' title='bbox 489 3486 582 3516; x_wconf 74' lang='lat' dir='ltr'>forma</span> <span class='ocrx_word' id='word_1_696' title='bbox 598 3487 730 3525; x_wconf 67' lang='lat' dir='ltr'>praedicta</span> <span class='ocrx_word' id='word_1_697' title='bbox 744 3512 754 3525; x_wconf 88' lang='lat'>,</span> <span class='ocrx_word' id='word_1_698' title='bbox 774 3490 803 3519; x_wconf 89' lang='lat' dir='ltr'>in</span> <span class='ocrx_word' id='word_1_699' title='bbox 827 3489 935 3520; x_wconf 81' lang='lat' dir='ltr'>Ballivis</span> <span class='ocrx_word' id='word_1_700' title='bbox 949 3491 1016 3529; x_wconf 88' lang='lat' dir='ltr'>suis,</span> <span class='ocrx_word' id='word_1_701' title='bbox 1035 3491 1094 3520; x_wconf 60' lang='lat' dir='ltr'>tani</span> <span class='ocrx_word' id='word_1_702' title='bbox 1108 3490 1177 3521; x_wconf 85' lang='lat' dir='ltr'>infra</span> <span class='ocrx_word' id='word_1_703' title='bbox 1190 3490 1319 3522; x_wconf 88' lang='lat' dir='ltr'>Liberta-</span> 
     </span>
     <span class='ocr_line' id='line_1_96' title="bbox 268 3523 1317 3567; baseline 0.01 -17"><span class='ocrx_word' id='word_1_704' title='bbox 268 3528 324 3564; x_wconf 77' lang='lat' dir='ltr'>teS‚</span> <span class='ocrx_word' id='word_1_705' title='bbox 343 3523 429 3560; x_wconf 73' lang='lat' dir='ltr'>quam</span> <span class='ocrx_word' id='word_1_706' title='bbox 444 3531 533 3562; x_wconf 80' lang='lat' dir='ltr'>extra,</span> <span class='ocrx_word' id='word_1_707' title='bbox 550 3525 632 3556; x_wconf 83' lang='lat' dir='ltr'>vobis</span> <span class='ocrx_word' id='word_1_708' title='bbox 643 3548 653 3564; x_wconf 86' lang='lat'>‚</span> <span class='ocrx_word' id='word_1_709' title='bbox 671 3526 716 3557; x_wconf 88' lang='lat' dir='ltr'>vel</span> <span class='ocrx_word' id='word_1_710' title='bbox 731 3526 808 3558; x_wconf 85' lang='lat' dir='ltr'>alteri</span> <span class='ocrx_word' id='word_1_711' title='bbox 825 3527 953 3558; x_wconf 71' lang='lat' dir='ltr'>vestrum</span> <span class='ocrx_word' id='word_1_712' title='bbox 968 3553 978 3567; x_wconf 93' lang='lat'>‚</span> <span class='ocrx_word' id='word_1_713' title='bbox 996 3538 1029 3559; x_wconf 91' lang='lat' dir='ltr'>ac</span> <span class='ocrx_word' id='word_1_714' title='bbox 1043 3528 1222 3567; x_wconf 85' lang='lat' dir='ltr'>Deputandis</span> <span class='ocrx_word' id='word_1_715' title='bbox 1235 3539 1250 3559; x_wconf 91' lang='lat' dir='ltr'>a</span> <span class='ocrx_word' id='word_1_716' title='bbox 1264 3540 1317 3560; x_wconf 90' lang='lat' dir='ltr'>vo-</span> 
     </span>
     <span class='ocr_line' id='line_1_97' title="bbox 267 3558 575 3602; baseline 0.019 -14"><span class='ocrx_word' id='word_1_717' title='bbox 267 3558 310 3589; x_wconf 88' lang='lat' dir='ltr'>bis</span> <span class='ocrx_word' id='word_1_718' title='bbox 343 3561 444 3592; x_wconf 87' lang='lat' dir='ltr'>babere</span> <span class='ocrx_word' id='word_1_719' title='bbox 457 3563 575 3602; x_wconf 82' lang='lat' dir='ltr'>faciant,</span> 
     </span>
     <span class='ocr_line' id='line_1_98' title="bbox 306 3581 1317 3643; baseline 0.009 -15"><span class='ocrx_word' id='word_1_720' title='bbox 306 3581 345 3629; x_wconf 63' lang='grc' dir='ltr'>ἐπ</span> <span class='ocrx_word' id='word_1_721' title='bbox 365 3599 442 3642; x_wconf 83' lang='lat' dir='ltr'>quod</span> <span class='ocrx_word' id='word_1_722' title='bbox 462 3602 511 3638; x_wconf 87' lang='lat' dir='ltr'>ipsi</span> <span class='ocrx_word' id='word_1_723' title='bbox 531 3602 665 3640; x_wconf 86' lang='lat' dir='ltr'>Sumptus</span> <span class='ocrx_word' id='word_1_724' title='bbox 678 3627 688 3639; x_wconf 84' lang='lat'>‚</span> <span class='ocrx_word' id='word_1_725' title='bbox 707 3613 761 3640; x_wconf 88' lang='lat' dir='ltr'>pro</span> <span class='ocrx_word' id='word_1_726' title='bbox 773 3602 923 3643; x_wconf 86' lang='lat' dir='ltr'>Cariagiis,</span> <span class='ocrx_word' id='word_1_727' title='bbox 937 3605 970 3636; x_wconf 91' lang='lat'>&amp;</span> <span class='ocrx_word' id='word_1_728' title='bbox 984 3605 1039 3634; x_wconf 87' lang='lat' dir='ltr'>aliis</span> <span class='ocrx_word' id='word_1_729' title='bbox 1052 3604 1209 3636; x_wconf 75' lang='lat' dir='ltr'>necessar&#39;iis</span> <span class='ocrx_word' id='word_1_730' title='bbox 1221 3607 1250 3636; x_wconf 90' lang='lat' dir='ltr'>in</span> <span class='ocrx_word' id='word_1_731' title='bbox 1264 3605 1317 3637; x_wconf 89' lang='lat' dir='ltr'>hac</span> 
     </span>
     <span class='ocr_line' id='line_1_99' title="bbox 268 3639 1316 3681; baseline 0.01 -17"><span class='ocrx_word' id='word_1_732' title='bbox 268 3643 360 3673; x_wconf 80' lang='lat' dir='ltr'>parte,</span> <span class='ocrx_word' id='word_1_733' title='bbox 378 3639 551 3670; x_wconf 78' lang='lat' dir='ltr'>inveniendis</span> <span class='ocrx_word' id='word_1_734' title='bbox 584 3640 620 3670; x_wconf 91' lang='lat' dir='ltr'>de</span> <span class='ocrx_word' id='word_1_735' title='bbox 634 3641 761 3672; x_wconf 86' lang='lat' dir='ltr'>Exitibus</span> <span class='ocrx_word' id='word_1_736' title='bbox 775 3641 940 3673; x_wconf 80' lang='lat' dir='ltr'>Ballivarum</span> <span class='ocrx_word' id='word_1_737' title='bbox 959 3643 1067 3674; x_wconf 81' lang='lat' dir='ltr'>suarum</span> <span class='ocrx_word' id='word_1_738' title='bbox 1091 3644 1213 3681; x_wconf 87' lang='lat' dir='ltr'>solvant,</span> <span class='ocrx_word' id='word_1_739' title='bbox 1232 3653 1316 3681; x_wconf 86' lang='lat' dir='ltr'>prout</span> 
     </span>
    </p>
   </div>
   <div class='ocr_carea' id='block_1_14' title="bbox 267 3675 1316 3747">
    <p class='ocr_par' dir='ltr' id='par_1_35' title="bbox 267 3675 1316 3747">
     <span class='ocr_line' id='line_1_100' title="bbox 267 3675 1316 3747; baseline 0.002 -36"><span class='ocrx_word' id='word_1_740' title='bbox 267 3682 337 3747; x_wconf 52' lang='grc' dir='ltr'>ἕξεί,</span> <span class='ocrx_word' id='word_1_741' title='bbox 354 3675 486 3742; x_wconf 70' lang='lat' dir='ltr'>velstalter</span> <span class='ocrx_word' id='word_1_742' title='bbox 507 3688 544 3709; x_wconf 92' lang='lat' dir='ltr'>ve</span> <span class='ocrx_word' id='word_1_743' title='bbox 582 3678 634 3709; x_wconf 78' lang='lat' dir='ltr'>sim</span> <span class='ocrx_word' id='word_1_744' title='bbox 648 3703 659 3717; x_wconf 84' lang='lat'>,</span> <span class='ocrx_word' id='word_1_745' title='bbox 683 3688 730 3711; x_wconf 91' lang='lat' dir='ltr'>aut</span> <span class='ocrx_word' id='word_1_746' title='bbox 749 3679 912 3718; x_wconf 89' lang='lat' dir='ltr'>Deputandi</span> <span class='ocrx_word' id='word_1_747' title='bbox 933 3692 949 3712; x_wconf 91' lang='lat' dir='ltr'>a</span> <span class='ocrx_word' id='word_1_748' title='bbox 968 3682 1069 3720; x_wconf 89' lang='lat' dir='ltr'>vobis,</span> <span class='ocrx_word' id='word_1_749' title='bbox 1086 3682 1153 3712; x_wconf 85' lang='lat' dir='ltr'>scire</span> <span class='ocrx_word' id='word_1_750' title='bbox 1166 3681 1268 3713; x_wconf 74' lang='lat' dir='ltr'>faciatis</span> <span class='ocrx_word' id='word_1_751' title='bbox 1282 3692 1316 3713; x_wconf 87' lang='lat' dir='ltr'>ex</span> 
     </span>
     <span class='ocr_line' id='line_1_101' title="bbox 302 3720 457 3744; baseline 0.026 -4"><span class='ocrx_word' id='word_1_752' title='bbox 302 3720 315 3738; x_wconf 76' lang='grc' dir='ltr'>Υ</span> <span class='ocrx_word' id='word_1_753' title='bbox 328 3721 343 3740; x_wconf 80' lang='grc' dir='ltr'>Ε</span> <span class='ocrx_word' id='word_1_754' title='bbox 356 3722 394 3742; x_wconf 83' lang='grc' dir='ltr'>ΠΟ</span> <span class='ocrx_word' id='word_1_755' title='bbox 421 3724 457 3744; x_wconf 78' lang='lat' dir='ltr'>sa·</span> 
     </span>
    </p>
   </div>
   <div class='ocr_carea' id='block_1_15' title="bbox 302 3746 1209 3950">
    <p class='ocr_par' dir='ltr' id='par_1_36' title="bbox 302 3746 1209 3950">
     <span class='ocr_line' id='line_1_102' title="bbox 302 3746 522 3790; baseline 0.009 -11"><span class='ocrx_word' id='word_1_756' title='bbox 302 3746 336 3778; x_wconf 87' lang='lat' dir='ltr'>In</span> <span class='ocrx_word' id='word_1_757' title='bbox 351 3751 444 3790; x_wconf 79' lang='lat' dir='ltr'>qu&#39;uS,</span> <span class='ocrx_word' id='word_1_758' title='bbox 462 3753 522 3784; x_wconf 84' lang='lat' dir='ltr'>&amp;c.</span> 
     </span>
     <span class='ocr_line' id='line_1_103' title="bbox 305 3821 1150 3868; baseline 0.014 -15"><span class='ocrx_word' id='word_1_759' title='bbox 305 3821 394 3856; x_wconf 84' lang='lat' dir='ltr'>Teste</span> <span class='ocrx_word' id='word_1_760' title='bbox 408 3826 488 3866; x_wconf 82' lang='lat' dir='ltr'>Rege</span> <span class='ocrx_word' id='word_1_761' title='bbox 501 3829 575 3868; x_wconf 82' lang='lat' dir='ltr'>apud</span> <span class='ocrx_word' id='word_1_762' title='bbox 588 3830 707 3864; x_wconf 87' lang='lat' dir='ltr'>Turrim</span> <span class='ocrx_word' id='word_1_763' title='bbox 720 3832 856 3865; x_wconf 86' lang='lat' dir='ltr'>London.</span> <span class='ocrx_word' id='word_1_764' title='bbox 875 3833 990 3866; x_wconf 87' lang='lat' dir='ltr'>decimo</span> <span class='ocrx_word' id='word_1_765' title='bbox 1004 3833 1052 3865; x_wconf 88' lang='lat' dir='ltr'>die</span> <span class='ocrx_word' id='word_1_766' title='bbox 1066 3833 1150 3865; x_wconf 89' lang='lat' dir='ltr'>Maii.</span> 
     </span>
     <span class='ocr_line' id='line_1_104' title="bbox 948 3908 1209 3950; baseline -0.004 -9"><span class='ocrx_word' id='word_1_767' title='bbox 948 3912 1001 3941; x_wconf 77' lang='lat' dir='ltr'>Per</span> <span class='ocrx_word' id='word_1_768' title='bbox 1014 3908 1094 3950; x_wconf 79' lang='lat' dir='ltr'>ipfim</span> <span class='ocrx_word' id='word_1_769' title='bbox 1105 3913 1209 3948; x_wconf 83' lang='lat' dir='ltr'>Regem.</span> 
     </span>
    </p>
   </div>
   <div class='ocr_carea' id='block_1_16' title="bbox 728 69 1968 125">
    <p class='ocr_par' dir='ltr' id='par_1_37' title="bbox 728 69 1968 125">
     <span class='ocr_line' id='line_1_105' title="bbox 728 69 1968 125; baseline -0.005 -6"><span class='ocrx_word' id='word_1_770' title='bbox 728 69 1528 125; x_wconf 86' lang='lat' dir='ltr'>CONVENTIONES,</span> <span class='ocrx_word' id='word_1_771' title='bbox 1583 71 1968 120; x_wconf 87' lang='lat' dir='ltr'>LITERAE,</span> 
     </span>
    </p>
   </div>
   <div class='ocr_carea' id='block_1_17' title="bbox 1354 154 2559 841">
    <p class='ocr_par' dir='ltr' id='par_1_38' title="bbox 1354 154 2559 317">
     <span class='ocr_line' id='line_1_106' title="bbox 1356 154 2559 217; baseline 0.003 -30"><span class='ocrx_word' id='word_1_772' title='bbox 1356 155 1412 217; x_wconf 87' lang='lat' dir='ltr'>E</span> <span class='ocrx_word' id='word_1_773' title='bbox 1422 156 1453 187; x_wconf 92' lang='lat' dir='ltr'>T</span> <span class='ocrx_word' id='word_1_774' title='bbox 1478 167 1655 196; x_wconf 89' lang='lat' dir='ltr'>praeceptum</span> <span class='ocrx_word' id='word_1_775' title='bbox 1668 158 1710 189; x_wconf 90' lang='lat' dir='ltr'>est</span> <span class='ocrx_word' id='word_1_776' title='bbox 1730 158 1842 199; x_wconf 64' lang='lat' dir='ltr'>singulis</span> <span class='ocrx_word' id='word_1_777' title='bbox 1854 157 2081 189; x_wconf 84' lang='lat' dir='ltr'>vicecomitibus</span> <span class='ocrx_word' id='word_1_778' title='bbox 2094 154 2296 191; x_wconf 84' lang='lat' dir='ltr'>Comitatuum</span> <span class='ocrx_word' id='word_1_779' title='bbox 2312 159 2416 198; x_wconf 85' lang='lat' dir='ltr'>praedi-</span> <span class='ocrx_word' id='word_1_780' title='bbox 2432 158 2559 194; x_wconf 68' lang='lat' dir='ltr'>Ann.D:</span> 
     </span>
     <span class='ocr_line' id='line_1_107' title="bbox 1435 195 2545 240; baseline 0.001 -14"><span class='ocrx_word' id='word_1_781' title='bbox 1435 195 1549 227; x_wconf 71' lang='lat' dir='ltr'>&lt;storum</span> <span class='ocrx_word' id='word_1_782' title='bbox 1559 221 1568 234; x_wconf 96' lang='lat'>,</span> <span class='ocrx_word' id='word_1_783' title='bbox 1589 197 1669 234; x_wconf 81' lang='lat' dir='ltr'>quod</span> <span class='ocrx_word' id='word_1_784' title='bbox 1682 196 1803 236; x_wconf 86' lang='lat' dir='ltr'>eisdem,</span> <span class='ocrx_word' id='word_1_785' title='bbox 1820 196 1949 227; x_wconf 89' lang='lat' dir='ltr'>Ricardo</span> <span class='ocrx_word' id='word_1_786' title='bbox 1963 195 2154 240; x_wconf 55' lang='lat' dir='ltr'>&amp;Johanni2</span> <span class='ocrx_word' id='word_1_787' title='bbox 2164 197 2198 228; x_wconf 94' lang='lat'>&amp;</span> <span class='ocrx_word' id='word_1_788' title='bbox 2210 207 2312 228; x_wconf 86' lang='lat' dir='ltr'>eorum</span> <span class='ocrx_word' id='word_1_789' title='bbox 2326 198 2413 237; x_wconf 87' lang='lat' dir='ltr'>alteri,</span> <span class='ocrx_word' id='word_1_790' title='bbox 2453 197 2545 240; x_wconf 82' lang='lat'>1338..</span> 
     </span>
     <span class='ocr_line' id='line_1_108' title="bbox 1354 233 2556 275; baseline 0.005 -13"><span class='ocrx_word' id='word_1_791' title='bbox 1354 242 1387 262; x_wconf 90' lang='lat' dir='ltr'>ac</span> <span class='ocrx_word' id='word_1_792' title='bbox 1402 233 1580 272; x_wconf 87' lang='lat' dir='ltr'>Deputandis</span> <span class='ocrx_word' id='word_1_793' title='bbox 1593 237 1628 266; x_wconf 87' lang='lat' dir='ltr'>ab</span> <span class='ocrx_word' id='word_1_794' title='bbox 1645 237 1697 274; x_wconf 86' lang='lat' dir='ltr'>eis,</span> <span class='ocrx_word' id='word_1_795' title='bbox 1717 237 1747 266; x_wconf 90' lang='lat' dir='ltr'>in</span> <span class='ocrx_word' id='word_1_796' title='bbox 1761 235 1909 273; x_wconf 86' lang='lat' dir='ltr'>praemiffis</span> <span class='ocrx_word' id='word_1_797' title='bbox 1930 235 2066 265; x_wconf 83' lang='lat' dir='ltr'>omnibus</span> <span class='ocrx_word' id='word_1_798' title='bbox 2088 235 2122 266; x_wconf 86' lang='lat'>&amp;</span> <span class='ocrx_word' id='word_1_799' title='bbox 2137 236 2247 275; x_wconf 80' lang='lat' dir='ltr'>lingulis</span> <span class='ocrx_word' id='word_1_800' title='bbox 2259 235 2413 268; x_wconf 88' lang='lat' dir='ltr'>Intenden-</span> <span class='ocrx_word' id='word_1_801' title='bbox 2429 241 2497 269; x_wconf 74' lang='lat' dir='ltr'>Edv.</span> <span class='ocrx_word' id='word_1_802' title='bbox 2517 245 2556 274; x_wconf 28' lang='grc' dir='ltr'>ειν</span> 
     </span>
     <span class='ocr_line' id='line_1_109' title="bbox 1355 272 2166 317; baseline 0.002 -15"><span class='ocrx_word' id='word_1_803' title='bbox 1355 278 1396 302; x_wconf 69' lang='lat' dir='ltr'>tes</span> <span class='ocrx_word' id='word_1_804' title='bbox 1410 272 1478 311; x_wconf 89' lang='lat' dir='ltr'>fint,</span> <span class='ocrx_word' id='word_1_805' title='bbox 1497 272 1682 304; x_wconf 89' lang='lat' dir='ltr'>Consulentes</span> <span class='ocrx_word' id='word_1_806' title='bbox 1699 274 1733 305; x_wconf 91' lang='lat'>&amp;</span> <span class='ocrx_word' id='word_1_807' title='bbox 1748 274 1936 310; x_wconf 76' lang='lat' dir='ltr'>Auxiliantes,</span> <span class='ocrx_word' id='word_1_808' title='bbox 2028 310 2034 316; x_wconf 35' lang='grc' dir='ltr'>ι</span> <span class='ocrx_word' id='word_1_809' title='bbox 2159 311 2166 317; x_wconf 47' lang='grc'><em>.</em></span> 
     </span>
    </p>

    <p class='ocr_par' dir='ltr' id='par_1_39' title="bbox 1356 309 2435 497">
     <span class='ocr_line' id='line_1_110' title="bbox 1393 309 2413 356; baseline 0.003 -16"><span class='ocrx_word' id='word_1_810' title='bbox 1393 309 1432 341; x_wconf 89' lang='lat' dir='ltr'>Et</span> <span class='ocrx_word' id='word_1_811' title='bbox 1453 312 1532 350; x_wconf 81' lang='lat' dir='ltr'>quod</span> <span class='ocrx_word' id='word_1_812' title='bbox 1554 312 1608 352; x_wconf 87' lang='lat' dir='ltr'>Ipsi</span> <span class='ocrx_word' id='word_1_813' title='bbox 1631 312 1731 343; x_wconf 86' lang='lat' dir='ltr'>Naves</span> <span class='ocrx_word' id='word_1_814' title='bbox 1766 313 1904 350; x_wconf 82' lang='lat' dir='ltr'>Batellos,</span> <span class='ocrx_word' id='word_1_815' title='bbox 1923 310 2067 350; x_wconf 82' lang='lat' dir='ltr'>Cariagia,</span> <span class='ocrx_word' id='word_1_816' title='bbox 2083 319 2118 341; x_wconf 91' lang='lat' dir='ltr'>ac</span> <span class='ocrx_word' id='word_1_817' title='bbox 2132 309 2188 356; x_wconf 38' lang='lat' dir='ltr'>alia·</span> <span class='ocrx_word' id='word_1_818' title='bbox 2196 311 2345 356; x_wconf 72' lang='lat' dir='ltr'>necessaria</span> <span class='ocrx_word' id='word_1_819' title='bbox 2358 323 2413 351; x_wconf 89' lang='lat' dir='ltr'>pro</span> 
     </span>
     <span class='ocr_line' id='line_1_111' title="bbox 1356 335 2414 395; baseline 0.005 -18"><span class='ocrx_word' id='word_1_820' title='bbox 1356 346 1463 379; x_wconf 90' lang='lat' dir='ltr'>Stanno</span> <span class='ocrx_word' id='word_1_821' title='bbox 1482 350 1621 387; x_wconf 71' lang='lat' dir='ltr'>praediCto</span> <span class='ocrx_word' id='word_1_822' title='bbox 1633 375 1643 389; x_wconf 90' lang='lat'>,</span> <span class='ocrx_word' id='word_1_823' title='bbox 1667 350 1702 381; x_wconf 86' lang='lat' dir='ltr'>ad</span> <span class='ocrx_word' id='word_1_824' title='bbox 1721 335 1832 381; x_wconf 69' lang='lat' dir='ltr'>dictum</span> <span class='ocrx_word' id='word_1_825' title='bbox 1850 350 1973 393; x_wconf 79' lang='lat' dir='ltr'>Portum</span> <span class='ocrx_word' id='word_1_826' title='bbox 1988 349 2217 395; x_wconf 71' lang='lat' dir='ltr'>Sutnamptomae</span> <span class='ocrx_word' id='word_1_827' title='bbox 2236 350 2368 394; x_wconf 82' lang='lat' dir='ltr'>canando</span> <span class='ocrx_word' id='word_1_828' title='bbox 2380 352 2414 383; x_wconf 77' lang='grc' dir='ltr'>δε</span> 
     </span>
     <span class='ocr_line' id='line_1_112' title="bbox 1357 384 2415 430; baseline 0.004 -14"><span class='ocrx_word' id='word_1_829' title='bbox 1357 384 1506 427; x_wconf 80' lang='lat' dir='ltr'>ducendo,</span> <span class='ocrx_word' id='word_1_830' title='bbox 1524 390 1554 419; x_wconf 91' lang='lat' dir='ltr'>in</span> <span class='ocrx_word' id='word_1_831' title='bbox 1568 389 1661 420; x_wconf 81' lang='lat' dir='ltr'>foer</span> <span class='ocrx_word' id='word_1_832' title='bbox 1675 389 1811 430; x_wconf 65' lang='lat' dir='ltr'>praedid&#39;ca</span> <span class='ocrx_word' id='word_1_833' title='bbox 1828 413 1837 427; x_wconf 75' lang='lat'>,</span> <span class='ocrx_word' id='word_1_834' title='bbox 1855 389 1886 418; x_wconf 87' lang='lat' dir='ltr'>in</span> <span class='ocrx_word' id='word_1_835' title='bbox 1900 387 2010 418; x_wconf 80' lang='lat' dir='ltr'>Ballivis</span> <span class='ocrx_word' id='word_1_836' title='bbox 2023 386 2075 417; x_wconf 68' lang='lat' dir='ltr'>suis</span> <span class='ocrx_word' id='word_1_837' title='bbox 2088 410 2100 426; x_wconf 86' lang='lat'>‚</span> <span class='ocrx_word' id='word_1_838' title='bbox 2124 388 2183 418; x_wconf 74' lang='lat' dir='ltr'>tam</span> <span class='ocrx_word' id='word_1_839' title='bbox 2199 388 2269 420; x_wconf 91' lang='lat' dir='ltr'>infra</span> <span class='ocrx_word' id='word_1_840' title='bbox 2284 388 2415 420; x_wconf 78' lang='lat' dir='ltr'>Liberta-</span> 
     </span>
     <span class='ocr_line' id='line_1_113' title="bbox 1357 424 2435 497; baseline 0.001 -40"><span class='ocrx_word' id='word_1_841' title='bbox 1357 427 1632 497; x_wconf 52' lang='lat' dir='ltr'>{gsbquamngirtrag</span> <span class='ocrx_word' id='word_1_842' title='bbox 1650 428 1772 497; x_wconf 43' lang='lat' dir='ltr'>eisdzmb,</span> <span class='ocrx_word' id='word_1_843' title='bbox 1790 426 1971 496; x_wconf 60' lang='lat' dir='ltr'>Rifcacricaigt&amp;</span> <span class='ocrx_word' id='word_1_844' title='bbox 1986 424 2128 465; x_wconf 77' lang='lat' dir='ltr'>johanni,</span> <span class='ocrx_word' id='word_1_845' title='bbox 2145 427 2191 459; x_wconf 90' lang='lat' dir='ltr'>vel</span> <span class='ocrx_word' id='word_1_846' title='bbox 2203 436 2305 458; x_wconf 88' lang='lat' dir='ltr'>eorum</span> <span class='ocrx_word' id='word_1_847' title='bbox 2318 427 2416 467; x_wconf 87' lang='lat' dir='ltr'>alteri,</span> <span class='ocrx_word' id='word_1_848' title='bbox 2430 434 2435 440; x_wconf 89' lang='lat'>·</span> 
     </span>
    </p>

    <p class='ocr_par' dir='ltr' id='par_1_40' title="bbox 1357 473 2415 659">
     <span class='ocr_line' id='line_1_114' title="bbox 1393 473 2413 543; baseline 0.004 -12"><span class='ocrx_word' id='word_1_849' title='bbox 1393 500 1431 531; x_wconf 88' lang='lat' dir='ltr'>Et</span> <span class='ocrx_word' id='word_1_850' title='bbox 1439 473 1532 540; x_wconf 56' lang='lat' dir='ltr'>eggtoad</span> <span class='ocrx_word' id='word_1_851' title='bbox 1552 477 1608 543; x_wconf 52' lang='lat' dir='ltr'>iijsi1</span> <span class='ocrx_word' id='word_1_852' title='bbox 1621 477 1695 536; x_wconf 54' lang='lat' dir='ltr'>Sieiiii’</span> <span class='ocrx_word' id='word_1_853' title='bbox 1713 477 1754 536; x_wconf 50' lang='lat' dir='ltr'>tuis</span> <span class='ocrx_word' id='word_1_854' title='bbox 1767 475 1854 543; x_wconf 56' lang='lat' dir='ltr'>,ming</span> <span class='ocrx_word' id='word_1_855' title='bbox 1875 487 2008 542; x_wconf 75' lang='lat' dir='ltr'>Cariagiis</span> <span class='ocrx_word' id='word_1_856' title='bbox 2023 524 2033 541; x_wconf 83' lang='grc'>,</span> <span class='ocrx_word' id='word_1_857' title='bbox 2057 502 2092 533; x_wconf 90' lang='lat'>&amp;</span> <span class='ocrx_word' id='word_1_858' title='bbox 2104 503 2162 534; x_wconf 86' lang='lat' dir='ltr'>aliis</span> <span class='ocrx_word' id='word_1_859' title='bbox 2175 502 2365 543; x_wconf 82' lang='lat' dir='ltr'>Neceffiiriis,</span> <span class='ocrx_word' id='word_1_860' title='bbox 2383 504 2413 535; x_wconf 91' lang='lat' dir='ltr'>in</span> 
     </span>
     <span class='ocr_line' id='line_1_115' title="bbox 1358 515 2414 582; baseline 0.004 -13"><span class='ocrx_word' id='word_1_861' title='bbox 1358 538 1412 569; x_wconf 92' lang='lat' dir='ltr'>hac</span> <span class='ocrx_word' id='word_1_862' title='bbox 1440 550 1516 578; x_wconf 87' lang='lat' dir='ltr'>parte</span> <span class='ocrx_word' id='word_1_863' title='bbox 1544 515 1739 582; x_wconf 45' lang='lat' dir='ltr'>inveniendis,</span> <span class='ocrx_word' id='word_1_864' title='bbox 1764 544 1799 574; x_wconf 92' lang='lat' dir='ltr'>de</span> <span class='ocrx_word' id='word_1_865' title='bbox 1827 542 1956 573; x_wconf 78' lang='lat' dir='ltr'>Exitibus</span> <span class='ocrx_word' id='word_1_866' title='bbox 1976 540 2141 573; x_wconf 86' lang='lat' dir='ltr'>Ballivarum</span> <span class='ocrx_word' id='word_1_867' title='bbox 2161 541 2270 574; x_wconf 83' lang='lat' dir='ltr'>suarum</span> <span class='ocrx_word' id='word_1_868' title='bbox 2291 543 2414 582; x_wconf 85' lang='lat' dir='ltr'>solvant,</span> 
     </span>
     <span class='ocr_line' id='line_1_116' title="bbox 1357 578 2415 621; baseline 0.005 -14"><span class='ocrx_word' id='word_1_869' title='bbox 1357 586 1441 614; x_wconf 91' lang='lat' dir='ltr'>prout</span> <span class='ocrx_word' id='word_1_870' title='bbox 1454 580 1539 610; x_wconf 89' lang='lat' dir='ltr'>iidem</span> <span class='ocrx_word' id='word_1_871' title='bbox 1553 603 1563 619; x_wconf 94' lang='lat'>,</span> <span class='ocrx_word' id='word_1_872' title='bbox 1581 580 1718 613; x_wconf 87' lang='lat' dir='ltr'>Ricardus</span> <span class='ocrx_word' id='word_1_873' title='bbox 1740 583 1774 613; x_wconf 91' lang='lat'>&amp;</span> <span class='ocrx_word' id='word_1_874' title='bbox 1793 581 1959 620; x_wconf 81' lang='lat' dir='ltr'>Johannes&#39;,</span> <span class='ocrx_word' id='word_1_875' title='bbox 1975 578 2022 609; x_wconf 90' lang='lat' dir='ltr'>vel</span> <span class='ocrx_word' id='word_1_876' title='bbox 2036 588 2136 612; x_wconf 89' lang='lat' dir='ltr'>eorum</span> <span class='ocrx_word' id='word_1_877' title='bbox 2147 581 2234 620; x_wconf 82' lang='lat' dir='ltr'>alter,</span> <span class='ocrx_word' id='word_1_878' title='bbox 2252 591 2299 613; x_wconf 93' lang='lat' dir='ltr'>aut</span> <span class='ocrx_word' id='word_1_879' title='bbox 2313 581 2415 621; x_wconf 87' lang='lat' dir='ltr'>Depu-</span> 
     </span>
     <span class='ocr_line' id='line_1_117' title="bbox 1358 616 2380 659; baseline 0.004 -13"><span class='ocrx_word' id='word_1_880' title='bbox 1358 616 1435 646; x_wconf 84' lang='lat' dir='ltr'>tandi</span> <span class='ocrx_word' id='word_1_881' title='bbox 1449 618 1484 647; x_wconf 91' lang='lat' dir='ltr'>ab</span> <span class='ocrx_word' id='word_1_882' title='bbox 1498 619 1552 655; x_wconf 87' lang='lat' dir='ltr'>eis,</span> <span class='ocrx_word' id='word_1_883' title='bbox 1572 620 1674 651; x_wconf 88' lang='lat' dir='ltr'>eisdem</span> <span class='ocrx_word' id='word_1_884' title='bbox 1690 621 1915 651; x_wconf 86' lang='lat' dir='ltr'>Vicecomitibus</span> <span class='ocrx_word' id='word_1_885' title='bbox 1930 619 2000 649; x_wconf 87' lang='lat' dir='ltr'>scire</span> <span class='ocrx_word' id='word_1_886' title='bbox 2014 618 2117 650; x_wconf 85' lang='lat' dir='ltr'>faciant</span> <span class='ocrx_word' id='word_1_887' title='bbox 2136 629 2171 650; x_wconf 85' lang='lat' dir='ltr'>ex</span> <span class='ocrx_word' id='word_1_888' title='bbox 2182 629 2260 658; x_wconf 88' lang='lat' dir='ltr'>parte</span> <span class='ocrx_word' id='word_1_889' title='bbox 2274 621 2304 650; x_wconf 91' lang='lat' dir='ltr'>R</span> <span class='ocrx_word' id='word_1_890' title='bbox 2341 622 2380 659; x_wconf 87' lang='lat' dir='ltr'>is,</span> 
     </span>
    </p>

    <p class='ocr_par' dir='ltr' id='par_1_41' title="bbox 1358 653 2415 841">
     <span class='ocr_line' id='line_1_118' title="bbox 1395 653 2415 697; baseline 0.005 -13"><span class='ocrx_word' id='word_1_891' title='bbox 1395 653 1433 685; x_wconf 88' lang='lat' dir='ltr'>Et</span> <span class='ocrx_word' id='word_1_892' title='bbox 1453 655 1517 686; x_wconf 82' lang='lat' dir='ltr'>Rex</span> <span class='ocrx_word' id='word_1_893' title='bbox 1536 657 1639 688; x_wconf 86' lang='lat' dir='ltr'>eisdem</span> <span class='ocrx_word' id='word_1_894' title='bbox 1655 658 1880 690; x_wconf 88' lang='lat' dir='ltr'>Vicecomitibus</span> <span class='ocrx_word' id='word_1_895' title='bbox 1901 658 1937 689; x_wconf 91' lang='lat' dir='ltr'>de</span> <span class='ocrx_word' id='word_1_896' title='bbox 1958 656 2103 688; x_wconf 86' lang='lat' dir='ltr'>Custubus</span> <span class='ocrx_word' id='word_1_897' title='bbox 2119 683 2128 697; x_wconf 72' lang='lat'>‚</span> <span class='ocrx_word' id='word_1_898' title='bbox 2147 669 2218 697; x_wconf 91' lang='lat' dir='ltr'>quos</span> <span class='ocrx_word' id='word_1_899' title='bbox 2231 661 2304 689; x_wconf 90' lang='lat' dir='ltr'>circa</span> <span class='ocrx_word' id='word_1_900' title='bbox 2347 661 2415 689; x_wconf 85' lang='lat' dir='ltr'>aria-</span> 
     </span>
     <span class='ocr_line' id='line_1_119' title="bbox 1358 694 2413 742; baseline 0.006 -20"><span class='ocrx_word' id='word_1_901' title='bbox 1358 694 1420 731; x_wconf 83' lang='lat' dir='ltr'>gia,</span> <span class='ocrx_word' id='word_1_902' title='bbox 1438 694 1472 724; x_wconf 67' lang='grc' dir='ltr'>ὃ(</span> <span class='ocrx_word' id='word_1_903' title='bbox 1490 696 1540 725; x_wconf 88' lang='lat' dir='ltr'>alia</span> <span class='ocrx_word' id='word_1_904' title='bbox 1560 696 1708 727; x_wconf 82' lang='lat' dir='ltr'>neceffaria</span> <span class='ocrx_word' id='word_1_905' title='bbox 1728 697 1908 735; x_wconf 84' lang='lat' dir='ltr'>hujusmodi,</span> <span class='ocrx_word' id='word_1_906' title='bbox 1933 706 1982 735; x_wconf 88' lang='lat' dir='ltr'>per</span> <span class='ocrx_word' id='word_1_907' title='bbox 1997 695 2176 735; x_wconf 84' lang='lat' dir='ltr'>l&#39;raeceptum</span> <span class='ocrx_word' id='word_1_908' title='bbox 2191 698 2413 742; x_wconf 65' lang='lat' dir='ltr'>praedictorum,</span> 
     </span>
     <span class='ocr_line' id='line_1_120' title="bbox 1359 731 2415 775; baseline 0.006 -14"><span class='ocrx_word' id='word_1_909' title='bbox 1359 731 1474 762; x_wconf 85' lang='lat' dir='ltr'>Ricardi</span> <span class='ocrx_word' id='word_1_910' title='bbox 1488 734 1668 772; x_wconf 79' lang='lat' dir='ltr'>&amp;johannis</span> <span class='ocrx_word' id='word_1_911' title='bbox 1683 759 1693 773; x_wconf 88' lang='lat'>,</span> <span class='ocrx_word' id='word_1_912' title='bbox 1710 735 1902 773; x_wconf 85' lang='lat' dir='ltr'>apposuerint,</span> <span class='ocrx_word' id='word_1_913' title='bbox 1920 745 1988 767; x_wconf 89' lang='lat' dir='ltr'>curn</span> <span class='ocrx_word' id='word_1_914' title='bbox 2009 734 2074 766; x_wconf 74' lang='lat' dir='ltr'>Rex</span> <span class='ocrx_word' id='word_1_915' title='bbox 2093 735 2154 766; x_wconf 84' lang='lat' dir='ltr'>illos</span> <span class='ocrx_word' id='word_1_916' title='bbox 2172 736 2306 775; x_wconf 90' lang='lat' dir='ltr'>sciverit,</span> <span class='ocrx_word' id='word_1_917' title='bbox 2333 737 2370 766; x_wconf 88' lang='lat' dir='ltr'>eis</span> <span class='ocrx_word' id='word_1_918' title='bbox 2386 746 2415 767; x_wconf 90' lang='lat' dir='ltr'>in</span> 
     </span>
     <span class='ocr_line' id='line_1_121' title="bbox 1360 769 2413 840; baseline 0.004 -38"><span class='ocrx_word' id='word_1_919' title='bbox 1360 769 1512 840; x_wconf 58' lang='lat' dir='ltr'>Cofranpoto</span> <span class='ocrx_word' id='word_1_920' title='bbox 1526 773 1594 812; x_wconf 87' lang='lat' dir='ltr'>suo,</span> <span class='ocrx_word' id='word_1_921' title='bbox 1612 773 1646 804; x_wconf 91' lang='lat' dir='ltr'>ad</span> <span class='ocrx_word' id='word_1_922' title='bbox 1659 773 1838 817; x_wconf 85' lang='lat' dir='ltr'>Scaccariutn</span> <span class='ocrx_word' id='word_1_923' title='bbox 1853 774 1959 814; x_wconf 82' lang='lat' dir='ltr'>Regis,</span> <span class='ocrx_word' id='word_1_924' title='bbox 1977 774 2100 806; x_wconf 85' lang='lat' dir='ltr'>debitam</span> <span class='ocrx_word' id='word_1_925' title='bbox 2113 774 2313 806; x_wconf 85' lang='lat' dir='ltr'>allocationem</span> <span class='ocrx_word' id='word_1_926' title='bbox 2326 775 2413 806; x_wconf 81' lang='lat' dir='ltr'>habe-</span> 
     </span>
     <span class='ocr_line' id='line_1_122' title="bbox 1360 818 1492 841; baseline 0.023 -3"><span class='ocrx_word' id='word_1_927' title='bbox 1360 818 1390 840; x_wconf 90' lang='lat' dir='ltr'>re</span> <span class='ocrx_word' id='word_1_928' title='bbox 1430 819 1492 841; x_wconf 85' lang='lat' dir='ltr'>ciet.</span> 
     </span>
    </p>
   </div>
   <div class='ocr_carea' id='block_1_18' title="bbox 1397 884 1630 926">
    <p class='ocr_par' dir='ltr' id='par_1_42' title="bbox 1397 884 1630 926">
     <span class='ocr_line' id='line_1_123' title="bbox 1397 884 1630 926; baseline 0.004 -10"><span class='ocrx_word' id='word_1_929' title='bbox 1397 884 1487 917; x_wconf 89' lang='lat' dir='ltr'>Teste</span> <span class='ocrx_word' id='word_1_930' title='bbox 1501 896 1532 919; x_wconf 87' lang='lat' dir='ltr'>ut</span> <span class='ocrx_word' id='word_1_931' title='bbox 1543 887 1630 926; x_wconf 85' lang='lat' dir='ltr'>supra.</span> 
     </span>
    </p>
   </div>
   <div class='ocr_carea' id='block_1_19' title="bbox 1359 1013 2413 1066">
    <p class='ocr_par' dir='ltr' id='par_1_43' title="bbox 1359 1013 2413 1066">
     <span class='ocr_line' id='line_1_124' title="bbox 1359 1013 2413 1066; baseline 0.004 -19"><span class='ocrx_word' id='word_1_932' title='bbox 1359 1014 1409 1047; x_wconf 90' lang='lat' dir='ltr'>De</span> <span class='ocrx_word' id='word_1_933' title='bbox 1429 1013 1589 1060; x_wconf 85' lang='lat' dir='ltr'>recipiendo</span> <span class='ocrx_word' id='word_1_934' title='bbox 1604 1017 1750 1048; x_wconf 82' lang='lat' dir='ltr'>Homines</span> <span class='ocrx_word' id='word_1_935' title='bbox 1766 1014 1803 1048; x_wconf 89' lang='lat' dir='ltr'>de</span> <span class='ocrx_word' id='word_1_936' title='bbox 1819 1017 1920 1048; x_wconf 78' lang='lat' dir='ltr'>Scotia</span> <span class='ocrx_word' id='word_1_937' title='bbox 1944 1014 1988 1048; x_wconf 86' lang='lat' dir='ltr'>ad</span> <span class='ocrx_word' id='word_1_938' title='bbox 2004 1014 2111 1049; x_wconf 84' lang='lat' dir='ltr'>Fidem</span> <span class='ocrx_word' id='word_1_939' title='bbox 2133 1019 2169 1055; x_wconf 63' lang='grc' dir='ltr'>ά·-</span> <span class='ocrx_word' id='word_1_940' title='bbox 2190 1020 2300 1051; x_wconf 79' lang='lat' dir='ltr'>Pacem</span> <span class='ocrx_word' id='word_1_941' title='bbox 2316 1020 2413 1066; x_wconf 80' lang='lat' dir='ltr'>Regis.</span> 
     </span>
    </p>
   </div>
   <div class='ocr_carea' id='block_1_20' title="bbox 1358 1097 2562 2027">
    <p class='ocr_par' dir='ltr' id='par_1_44' title="bbox 1358 1097 2562 2027">
     <span class='ocr_line' id='line_1_125' title="bbox 1359 1097 2560 1159; baseline 0.002 -30"><span class='ocrx_word' id='word_1_942' title='bbox 1359 1098 1419 1159; x_wconf 85' lang='lat' dir='ltr'>R</span> <span class='ocrx_word' id='word_1_943' title='bbox 1429 1097 1454 1129; x_wconf 90' lang='lat' dir='ltr'>E</span> <span class='ocrx_word' id='word_1_944' title='bbox 1465 1098 1495 1130; x_wconf 92' lang='lat' dir='ltr'>X</span> <span class='ocrx_word' id='word_1_945' title='bbox 1518 1098 1681 1137; x_wconf 82' lang='lat' dir='ltr'>Univerfis,</span> <span class='ocrx_word' id='word_1_946' title='bbox 1697 1099 1732 1131; x_wconf 84' lang='lat' dir='ltr'>ad</span> <span class='ocrx_word' id='word_1_947' title='bbox 1744 1109 1833 1140; x_wconf 88' lang='lat' dir='ltr'>quos,</span> <span class='ocrx_word' id='word_1_948' title='bbox 1851 1100 1913 1132; x_wconf 91' lang='lat' dir='ltr'>&amp;c.</span> <span class='ocrx_word' id='word_1_949' title='bbox 1928 1099 2063 1131; x_wconf 89' lang='lat' dir='ltr'>Salutem.</span> <span class='ocrx_word' id='word_1_950' title='bbox 2431 1097 2506 1129; x_wconf 91' lang='lat' dir='ltr'>Ann.</span> <span class='ocrx_word' id='word_1_951' title='bbox 2519 1098 2560 1131; x_wconf 90' lang='lat' dir='ltr'>D.</span> 
     </span>
     <span class='ocr_line' id='line_1_126' title="bbox 1457 1137 2538 1178; baseline 0.006 -11"><span class='ocrx_word' id='word_1_952' title='bbox 1457 1137 1554 1168; x_wconf 88' lang='lat' dir='ltr'>Sciatis</span> <span class='ocrx_word' id='word_1_953' title='bbox 1567 1139 1647 1176; x_wconf 81' lang='lat' dir='ltr'>quod</span> <span class='ocrx_word' id='word_1_954' title='bbox 1663 1138 1748 1177; x_wconf 84' lang='lat' dir='ltr'>Nos,</span> <span class='ocrx_word' id='word_1_955' title='bbox 2452 1138 2538 1178; x_wconf 85' lang='lat'>1338.</span> 
     </span>
     <span class='ocr_line' id='line_1_127' title="bbox 1395 1173 2543 1217; baseline 0.005 -12"><span class='ocrx_word' id='word_1_956' title='bbox 1395 1173 1444 1206; x_wconf 91' lang='lat' dir='ltr'>De</span> <span class='ocrx_word' id='word_1_957' title='bbox 1458 1175 1588 1207; x_wconf 85' lang='lat' dir='ltr'>fidelitate</span> <span class='ocrx_word' id='word_1_958' title='bbox 1600 1177 1720 1217; x_wconf 75' lang='lat' dir='ltr'>probata</span> <span class='ocrx_word' id='word_1_959' title='bbox 1735 1178 1769 1209; x_wconf 89' lang='lat'>&amp;</span> <span class='ocrx_word' id='word_1_960' title='bbox 1783 1176 2040 1215; x_wconf 63' lang='lat' dir='ltr'>circumspectione</span> <span class='ocrx_word' id='word_1_961' title='bbox 2050 1176 2185 1217; x_wconf 67' lang='lat' dir='ltr'>provida,</span> <span class='ocrx_word' id='word_1_962' title='bbox 2202 1177 2310 1211; x_wconf 69' lang='lat' dir='ltr'>Dilecti</span> <span class='ocrx_word' id='word_1_963' title='bbox 2323 1179 2388 1212; x_wconf 84' lang='lat' dir='ltr'>&amp;F</span> <span class='ocrx_word' id='word_1_964' title='bbox 2389 1181 2413 1210; x_wconf 88' lang='lat' dir='ltr'>i-</span> <span class='ocrx_word' id='word_1_965' title='bbox 2431 1180 2482 1205; x_wconf 71' lang='lat' dir='ltr'>Aa.</span> <span class='ocrx_word' id='word_1_966' title='bbox 2502 1187 2543 1207; x_wconf 84' lang='lat'>¹2·</span> 
     </span>
     <span class='ocr_line' id='line_1_128' title="bbox 1358 1211 2505 1256; baseline 0.005 -14"><span class='ocrx_word' id='word_1_967' title='bbox 1358 1211 1426 1243; x_wconf 91' lang='lat' dir='ltr'>delis</span> <span class='ocrx_word' id='word_1_968' title='bbox 1439 1214 1544 1253; x_wconf 86' lang='lat' dir='ltr'>nostri,</span> <span class='ocrx_word' id='word_1_969' title='bbox 1564 1215 1684 1246; x_wconf 90' lang='lat' dir='ltr'>Antonii</span> <span class='ocrx_word' id='word_1_970' title='bbox 1699 1215 1734 1246; x_wconf 92' lang='lat' dir='ltr'>de</span> <span class='ocrx_word' id='word_1_971' title='bbox 1750 1215 1851 1256; x_wconf 84' lang='lat' dir='ltr'>Lucy,</span> <span class='ocrx_word' id='word_1_972' title='bbox 1869 1215 1990 1254; x_wconf 75' lang='lat' dir='ltr'>plenarie</span> <span class='ocrx_word' id='word_1_973' title='bbox 2004 1215 2195 1256; x_wconf 83' lang='lat' dir='ltr'>confidentes,</span> <span class='ocrx_word' id='word_1_974' title='bbox 2432 1220 2458 1245; x_wconf 82' lang='lat' dir='ltr'>E.</span> <span class='ocrx_word' id='word_1_975' title='bbox 2481 1225 2505 1252; x_wconf 86' lang='lat'>3-</span> 
     </span>
     <span class='ocr_line' id='line_1_129' title="bbox 1396 1251 2562 1295; baseline 0.007 -13"><span class='ocrx_word' id='word_1_976' title='bbox 1396 1251 1537 1284; x_wconf 89' lang='lat' dir='ltr'>Dedimus</span> <span class='ocrx_word' id='word_1_977' title='bbox 1553 1254 1648 1285; x_wconf 88' lang='lat' dir='ltr'>eidem</span> <span class='ocrx_word' id='word_1_978' title='bbox 1660 1254 1807 1292; x_wconf 79' lang='lat' dir='ltr'>Antonio,</span> <span class='ocrx_word' id='word_1_979' title='bbox 1825 1255 1939 1292; x_wconf 87' lang='lat' dir='ltr'>plenam</span> <span class='ocrx_word' id='word_1_980' title='bbox 1953 1277 1963 1293; x_wconf 92' lang='lat'>,</span> <span class='ocrx_word' id='word_1_981' title='bbox 1988 1263 2088 1286; x_wconf 87' lang='lat' dir='ltr'>tenore</span> <span class='ocrx_word' id='word_1_982' title='bbox 2107 1255 2283 1293; x_wconf 73' lang='lat' dir='ltr'>praesentium</span> <span class='ocrx_word' id='word_1_983' title='bbox 2298 1279 2309 1295; x_wconf 74' lang='grc'><strong>,</strong></span> <span class='ocrx_word' id='word_1_984' title='bbox 2324 1255 2413 1289; x_wconf 90' lang='lat' dir='ltr'>Pote-</span> <span class='ocrx_word' id='word_1_985' title='bbox 2430 1260 2496 1283; x_wconf 70' lang='lat'><em>5⁶05·</em></span> <span class='ocrx_word' id='word_1_986' title='bbox 2520 1263 2562 1283; x_wconf 76' lang='lat'>¹²⁴</span> 
     </span>
     <span class='ocr_line' id='line_1_130' title="bbox 1360 1288 2545 1332; baseline 0.008 -13"><span class='ocrx_word' id='word_1_987' title='bbox 1360 1288 1461 1321; x_wconf 88' lang='lat' dir='ltr'>statem</span> <span class='ocrx_word' id='word_1_988' title='bbox 1476 1316 1485 1329; x_wconf 88' lang='lat'>,</span> <span class='ocrx_word' id='word_1_989' title='bbox 1510 1294 1629 1323; x_wconf 89' lang='lat' dir='ltr'>nomine</span> <span class='ocrx_word' id='word_1_990' title='bbox 1644 1293 1762 1332; x_wconf 91' lang='lat' dir='ltr'>nostro,</span> <span class='ocrx_word' id='word_1_991' title='bbox 1781 1291 1937 1332; x_wconf 85' lang='lat' dir='ltr'>recipiendi</span> <span class='ocrx_word' id='word_1_992' title='bbox 1954 1292 1989 1323; x_wconf 88' lang='lat' dir='ltr'>ad</span> <span class='ocrx_word' id='word_1_993' title='bbox 2010 1293 2112 1324; x_wconf 89' lang='lat' dir='ltr'>Fidem</span> <span class='ocrx_word' id='word_1_994' title='bbox 2124 1294 2157 1325; x_wconf 76' lang='grc' dir='ltr'>ὅ(</span> <span class='ocrx_word' id='word_1_995' title='bbox 2169 1293 2277 1325; x_wconf 88' lang='lat' dir='ltr'>Pacem</span> <span class='ocrx_word' id='word_1_996' title='bbox 2290 1295 2415 1327; x_wconf 87' lang='lat' dir='ltr'>nostram</span> <span class='ocrx_word' id='word_1_997' title='bbox 2433 1297 2461 1320; x_wconf 80' lang='lat' dir='ltr'>E·</span> <span class='ocrx_word' id='word_1_998' title='bbox 2473 1302 2545 1330; x_wconf 78' lang='lat' dir='ltr'>3-m·</span> 
     </span>
     <span class='ocr_line' id='line_1_131' title="bbox 1360 1327 2480 1372; baseline 0.004 -14"><span class='ocrx_word' id='word_1_999' title='bbox 1360 1327 1503 1360; x_wconf 89' lang='lat' dir='ltr'>Homines</span> <span class='ocrx_word' id='word_1_1000' title='bbox 1518 1330 1555 1361; x_wconf 91' lang='lat' dir='ltr'>de</span> <span class='ocrx_word' id='word_1_1001' title='bbox 1567 1331 1681 1370; x_wconf 74' lang='lat' dir='ltr'>Scotia,</span> <span class='ocrx_word' id='word_1_1002' title='bbox 1698 1332 1733 1362; x_wconf 93' lang='lat' dir='ltr'>ad</span> <span class='ocrx_word' id='word_1_1003' title='bbox 1749 1331 1848 1362; x_wconf 90' lang='lat' dir='ltr'>Fidem</span> <span class='ocrx_word' id='word_1_1004' title='bbox 1863 1332 1896 1363; x_wconf 69' lang='grc' dir='ltr'>ὅ(</span> <span class='ocrx_word' id='word_1_1005' title='bbox 1911 1331 2016 1362; x_wconf 90' lang='lat' dir='ltr'>Pacem</span> <span class='ocrx_word' id='word_1_1006' title='bbox 2029 1331 2086 1362; x_wconf 86' lang='lat' dir='ltr'>illas</span> <span class='ocrx_word' id='word_1_1007' title='bbox 2102 1342 2161 1363; x_wconf 87' lang='lat' dir='ltr'>non</span> <span class='ocrx_word' id='word_1_1008' title='bbox 2176 1332 2341 1372; x_wconf 81' lang='lat' dir='ltr'>existentes,</span> <span class='ocrx_word' id='word_1_1009' title='bbox 2435 1342 2480 1362; x_wconf 88' lang='lat'>20.</span> 
     </span>
     <span class='ocr_line' id='line_1_132' title="bbox 1397 1367 2418 1410; baseline 0.005 -12"><span class='ocrx_word' id='word_1_1010' title='bbox 1397 1367 1436 1399; x_wconf 92' lang='lat' dir='ltr'>Et</span> <span class='ocrx_word' id='word_1_1011' title='bbox 1455 1369 1523 1399; x_wconf 87' lang='lat' dir='ltr'>aiios</span> <span class='ocrx_word' id='word_1_1012' title='bbox 1539 1392 1548 1408; x_wconf 86' lang='lat'>,</span> <span class='ocrx_word' id='word_1_1013' title='bbox 1573 1372 1621 1408; x_wconf 91' lang='lat' dir='ltr'>qui</span> <span class='ocrx_word' id='word_1_1014' title='bbox 1643 1370 1746 1401; x_wconf 88' lang='lat' dir='ltr'>eisdem</span> <span class='ocrx_word' id='word_1_1015' title='bbox 1768 1370 1862 1401; x_wconf 87' lang='lat' dir='ltr'>Scotis</span> <span class='ocrx_word' id='word_1_1016' title='bbox 1884 1379 1984 1401; x_wconf 88' lang='lat' dir='ltr'>contra</span> <span class='ocrx_word' id='word_1_1017' title='bbox 1998 1380 2049 1401; x_wconf 89' lang='lat' dir='ltr'>nos</span> <span class='ocrx_word' id='word_1_1018' title='bbox 2061 1371 2220 1410; x_wconf 70' lang='lat' dir='ltr'>adhaerent,</span> <span class='ocrx_word' id='word_1_1019' title='bbox 2239 1371 2284 1402; x_wconf 90' lang='lat' dir='ltr'>seu</span> <span class='ocrx_word' id='word_1_1020' title='bbox 2298 1371 2418 1404; x_wconf 81' lang='lat' dir='ltr'>adhaese-</span> 
     </span>
     <span class='ocr_line' id='line_1_133' title="bbox 1360 1408 2417 1449; baseline 0.007 -14"><span class='ocrx_word' id='word_1_1021' title='bbox 1360 1415 1440 1444; x_wconf 83' lang='lat' dir='ltr'>runt,</span> <span class='ocrx_word' id='word_1_1022' title='bbox 1459 1408 1491 1438; x_wconf 88' lang='lat'>&amp;</span> <span class='ocrx_word' id='word_1_1023' title='bbox 1508 1418 1578 1439; x_wconf 89' lang='lat' dir='ltr'>cum</span> <span class='ocrx_word' id='word_1_1024' title='bbox 1594 1411 1633 1439; x_wconf 89' lang='lat' dir='ltr'>eis</span> <span class='ocrx_word' id='word_1_1025' title='bbox 1646 1418 1744 1440; x_wconf 83' lang='lat' dir='ltr'>contra</span> <span class='ocrx_word' id='word_1_1026' title='bbox 1758 1408 1828 1440; x_wconf 89' lang='lat' dir='ltr'>Nos</span> <span class='ocrx_word' id='word_1_1027' title='bbox 1840 1409 1876 1439; x_wconf 92' lang='lat' dir='ltr'>de</span> <span class='ocrx_word' id='word_1_1028' title='bbox 1890 1408 2042 1439; x_wconf 74' lang='lat' dir='ltr'>Inimicitia</span> <span class='ocrx_word' id='word_1_1029' title='bbox 2054 1409 2186 1449; x_wconf 82' lang='lat' dir='ltr'>fuerunt,</span> <span class='ocrx_word' id='word_1_1030' title='bbox 2202 1411 2251 1449; x_wconf 90' lang='lat' dir='ltr'>qui</span> <span class='ocrx_word' id='word_1_1031' title='bbox 2267 1409 2301 1441; x_wconf 92' lang='lat' dir='ltr'>ad</span> <span class='ocrx_word' id='word_1_1032' title='bbox 2317 1411 2417 1442; x_wconf 89' lang='lat' dir='ltr'>Fidem</span> 
     </span>
     <span class='ocr_line' id='line_1_134' title="bbox 1360 1444 2417 1487; baseline 0.008 -13"><span class='ocrx_word' id='word_1_1033' title='bbox 1360 1445 1393 1475; x_wconf 90' lang='lat'>&amp;</span> <span class='ocrx_word' id='word_1_1034' title='bbox 1408 1444 1513 1476; x_wconf 87' lang='lat' dir='ltr'>Pacem</span> <span class='ocrx_word' id='word_1_1035' title='bbox 1527 1447 1651 1478; x_wconf 90' lang='lat' dir='ltr'>nostram</span> <span class='ocrx_word' id='word_1_1036' title='bbox 1665 1449 1762 1479; x_wconf 91' lang='lat' dir='ltr'>venire</span> <span class='ocrx_word' id='word_1_1037' title='bbox 1774 1447 1913 1479; x_wconf 88' lang='lat' dir='ltr'>voluerint</span> <span class='ocrx_word' id='word_1_1038' title='bbox 1929 1470 1940 1487; x_wconf 84' lang='lat'>‚</span> <span class='ocrx_word' id='word_1_1039' title='bbox 1967 1448 2001 1479; x_wconf 76' lang='grc' dir='ltr'>δε</span> <span class='ocrx_word' id='word_1_1040' title='bbox 2017 1457 2086 1487; x_wconf 86' lang='lat' dir='ltr'>quos</span> <span class='ocrx_word' id='word_1_1041' title='bbox 2102 1447 2137 1479; x_wconf 92' lang='lat' dir='ltr'>ad</span> <span class='ocrx_word' id='word_1_1042' title='bbox 2152 1447 2250 1479; x_wconf 89' lang='lat' dir='ltr'>Fidem</span> <span class='ocrx_word' id='word_1_1043' title='bbox 2263 1450 2298 1481; x_wconf 91' lang='lat'>&amp;</span> <span class='ocrx_word' id='word_1_1044' title='bbox 2310 1448 2417 1481; x_wconf 84' lang='lat' dir='ltr'>Pacem</span> 
     </span>
     <span class='ocr_line' id='line_1_135' title="bbox 1359 1482 2373 1533; baseline 0.004 -20"><span class='ocrx_word' id='word_1_1045' title='bbox 1359 1482 1519 1520; x_wconf 88' lang='lat' dir='ltr'>hujusmodi</span> <span class='ocrx_word' id='word_1_1046' title='bbox 1533 1485 1595 1516; x_wconf 88' lang='lat' dir='ltr'>fore</span> <span class='ocrx_word' id='word_1_1047' title='bbox 1606 1485 1705 1517; x_wconf 89' lang='lat' dir='ltr'>viderit</span> <span class='ocrx_word' id='word_1_1048' title='bbox 1720 1486 1925 1525; x_wconf 87' lang='lat' dir='ltr'>admittendos,</span> <span class='ocrx_word' id='word_1_1049' title='bbox 2151 1526 2156 1532; x_wconf 41' lang='grc' dir='ltr'>Ι</span> <span class='ocrx_word' id='word_1_1050' title='bbox 2277 1526 2282 1532; x_wconf 38' lang='grc' dir='ltr'>Ι</span> <span class='ocrx_word' id='word_1_1051' title='bbox 2319 1527 2324 1533; x_wconf 44' lang='lat'><em>·</em></span> <span class='ocrx_word' id='word_1_1052' title='bbox 2346 1527 2351 1533; x_wconf 26' lang='grc' dir='ltr'><strong><em>η</em></strong></span> <span class='ocrx_word' id='word_1_1053' title='bbox 2367 1528 2373 1533; x_wconf 31' lang='grc'>1</span> 
     </span>
     <span class='ocr_line' id='line_1_136' title="bbox 1397 1521 2417 1566; baseline 0.006 -14"><span class='ocrx_word' id='word_1_1054' title='bbox 1397 1521 1434 1552; x_wconf 91' lang='lat' dir='ltr'>Et</span> <span class='ocrx_word' id='word_1_1055' title='bbox 1449 1523 1555 1554; x_wconf 77' lang='lat' dir='ltr'>Literas</span> <span class='ocrx_word' id='word_1_1056' title='bbox 1568 1524 1604 1555; x_wconf 92' lang='lat' dir='ltr'>de</span> <span class='ocrx_word' id='word_1_1057' title='bbox 1618 1524 1824 1556; x_wconf 89' lang='lat' dir='ltr'>Pardonatione</span> <span class='ocrx_word' id='word_1_1058' title='bbox 1840 1525 1979 1556; x_wconf 67' lang='lat' dir='ltr'>dictarum</span> <span class='ocrx_word' id='word_1_1059' title='bbox 1994 1523 2170 1557; x_wconf 80' lang='lat' dir='ltr'>Adhaefionis</span> <span class='ocrx_word' id='word_1_1060' title='bbox 2191 1526 2225 1558; x_wconf 86' lang='lat'>&amp;</span> <span class='ocrx_word' id='word_1_1061' title='bbox 2241 1525 2417 1566; x_wconf 67' lang='lat' dir='ltr'>Inimicitiae,</span> 
     </span>
     <span class='ocr_line' id='line_1_137' title="bbox 1360 1561 2418 1602; baseline 0.007 -13"><span class='ocrx_word' id='word_1_1062' title='bbox 1360 1570 1474 1592; x_wconf 88' lang='lat' dir='ltr'>necnon</span> <span class='ocrx_word' id='word_1_1063' title='bbox 1485 1561 1521 1592; x_wconf 93' lang='lat' dir='ltr'>de</span> <span class='ocrx_word' id='word_1_1064' title='bbox 1534 1563 1694 1602; x_wconf 88' lang='lat' dir='ltr'>hujusmodi</span> <span class='ocrx_word' id='word_1_1065' title='bbox 1707 1563 1873 1595; x_wconf 86' lang='lat' dir='ltr'>admiffione</span> <span class='ocrx_word' id='word_1_1066' title='bbox 1886 1563 1921 1594; x_wconf 93' lang='lat' dir='ltr'>ad</span> <span class='ocrx_word' id='word_1_1067' title='bbox 1936 1562 2041 1594; x_wconf 88' lang='lat' dir='ltr'>Pacem</span> <span class='ocrx_word' id='word_1_1068' title='bbox 2061 1563 2190 1596; x_wconf 87' lang='lat' dir='ltr'>nostram</span> <span class='ocrx_word' id='word_1_1069' title='bbox 2232 1565 2336 1596; x_wconf 86' lang='lat' dir='ltr'>eisdem</span> <span class='ocrx_word' id='word_1_1070' title='bbox 2348 1565 2418 1597; x_wconf 88' lang='lat' dir='ltr'>Ho-</span> 
     </span>
     <span class='ocr_line' id='line_1_138' title="bbox 1361 1587 2417 1648; baseline 0.006 -20"><span class='ocrx_word' id='word_1_1071' title='bbox 1361 1600 1563 1639; x_wconf 89' lang='lat' dir='ltr'>minibus,pro</span> <span class='ocrx_word' id='word_1_1072' title='bbox 1579 1602 1721 1634; x_wconf 90' lang='lat' dir='ltr'>securitate</span> <span class='ocrx_word' id='word_1_1073' title='bbox 1735 1602 1781 1633; x_wconf 74' lang='lat' dir='ltr'>sua</span> <span class='ocrx_word' id='word_1_1074' title='bbox 1796 1604 1824 1633; x_wconf 91' lang='lat' dir='ltr'>in</span> <span class='ocrx_word' id='word_1_1075' title='bbox 1839 1603 1891 1634; x_wconf 91' lang='lat' dir='ltr'>hac</span> <span class='ocrx_word' id='word_1_1076' title='bbox 1904 1611 1982 1640; x_wconf 88' lang='lat' dir='ltr'>parte</span> <span class='ocrx_word' id='word_1_1077' title='bbox 2013 1603 2134 1634; x_wconf 89' lang='lat' dir='ltr'>nomine</span> <span class='ocrx_word' id='word_1_1078' title='bbox 2147 1587 2265 1643; x_wconf 63' lang='lat' dir='ltr'>nost’ro,</span> <span class='ocrx_word' id='word_1_1079' title='bbox 2283 1603 2417 1648; x_wconf 78' lang='lat' dir='ltr'>faciendi,</span> 
     </span>
     <span class='ocr_line' id='line_1_139' title="bbox 1397 1625 2418 1681; baseline 0.006 -13"><span class='ocrx_word' id='word_1_1080' title='bbox 1397 1637 1504 1669; x_wconf 81' lang='lat' dir='ltr'>Rarum</span> <span class='ocrx_word' id='word_1_1081' title='bbox 1525 1640 1559 1671; x_wconf 90' lang='lat'>&amp;</span> <span class='ocrx_word' id='word_1_1082' title='bbox 1579 1640 1702 1672; x_wconf 89' lang='lat' dir='ltr'>Gratum</span> <span class='ocrx_word' id='word_1_1083' title='bbox 1718 1641 1840 1672; x_wconf 89' lang='lat' dir='ltr'>habituri</span> <span class='ocrx_word' id='word_1_1084' title='bbox 1858 1625 1999 1681; x_wconf 81' lang='lat' dir='ltr'>quicquid&#39;</span> <span class='ocrx_word' id='word_1_1085' title='bbox 2016 1641 2093 1672; x_wconf 89' lang='lat' dir='ltr'>idem</span> <span class='ocrx_word' id='word_1_1086' title='bbox 2114 1641 2256 1674; x_wconf 87' lang='lat' dir='ltr'>Antonius</span> <span class='ocrx_word' id='word_1_1087' title='bbox 2269 1666 2280 1681; x_wconf 85' lang='lat'>‚</span> <span class='ocrx_word' id='word_1_1088' title='bbox 2299 1653 2418 1674; x_wconf 87' lang='lat' dir='ltr'>nomine</span> 
     </span>
     <span class='ocr_line' id='line_1_140' title="bbox 1360 1676 1805 1717; baseline 0.009 -11"><span class='ocrx_word' id='word_1_1089' title='bbox 1360 1676 1477 1716; x_wconf 88' lang='lat' dir='ltr'>nostro,</span> <span class='ocrx_word' id='word_1_1090' title='bbox 1495 1677 1594 1709; x_wconf 88' lang='lat' dir='ltr'>fecerit</span> <span class='ocrx_word' id='word_1_1091' title='bbox 1607 1681 1635 1709; x_wconf 89' lang='lat' dir='ltr'>in</span> <span class='ocrx_word' id='word_1_1092' title='bbox 1649 1679 1805 1717; x_wconf 70' lang='lat' dir='ltr'>praemiffis.</span> 
     </span>
     <span class='ocr_line' id='line_1_141' title="bbox 1397 1715 2417 1759; baseline 0.005 -14"><span class='ocrx_word' id='word_1_1093' title='bbox 1397 1715 1562 1747; x_wconf 85' lang='lat' dir='ltr'>Intentionis</span> <span class='ocrx_word' id='word_1_1094' title='bbox 1577 1726 1671 1748; x_wconf 87' lang='lat' dir='ltr'>tamen</span> <span class='ocrx_word' id='word_1_1095' title='bbox 1685 1717 1789 1749; x_wconf 80' lang='lat' dir='ltr'>nostrae</span> <span class='ocrx_word' id='word_1_1096' title='bbox 1802 1718 1894 1750; x_wconf 83' lang='lat' dir='ltr'>existit</span> <span class='ocrx_word' id='word_1_1097' title='bbox 1940 1718 2020 1757; x_wconf 78' lang='lat' dir='ltr'>quod</span> <span class='ocrx_word' id='word_1_1098' title='bbox 2042 1718 2202 1750; x_wconf 75' lang='lat' dir='ltr'>consimiles</span> <span class='ocrx_word' id='word_1_1099' title='bbox 2220 1719 2344 1759; x_wconf 82' lang='lat' dir='ltr'>Literae‚</span> <span class='ocrx_word' id='word_1_1100' title='bbox 2362 1718 2417 1751; x_wconf 87' lang='lat' dir='ltr'>Di-</span> 
     </span>
     <span class='ocr_line' id='line_1_142' title="bbox 1359 1743 2417 1798; baseline 0.007 -15"><span class='ocrx_word' id='word_1_1101' title='bbox 1359 1752 1437 1797; x_wconf 63' lang='lat' dir='ltr'>ieeco</span> <span class='ocrx_word' id='word_1_1102' title='bbox 1453 1756 1486 1786; x_wconf 61' lang='grc' dir='ltr'>ὃς</span> <span class='ocrx_word' id='word_1_1103' title='bbox 1500 1755 1588 1786; x_wconf 72' lang='lat' dir='ltr'>Fiden</span> <span class='ocrx_word' id='word_1_1104' title='bbox 1607 1755 1705 1787; x_wconf 72' lang='lat' dir='ltr'>nostro</span> <span class='ocrx_word' id='word_1_1105' title='bbox 1719 1779 1729 1796; x_wconf 90' lang='lat'>,</span> <span class='ocrx_word' id='word_1_1106' title='bbox 1756 1756 1882 1788; x_wconf 71' lang='lat' dir='ltr'>Ricardo</span> <span class='ocrx_word' id='word_1_1107' title='bbox 1895 1743 2006 1788; x_wconf 70' lang='lat' dir='ltr'>comiti</span> <span class='ocrx_word' id='word_1_1108' title='bbox 2022 1757 2212 1798; x_wconf 70' lang='lat' dir='ltr'>Arundeiiiae,</span> <span class='ocrx_word' id='word_1_1109' title='bbox 2226 1758 2263 1790; x_wconf 80' lang='lat' dir='ltr'>de</span> <span class='ocrx_word' id='word_1_1110' title='bbox 2276 1757 2417 1790; x_wconf 62' lang='lat' dir='ltr'>Penestae</span> 
     </span>
     <span class='ocr_line' id='line_1_143' title="bbox 1359 1792 2184 1841; baseline 0.005 -19"><span class='ocrx_word' id='word_1_1111' title='bbox 1359 1792 1535 1838; x_wconf 70' lang='lat' dir='ltr'>hujusmodi,</span> <span class='ocrx_word' id='word_1_1112' title='bbox 1553 1804 1643 1832; x_wconf 85' lang='lat' dir='ltr'>nuper</span> <span class='ocrx_word' id='word_1_1113' title='bbox 1655 1795 1753 1835; x_wconf 63' lang='lat' dir='ltr'>faetae,</span> <span class='ocrx_word' id='word_1_1114' title='bbox 1771 1797 1800 1840; x_wconf 79' lang='lat' dir='ltr'>in</span> <span class='ocrx_word' id='word_1_1115' title='bbox 1813 1796 1863 1827; x_wconf 92' lang='lat' dir='ltr'>suo</span> <span class='ocrx_word' id='word_1_1116' title='bbox 1877 1796 1982 1841; x_wconf 75' lang='lat' dir='ltr'>robore</span> <span class='ocrx_word' id='word_1_1117' title='bbox 1998 1795 2184 1840; x_wconf 80' lang='lat' dir='ltr'>perseverent.</span> 
     </span>
     <span class='ocr_line' id='line_1_144' title="bbox 1397 1830 2562 1876; baseline 0.004 -15"><span class='ocrx_word' id='word_1_1118' title='bbox 1397 1831 1416 1850; x_wconf 69' lang='lat'>³*</span> <span class='ocrx_word' id='word_1_1119' title='bbox 1435 1830 1468 1861; x_wconf 89' lang='lat' dir='ltr'>In</span> <span class='ocrx_word' id='word_1_1120' title='bbox 1485 1841 1578 1871; x_wconf 75' lang='lat' dir='ltr'>cujus,</span> <span class='ocrx_word' id='word_1_1121' title='bbox 1596 1833 1657 1864; x_wconf 89' lang='lat' dir='ltr'>&amp;c.</span> <span class='ocrx_word' id='word_1_1122' title='bbox 1675 1833 1809 1873; x_wconf 83' lang='lat' dir='ltr'>quamdiu</span> <span class='ocrx_word' id='word_1_1123' title='bbox 1820 1835 1895 1876; x_wconf 85' lang='lat' dir='ltr'>Regi</span> <span class='ocrx_word' id='word_1_1124' title='bbox 1907 1834 2041 1873; x_wconf 85' lang='lat' dir='ltr'>placuerit</span> <span class='ocrx_word' id='word_1_1125' title='bbox 2055 1834 2205 1866; x_wconf 88' lang='lat' dir='ltr'>duraturas.</span> <span class='ocrx_word' id='word_1_1126' title='bbox 2434 1835 2450 1852; x_wconf 46' lang='grc' dir='ltr'>θ’</span> <span class='ocrx_word' id='word_1_1127' title='bbox 2469 1835 2505 1863; x_wconf 87' lang='lat' dir='ltr'>V·</span> <span class='ocrx_word' id='word_1_1128' title='bbox 2516 1843 2562 1871; x_wconf 71' lang='grc'>41-</span> 
     </span>
     <span class='ocr_line' id='line_1_145' title="bbox 1395 1908 2305 1950; baseline 0.002 -10"><span class='ocrx_word' id='word_1_1129' title='bbox 1395 1908 1486 1940; x_wconf 87' lang='lat' dir='ltr'>Teste</span> <span class='ocrx_word' id='word_1_1130' title='bbox 1500 1908 1583 1950; x_wconf 85' lang='lat' dir='ltr'>Rege</span> <span class='ocrx_word' id='word_1_1131' title='bbox 1597 1909 1671 1949; x_wconf 88' lang='lat' dir='ltr'>apud</span> <span class='ocrx_word' id='word_1_1132' title='bbox 1685 1910 1806 1942; x_wconf 83' lang='lat' dir='ltr'>Turrim</span> <span class='ocrx_word' id='word_1_1133' title='bbox 1820 1910 1956 1943; x_wconf 87' lang='lat' dir='ltr'>London.</span> <span class='ocrx_word' id='word_1_1134' title='bbox 1974 1910 2148 1942; x_wconf 88' lang='lat' dir='ltr'>duodecimo</span> <span class='ocrx_word' id='word_1_1135' title='bbox 2161 1910 2208 1943; x_wconf 88' lang='lat' dir='ltr'>die</span> <span class='ocrx_word' id='word_1_1136' title='bbox 2224 1911 2305 1944; x_wconf 87' lang='lat' dir='ltr'>Maii.</span> 
     </span>
     <span class='ocr_line' id='line_1_146' title="bbox 2023 1987 2287 2027; baseline 0.004 -10"><span class='ocrx_word' id='word_1_1137' title='bbox 2023 1989 2077 2017; x_wconf 82' lang='lat' dir='ltr'>Per</span> <span class='ocrx_word' id='word_1_1138' title='bbox 2087 1987 2169 2027; x_wconf 71' lang='lat' dir='ltr'>ipficm</span> <span class='ocrx_word' id='word_1_1139' title='bbox 2182 1990 2287 2026; x_wconf 82' lang='lat' dir='ltr'>Regem.</span> 
     </span>
    </p>
   </div>
   <div class='ocr_carea' id='block_1_21' title="bbox 1396 2061 2420 2144">
    <p class='ocr_par' dir='ltr' id='par_1_45' title="bbox 1396 2061 2420 2144">
     <span class='ocr_line' id='line_1_147' title="bbox 1396 2061 2420 2103; baseline 0.003 -12"><span class='ocrx_word' id='word_1_1140' title='bbox 1396 2061 1546 2102; x_wconf 83' lang='lat' dir='ltr'>Confimiles</span> <span class='ocrx_word' id='word_1_1141' title='bbox 1562 2066 1675 2094; x_wconf 75' lang='lat' dir='ltr'>Literax</span> <span class='ocrx_word' id='word_1_1142' title='bbox 1694 2067 1773 2102; x_wconf 78' lang='lat' dir='ltr'>Regis</span> <span class='ocrx_word' id='word_1_1143' title='bbox 1787 2089 1797 2102; x_wconf 95' lang='lat'>,</span> <span class='ocrx_word' id='word_1_1144' title='bbox 1821 2065 1853 2094; x_wconf 84' lang='lat' dir='ltr'>de</span> <span class='ocrx_word' id='word_1_1145' title='bbox 1865 2064 1951 2095; x_wconf 81' lang='lat' dir='ltr'>verbo</span> <span class='ocrx_word' id='word_1_1146' title='bbox 1963 2065 2003 2094; x_wconf 86' lang='lat' dir='ltr'>ad</span> <span class='ocrx_word' id='word_1_1147' title='bbox 2013 2065 2148 2103; x_wconf 77' lang='lat' dir='ltr'>verbum,</span> <span class='ocrx_word' id='word_1_1148' title='bbox 2164 2063 2247 2095; x_wconf 82' lang='lat' dir='ltr'>habet</span> <span class='ocrx_word' id='word_1_1149' title='bbox 2262 2062 2375 2094; x_wconf 68' lang='lat' dir='ltr'>Thomas</span> <span class='ocrx_word' id='word_1_1150' title='bbox 2388 2064 2420 2094; x_wconf 79' lang='lat' dir='ltr'>de</span> 
     </span>
     <span class='ocr_line' id='line_1_148' title="bbox 1396 2101 2152 2144; baseline 0.004 -13"><span class='ocrx_word' id='word_1_1151' title='bbox 1396 2101 1500 2138; x_wconf 81' lang='lat' dir='ltr'>Rokeby</span> <span class='ocrx_word' id='word_1_1152' title='bbox 1517 2102 1615 2142; x_wconf 80' lang='lat' dir='ltr'>Miles,</span> <span class='ocrx_word' id='word_1_1153' title='bbox 1633 2105 1760 2144; x_wconf 84' lang='lat' dir='ltr'>quamdiu</span> <span class='ocrx_word' id='word_1_1154' title='bbox 1774 2106 1839 2141; x_wconf 85' lang='lat' dir='ltr'>Regi</span> <span class='ocrx_word' id='word_1_1155' title='bbox 1845 2104 1979 2142; x_wconf 80' lang='lat' dir='ltr'>placuerit</span> <span class='ocrx_word' id='word_1_1156' title='bbox 1994 2105 2152 2134; x_wconf 81' lang='lat' dir='ltr'>duraturas.</span> 
     </span>
    </p>
   </div>
   <div class='ocr_carea' id='block_1_22' title="bbox 1359 2177 2421 2258">
    <p class='ocr_par' dir='ltr' id='par_1_46' title="bbox 1359 2177 2421 2258">
     <span class='ocr_line' id='line_1_149' title="bbox 1397 2177 2421 2221; baseline 0.002 -13"><span class='ocrx_word' id='word_1_1157' title='bbox 1397 2177 1546 2220; x_wconf 79' lang='lat' dir='ltr'>Confimiles</span> <span class='ocrx_word' id='word_1_1158' title='bbox 1573 2183 1688 2210; x_wconf 84' lang='lat' dir='ltr'>Literas</span> <span class='ocrx_word' id='word_1_1159' title='bbox 1712 2183 1791 2218; x_wconf 78' lang='lat' dir='ltr'>Regis</span> <span class='ocrx_word' id='word_1_1160' title='bbox 1815 2180 1900 2211; x_wconf 82' lang='lat' dir='ltr'>habet</span> <span class='ocrx_word' id='word_1_1161' title='bbox 1925 2181 2070 2221; x_wconf 80' lang='lat' dir='ltr'>Johanms</span> <span class='ocrx_word' id='word_1_1162' title='bbox 2088 2181 2120 2212; x_wconf 88' lang='lat' dir='ltr'>de</span> <span class='ocrx_word' id='word_1_1163' title='bbox 2143 2178 2303 2212; x_wconf 80' lang='lat' dir='ltr'>Lilleburne</span> <span class='ocrx_word' id='word_1_1164' title='bbox 2319 2178 2421 2218; x_wconf 75' lang='lat' dir='ltr'>Miles,</span> 
     </span>
     <span class='ocr_line' id='line_1_150' title="bbox 1359 2218 1883 2258; baseline 0.008 -12"><span class='ocrx_word' id='word_1_1165' title='bbox 1359 2218 1488 2258; x_wconf 81' lang='lat' dir='ltr'>quamdiu</span> <span class='ocrx_word' id='word_1_1166' title='bbox 1504 2220 1569 2255; x_wconf 82' lang='lat' dir='ltr'>Regi</span> <span class='ocrx_word' id='word_1_1167' title='bbox 1577 2218 1710 2257; x_wconf 81' lang='lat' dir='ltr'>placuerit</span> <span class='ocrx_word' id='word_1_1168' title='bbox 1723 2221 1883 2250; x_wconf 78' lang='lat' dir='ltr'>duraturas.</span> 
     </span>
    </p>
   </div>
   <div class='ocr_carea' id='block_1_23' title="bbox 1399 2255 2315 2376">
    <p class='ocr_par' dir='ltr' id='par_1_47' title="bbox 1399 2255 2315 2376">
     <span class='ocr_line' id='line_1_151' title="bbox 1399 2255 1632 2298; baseline 0.009 -11"><span class='ocrx_word' id='word_1_1169' title='bbox 1399 2255 1489 2288; x_wconf 89' lang='lat' dir='ltr'>Teste</span> <span class='ocrx_word' id='word_1_1170' title='bbox 1503 2266 1534 2288; x_wconf 87' lang='lat' dir='ltr'>ut</span> <span class='ocrx_word' id='word_1_1171' title='bbox 1545 2258 1632 2298; x_wconf 89' lang='lat' dir='ltr'>supra.</span> 
     </span>
     <span class='ocr_line' id='line_1_152' title="bbox 1836 2333 2315 2376; baseline -0.004 -10"><span class='ocrx_word' id='word_1_1172' title='bbox 1836 2337 1890 2366; x_wconf 87' lang='lat' dir='ltr'>Per</span> <span class='ocrx_word' id='word_1_1173' title='bbox 1901 2335 1984 2376; x_wconf 63' lang='lat' dir='ltr'>iffitm</span> <span class='ocrx_word' id='word_1_1174' title='bbox 1999 2337 2096 2375; x_wconf 83' lang='lat' dir='ltr'>Regem</span> <span class='ocrx_word' id='word_1_1175' title='bbox 2110 2336 2148 2371; x_wconf 64' lang='grc' dir='ltr'>ό</span> <span class='ocrx_word' id='word_1_1176' title='bbox 2163 2333 2315 2366; x_wconf 81' lang='lat' dir='ltr'>Concilium.</span> 
     </span>
    </p>
   </div>
   <div class='ocr_carea' id='block_1_24' title="bbox 1488 2458 2293 2507">
    <p class='ocr_par' dir='ltr' id='par_1_48' title="bbox 1488 2458 2293 2507">
     <span class='ocr_line' id='line_1_153' title="bbox 1488 2458 2293 2507; baseline 0 -14"><span class='ocrx_word' id='word_1_1177' title='bbox 1488 2463 1546 2494; x_wconf 86' lang='lat' dir='ltr'>Pro</span> <span class='ocrx_word' id='word_1_1178' title='bbox 1567 2463 1698 2495; x_wconf 86' lang='lat' dir='ltr'>Domino</span> <span class='ocrx_word' id='word_1_1179' title='bbox 1713 2460 1750 2496; x_wconf 86' lang='lat' dir='ltr'>de</span> <span class='ocrx_word' id='word_1_1180' title='bbox 1767 2462 1935 2497; x_wconf 77' lang='lat' dir='ltr'>Hautevill</span> <span class='ocrx_word' id='word_1_1181' title='bbox 1945 2489 1954 2505; x_wconf 87' lang='lat'><em>‚</em></span> <span class='ocrx_word' id='word_1_1182' title='bbox 1977 2460 2014 2495; x_wconf 86' lang='lat' dir='ltr'>de</span> <span class='ocrx_word' id='word_1_1183' title='bbox 2021 2461 2113 2507; x_wconf 76' lang='lat' dir='ltr'>fhlvo</span> <span class='ocrx_word' id='word_1_1184' title='bbox 2128 2458 2293 2495; x_wconf 60' lang='lat' dir='ltr'>eonducta.</span> 
     </span>
    </p>
   </div>
   <div class='ocr_carea' id='block_1_25' title="bbox 1358 2540 2562 3280">
    <p class='ocr_par' dir='ltr' id='par_1_49' title="bbox 1358 2540 2562 3280">
     <span class='ocr_line' id='line_1_154' title="bbox 1359 2540 2562 2622; baseline -0.003 -45"><span class='ocrx_word' id='word_1_1185' title='bbox 1359 2545 1473 2615; x_wconf 48' lang='lat' dir='ltr'>RF&amp;</span> <span class='ocrx_word' id='word_1_1186' title='bbox 1462 2545 1494 2577; x_wconf 93' lang='lat' dir='ltr'>X</span> <span class='ocrx_word' id='word_1_1187' title='bbox 1519 2547 1652 2616; x_wconf 64' lang='lat' dir='ltr'>grilinibus</span> <span class='ocrx_word' id='word_1_1188' title='bbox 1673 2547 1783 2579; x_wconf 89' lang='lat' dir='ltr'>Amicis</span> <span class='ocrx_word' id='word_1_1189' title='bbox 1797 2571 1808 2586; x_wconf 84' lang='lat'>,</span> <span class='ocrx_word' id='word_1_1190' title='bbox 1830 2546 1940 2578; x_wconf 87' lang='lat' dir='ltr'>Ballivis</span> <span class='ocrx_word' id='word_1_1191' title='bbox 1954 2570 1964 2585; x_wconf 88' lang='lat'>,</span> <span class='ocrx_word' id='word_1_1192' title='bbox 1989 2548 2024 2578; x_wconf 89' lang='lat'>&amp;</span> <span class='ocrx_word' id='word_1_1193' title='bbox 2041 2544 2183 2576; x_wconf 86' lang='lat' dir='ltr'>Fidelibus</span> <span class='ocrx_word' id='word_1_1194' title='bbox 2203 2544 2255 2577; x_wconf 88' lang='lat' dir='ltr'>suis</span> <span class='ocrx_word' id='word_1_1195' title='bbox 2269 2568 2280 2583; x_wconf 83' lang='lat'>,</span> <span class='ocrx_word' id='word_1_1196' title='bbox 2295 2542 2332 2575; x_wconf 90' lang='lat' dir='ltr'>ad</span> <span class='ocrx_word' id='word_1_1197' title='bbox 2347 2553 2418 2584; x_wconf 89' lang='lat' dir='ltr'>quos</span> <span class='ocrx_word' id='word_1_1198' title='bbox 2436 2540 2562 2622; x_wconf 71' lang='lat' dir='ltr'>A1n3n3.8D.</span> 
     </span>
     <span class='ocr_line' id='line_1_155' title="bbox 1475 2594 2541 2616; baseline -0.003 -2"><span class='ocrx_word' id='word_1_1199' title='bbox 1475 2595 1500 2615; x_wconf 93' lang='lat' dir='ltr'>c.</span> <span class='ocrx_word' id='word_1_1200' title='bbox 1540 2596 1554 2616; x_wconf 92' lang='lat' dir='ltr'>a</span> <span class='ocrx_word' id='word_1_1201' title='bbox 1566 2594 1653 2616; x_wconf 88' lang='lat' dir='ltr'>utem.</span> <span class='ocrx_word' id='word_1_1202' title='bbox 2534 2605 2541 2611; x_wconf 88' lang='lat'>.</span> 
     </span>
     <span class='ocr_line' id='line_1_156' title="bbox 1396 2619 2548 2661; baseline -0.003 -8"><span class='ocrx_word' id='word_1_1203' title='bbox 1396 2622 1478 2653; x_wconf 79' lang='lat' dir='ltr'>Cum</span> <span class='ocrx_word' id='word_1_1204' title='bbox 1490 2625 1631 2655; x_wconf 87' lang='lat' dir='ltr'>mittamus</span> <span class='ocrx_word' id='word_1_1205' title='bbox 1663 2622 1794 2653; x_wconf 68' lang='lat' dir='ltr'>Dile&amp;os</span> <span class='ocrx_word' id='word_1_1206' title='bbox 1806 2623 1840 2653; x_wconf 91' lang='lat'>&amp;</span> <span class='ocrx_word' id='word_1_1207' title='bbox 1856 2621 1964 2653; x_wconf 88' lang='lat' dir='ltr'>Fideles</span> <span class='ocrx_word' id='word_1_1208' title='bbox 1977 2621 2107 2660; x_wconf 89' lang='lat' dir='ltr'>nostros,</span> <span class='ocrx_word' id='word_1_1209' title='bbox 2124 2621 2316 2661; x_wconf 90' lang='lat' dir='ltr'>Rodulphum</span> <span class='ocrx_word' id='word_1_1210' title='bbox 2332 2619 2416 2652; x_wconf 90' lang='lat' dir='ltr'>Con-</span> <span class='ocrx_word' id='word_1_1211' title='bbox 2433 2625 2486 2648; x_wconf 87' lang='lat' dir='ltr'>An.</span> <span class='ocrx_word' id='word_1_1212' title='bbox 2506 2630 2548 2650; x_wconf 79' lang='lat'>12.</span> 
     </span>
     <span class='ocr_line' id='line_1_157' title="bbox 1359 2647 2508 2706; baseline 0.002 -17"><span class='ocrx_word' id='word_1_1213' title='bbox 1359 2659 1511 2692; x_wconf 90' lang='lat' dir='ltr'>dominum</span> <span class='ocrx_word' id='word_1_1214' title='bbox 1526 2662 1600 2692; x_wconf 80' lang='lat' dir='ltr'>Altae</span> <span class='ocrx_word' id='word_1_1215' title='bbox 1615 2647 1698 2693; x_wconf 80' lang='lat' dir='ltr'>V&#39;iliae</span> <span class='ocrx_word' id='word_1_1216' title='bbox 1712 2660 1857 2700; x_wconf 75' lang='lat' dir='ltr'>Militem,</span> <span class='ocrx_word' id='word_1_1217' title='bbox 1875 2662 1908 2693; x_wconf 91' lang='lat'>&amp;</span> <span class='ocrx_word' id='word_1_1218' title='bbox 1923 2661 2049 2691; x_wconf 82' lang='lat' dir='ltr'>Fratrem</span> <span class='ocrx_word' id='word_1_1219' title='bbox 2063 2660 2226 2706; x_wconf 74' lang='lat' dir='ltr'>Galfridum</span> <span class='ocrx_word' id='word_1_1220' title='bbox 2246 2658 2415 2705; x_wconf 34' lang='lat' dir='ltr'>de&#39;Maldo-</span> <span class='ocrx_word' id='word_1_1221' title='bbox 2431 2663 2459 2686; x_wconf 82' lang='lat' dir='ltr'>E·</span> <span class='ocrx_word' id='word_1_1222' title='bbox 2482 2669 2508 2696; x_wconf 85' lang='lat'>3-</span> 
     </span>
     <span class='ocr_line' id='line_1_158' title="bbox 1359 2697 2549 2739; baseline 0.002 -11"><span class='ocrx_word' id='word_1_1223' title='bbox 1359 2707 1395 2728; x_wconf 89' lang='lat' dir='ltr'>na</span> <span class='ocrx_word' id='word_1_1224' title='bbox 1414 2699 1451 2729; x_wconf 90' lang='lat' dir='ltr'>de</span> <span class='ocrx_word' id='word_1_1225' title='bbox 1468 2699 1577 2730; x_wconf 90' lang='lat' dir='ltr'>Ordine</span> <span class='ocrx_word' id='word_1_1226' title='bbox 1595 2700 1693 2731; x_wconf 68' lang='lat' dir='ltr'>Sancti</span> <span class='ocrx_word' id='word_1_1227' title='bbox 1713 2699 1863 2739; x_wconf 85' lang='lat' dir='ltr'>Augustini</span> <span class='ocrx_word' id='word_1_1228' title='bbox 1875 2722 1886 2738; x_wconf 85' lang='grc'>,</span> <span class='ocrx_word' id='word_1_1229' title='bbox 1911 2699 1944 2730; x_wconf 90' lang='lat' dir='ltr'>ad</span> <span class='ocrx_word' id='word_1_1230' title='bbox 1961 2708 2049 2738; x_wconf 86' lang='lat' dir='ltr'>partes</span> <span class='ocrx_word' id='word_1_1231' title='bbox 2063 2697 2194 2739; x_wconf 80' lang='lat' dir='ltr'>Imperu,</span> <span class='ocrx_word' id='word_1_1232' title='bbox 2212 2700 2246 2731; x_wconf 89' lang='lat'>&amp;</span> <span class='ocrx_word' id='word_1_1233' title='bbox 2260 2699 2343 2738; x_wconf 84' lang='lat' dir='ltr'>alibi,</span> <span class='ocrx_word' id='word_1_1234' title='bbox 2361 2708 2415 2738; x_wconf 86' lang='lat' dir='ltr'>pro</span> <span class='ocrx_word' id='word_1_1235' title='bbox 2432 2697 2549 2726; x_wconf 69' lang='lat' dir='ltr'>Alcman.</span> 
     </span>
     <span class='ocr_line' id='line_1_159' title="bbox 1360 2737 2554 2779; baseline 0.002 -13"><span class='ocrx_word' id='word_1_1236' title='bbox 1360 2737 1523 2775; x_wconf 89' lang='lat' dir='ltr'>quibusdam</span> <span class='ocrx_word' id='word_1_1237' title='bbox 1537 2738 1627 2769; x_wconf 89' lang='lat' dir='ltr'>arduis</span> <span class='ocrx_word' id='word_1_1238' title='bbox 1641 2739 1791 2778; x_wconf 82' lang='lat' dir='ltr'>Negotiis,</span> <span class='ocrx_word' id='word_1_1239' title='bbox 1810 2739 1858 2769; x_wconf 82' lang='lat' dir='ltr'>fibi</span> <span class='ocrx_word' id='word_1_1240' title='bbox 1872 2748 1921 2776; x_wconf 88' lang='lat' dir='ltr'>per</span> <span class='ocrx_word' id='word_1_1241' title='bbox 1935 2748 1987 2769; x_wconf 92' lang='lat' dir='ltr'>nos</span> <span class='ocrx_word' id='word_1_1242' title='bbox 2000 2738 2148 2777; x_wconf 67' lang='lat' dir='ltr'>injunctis,</span> <span class='ocrx_word' id='word_1_1243' title='bbox 2166 2738 2383 2779; x_wconf 83' lang='lat' dir='ltr'>prosequendis,</span> <span class='ocrx_word' id='word_1_1244' title='bbox 2437 2745 2478 2764; x_wconf 85' lang='lat'>12·</span> <span class='ocrx_word' id='word_1_1245' title='bbox 2488 2740 2515 2763; x_wconf 84' lang='lat' dir='ltr'>E·</span> <span class='ocrx_word' id='word_1_1246' title='bbox 2528 2744 2554 2772; x_wconf 86' lang='lat'>3-</span> 
     </span>
     <span class='ocr_line' id='line_1_160' title="bbox 1398 2775 2549 2817; baseline 0 -12"><span class='ocrx_word' id='word_1_1247' title='bbox 1398 2775 1459 2806; x_wconf 91' lang='lat' dir='ltr'>Vos</span> <span class='ocrx_word' id='word_1_1248' title='bbox 1479 2776 1600 2809; x_wconf 88' lang='lat' dir='ltr'>Amicos</span> <span class='ocrx_word' id='word_1_1249' title='bbox 1619 2777 1732 2808; x_wconf 91' lang='lat' dir='ltr'>nostros</span> <span class='ocrx_word' id='word_1_1250' title='bbox 1754 2777 1923 2816; x_wconf 85' lang='lat' dir='ltr'>requirimus</span> <span class='ocrx_word' id='word_1_1251' title='bbox 1943 2776 2097 2814; x_wconf 88' lang='lat' dir='ltr'>specialiter</span> <span class='ocrx_word' id='word_1_1252' title='bbox 2118 2777 2153 2808; x_wconf 90' lang='lat'>&amp;</span> <span class='ocrx_word' id='word_1_1253' title='bbox 2167 2786 2299 2817; x_wconf 87' lang='lat' dir='ltr'>rogamus</span> <span class='ocrx_word' id='word_1_1254' title='bbox 2334 2777 2418 2808; x_wconf 82' lang='lat' dir='ltr'>vobis</span> <span class='ocrx_word' id='word_1_1255' title='bbox 2433 2780 2458 2812; x_wconf 79' lang='lat' dir='ltr'>p·</span> <span class='ocrx_word' id='word_1_1256' title='bbox 2478 2784 2501 2803; x_wconf 81' lang='grc' dir='ltr'>ι.</span> <span class='ocrx_word' id='word_1_1257' title='bbox 2514 2784 2549 2803; x_wconf 83' lang='lat' dir='ltr'>m·</span> 
     </span>
     <span class='ocr_line' id='line_1_161' title="bbox 1360 2801 2484 2860; baseline 0.002 -17"><span class='ocrx_word' id='word_1_1258' title='bbox 1360 2812 1470 2845; x_wconf 89' lang='lat' dir='ltr'>Ballivis</span> <span class='ocrx_word' id='word_1_1259' title='bbox 1498 2816 1531 2846; x_wconf 89' lang='lat'>&amp;</span> <span class='ocrx_word' id='word_1_1260' title='bbox 1559 2816 1700 2847; x_wconf 87' lang='lat' dir='ltr'>Fidelibus</span> <span class='ocrx_word' id='word_1_1261' title='bbox 1722 2816 1823 2846; x_wconf 87' lang='lat' dir='ltr'>nostris</span> <span class='ocrx_word' id='word_1_1262' title='bbox 1837 2840 1846 2853; x_wconf 99' lang='lat'>,</span> <span class='ocrx_word' id='word_1_1263' title='bbox 1873 2813 1991 2846; x_wconf 82' lang='lat' dir='ltr'>firmiter</span> <span class='ocrx_word' id='word_1_1264' title='bbox 2011 2815 2185 2856; x_wconf 85' lang='lat' dir='ltr'>injungendo</span> <span class='ocrx_word' id='word_1_1265' title='bbox 2233 2801 2395 2860; x_wconf 80' lang='lat' dir='ltr'>mandantes</span> <span class='ocrx_word' id='word_1_1266' title='bbox 2409 2838 2420 2854; x_wconf 88' lang='lat'>‚</span> <span class='ocrx_word' id='word_1_1267' title='bbox 2439 2813 2484 2842; x_wconf 86' lang='lat'>18·</span> 
     </span>
     <span class='ocr_line' id='line_1_162' title="bbox 1361 2840 2421 2894; baseline 0.001 -11"><span class='ocrx_word' id='word_1_1268' title='bbox 1361 2852 1441 2892; x_wconf 81' lang='lat' dir='ltr'>quod</span> <span class='ocrx_word' id='word_1_1269' title='bbox 1464 2855 1552 2894; x_wconf 79' lang='lat' dir='ltr'>ipsos,</span> <span class='ocrx_word' id='word_1_1270' title='bbox 1570 2854 1762 2894; x_wconf 88' lang='lat' dir='ltr'>Rodulphum</span> <span class='ocrx_word' id='word_1_1271' title='bbox 1784 2855 1817 2886; x_wconf 91' lang='lat'>&amp;</span> <span class='ocrx_word' id='word_1_1272' title='bbox 1839 2853 2003 2885; x_wconf 89' lang='lat' dir='ltr'>Galfridum</span> <span class='ocrx_word' id='word_1_1273' title='bbox 2020 2878 2029 2894; x_wconf 87' lang='lat'>,</span> <span class='ocrx_word' id='word_1_1274' title='bbox 2049 2864 2165 2886; x_wconf 90' lang='lat' dir='ltr'>necnon</span> <span class='ocrx_word' id='word_1_1275' title='bbox 2179 2840 2337 2893; x_wconf 71' lang='lat' dir='ltr'>Homines,</span> <span class='ocrx_word' id='word_1_1276' title='bbox 2355 2853 2421 2884; x_wconf 83' lang='lat' dir='ltr'>Sei·-</span> 
     </span>
     <span class='ocr_line' id='line_1_163' title="bbox 1360 2892 2421 2937; baseline -0.001 -13"><span class='ocrx_word' id='word_1_1277' title='bbox 1360 2893 1467 2924; x_wconf 90' lang='lat' dir='ltr'>vientes</span> <span class='ocrx_word' id='word_1_1278' title='bbox 1481 2916 1490 2932; x_wconf 87' lang='lat'>,</span> <span class='ocrx_word' id='word_1_1279' title='bbox 1510 2892 1627 2933; x_wconf 89' lang='lat' dir='ltr'>Equos,</span> <span class='ocrx_word' id='word_1_1280' title='bbox 1643 2893 1795 2933; x_wconf 85' lang='lat' dir='ltr'>Hernesia,</span> <span class='ocrx_word' id='word_1_1281' title='bbox 1814 2902 1847 2923; x_wconf 90' lang='lat' dir='ltr'>ac</span> <span class='ocrx_word' id='word_1_1282' title='bbox 1870 2892 1966 2931; x_wconf 83' lang='lat' dir='ltr'>Bona,</span> <span class='ocrx_word' id='word_1_1283' title='bbox 1984 2893 2018 2924; x_wconf 89' lang='lat'>&amp;</span> <span class='ocrx_word' id='word_1_1284' title='bbox 2038 2892 2100 2924; x_wconf 89' lang='lat' dir='ltr'>Res</span> <span class='ocrx_word' id='word_1_1285' title='bbox 2113 2918 2123 2932; x_wconf 97' lang='lat'>,</span> <span class='ocrx_word' id='word_1_1286' title='bbox 2149 2893 2195 2925; x_wconf 87' lang='lat' dir='ltr'>sua</span> <span class='ocrx_word' id='word_1_1287' title='bbox 2215 2902 2421 2937; x_wconf 71' lang='lat' dir='ltr'>quaecumque,</span> 
     </span>
     <span class='ocr_line' id='line_1_164' title="bbox 1362 2930 2421 2975; baseline -0.001 -13"><span class='ocrx_word' id='word_1_1288' title='bbox 1362 2932 1431 2962; x_wconf 82' lang='lat' dir='ltr'>curn</span> <span class='ocrx_word' id='word_1_1289' title='bbox 1449 2932 1521 2971; x_wconf 91' lang='lat' dir='ltr'>ipsos</span> <span class='ocrx_word' id='word_1_1290' title='bbox 1536 2942 1587 2971; x_wconf 87' lang='lat' dir='ltr'>per</span> <span class='ocrx_word' id='word_1_1291' title='bbox 1600 2933 1663 2964; x_wconf 89' lang='lat' dir='ltr'>loca</span> <span class='ocrx_word' id='word_1_1292' title='bbox 1674 2932 1837 2965; x_wconf 88' lang='lat' dir='ltr'>vestrorum</span> <span class='ocrx_word' id='word_1_1293' title='bbox 1851 2930 2045 2963; x_wconf 62' lang='lat' dir='ltr'>Distriehium</span> <span class='ocrx_word' id='word_1_1294' title='bbox 2062 2932 2207 2963; x_wconf 84' lang='lat' dir='ltr'>transitum</span> <span class='ocrx_word' id='word_1_1295' title='bbox 2221 2932 2312 2962; x_wconf 89' lang='lat' dir='ltr'>facere</span> <span class='ocrx_word' id='word_1_1296' title='bbox 2325 2939 2421 2975; x_wconf 78' lang='lat' dir='ltr'>conti-</span> 
     </span>
     <span class='ocr_line' id='line_1_165' title="bbox 1360 2969 2420 3014; baseline -0.001 -13"><span class='ocrx_word' id='word_1_1297' title='bbox 1360 2972 1447 3010; x_wconf 87' lang='lat' dir='ltr'>gerit,</span> <span class='ocrx_word' id='word_1_1298' title='bbox 1466 2972 1684 3011; x_wconf 71' lang='lat' dir='ltr'>manuteneatis,</span> <span class='ocrx_word' id='word_1_1299' title='bbox 1702 2971 1868 3010; x_wconf 85' lang='lat' dir='ltr'>protegatis,</span> <span class='ocrx_word' id='word_1_1300' title='bbox 1886 2970 1920 3001; x_wconf 90' lang='lat'>&amp;</span> <span class='ocrx_word' id='word_1_1301' title='bbox 1935 2970 2105 3009; x_wconf 75' lang='lat' dir='ltr'>defendatis,</span> <span class='ocrx_word' id='word_1_1302' title='bbox 2124 2979 2184 3014; x_wconf 83' lang='lat' dir='ltr'>non</span> <span class='ocrx_word' id='word_1_1303' title='bbox 2198 2969 2351 3014; x_wconf 73' lang='lat' dir='ltr'>inserentes</span> <span class='ocrx_word' id='word_1_1304' title='bbox 2363 2979 2420 3010; x_wconf 91' lang='lat' dir='ltr'>eis,</span> 
     </span>
     <span class='ocr_line' id='line_1_166' title="bbox 1359 3008 2419 3048; baseline -0.001 -9"><span class='ocrx_word' id='word_1_1305' title='bbox 1359 3009 1406 3040; x_wconf 91' lang='lat' dir='ltr'>vel</span> <span class='ocrx_word' id='word_1_1306' title='bbox 1419 3033 1430 3047; x_wconf 83' lang='lat'>.,</span> <span class='ocrx_word' id='word_1_1307' title='bbox 1456 3018 1592 3048; x_wconf 85' lang='lat' dir='ltr'>quantum</span> <span class='ocrx_word' id='word_1_1308' title='bbox 1616 3011 1645 3041; x_wconf 91' lang='lat' dir='ltr'>in</span> <span class='ocrx_word' id='word_1_1309' title='bbox 1667 3011 1749 3042; x_wconf 87' lang='lat' dir='ltr'>vobis</span> <span class='ocrx_word' id='word_1_1310' title='bbox 1771 3010 1812 3040; x_wconf 87' lang='lat' dir='ltr'>est</span> <span class='ocrx_word' id='word_1_1311' title='bbox 1828 3034 1838 3048; x_wconf 94' lang='lat'>,</span> <span class='ocrx_word' id='word_1_1312' title='bbox 1860 3010 1896 3040; x_wconf 89' lang='lat' dir='ltr'>ab</span> <span class='ocrx_word' id='word_1_1313' title='bbox 1910 3009 1968 3040; x_wconf 83' lang='lat' dir='ltr'>aliis</span> <span class='ocrx_word' id='word_1_1314' title='bbox 1980 3009 2075 3041; x_wconf 85' lang='lat' dir='ltr'>inferri</span> <span class='ocrx_word' id='word_1_1315' title='bbox 2089 3015 2250 3047; x_wconf 85' lang='lat' dir='ltr'>permittatis</span> <span class='ocrx_word' id='word_1_1316' title='bbox 2265 3008 2419 3048; x_wconf 85' lang='lat' dir='ltr'>InJuriam,</span> 
     </span>
     <span class='ocr_line' id='line_1_167' title="bbox 1361 3046 2420 3092; baseline -0.003 -13"><span class='ocrx_word' id='word_1_1317' title='bbox 1361 3047 1546 3087; x_wconf 83' lang='lat' dir='ltr'>Molestiam,</span> <span class='ocrx_word' id='word_1_1318' title='bbox 1565 3048 1752 3088; x_wconf 88' lang='lat' dir='ltr'>Dampnum,</span> <span class='ocrx_word' id='word_1_1319' title='bbox 1774 3047 2020 3086; x_wconf 76' lang='lat' dir='ltr'>[inpedimentum</span> <span class='ocrx_word' id='word_1_1320' title='bbox 2032 3047 2165 3086; x_wconf 81' lang='lat' dir='ltr'>aliquod,</span> <span class='ocrx_word' id='word_1_1321' title='bbox 2183 3046 2227 3077; x_wconf 85' lang='lat' dir='ltr'>seu</span> <span class='ocrx_word' id='word_1_1322' title='bbox 2237 3047 2420 3092; x_wconf 75' lang='lat' dir='ltr'>Gravamen;</span> 
     </span>
     <span class='ocr_line' id='line_1_168' title="bbox 1360 3084 2419 3130; baseline -0.002 -13"><span class='ocrx_word' id='word_1_1323' title='bbox 1360 3087 1399 3117; x_wconf 89' lang='lat' dir='ltr'>set</span> <span class='ocrx_word' id='word_1_1324' title='bbox 1419 3088 1456 3118; x_wconf 92' lang='lat' dir='ltr'>eis</span> <span class='ocrx_word' id='word_1_1325' title='bbox 1475 3089 1567 3125; x_wconf 88' lang='lat' dir='ltr'>potius</span> <span class='ocrx_word' id='word_1_1326' title='bbox 1589 3088 1705 3120; x_wconf 87' lang='lat' dir='ltr'>Salvum</span> <span class='ocrx_word' id='word_1_1327' title='bbox 1727 3088 1761 3119; x_wconf 92' lang='lat'>&amp;</span> <span class='ocrx_word' id='word_1_1328' title='bbox 1782 3087 1921 3118; x_wconf 90' lang='lat' dir='ltr'>Securum</span> <span class='ocrx_word' id='word_1_1329' title='bbox 1941 3084 2148 3130; x_wconf 63' lang='lat' dir='ltr'>Conductum,</span> <span class='ocrx_word' id='word_1_1330' title='bbox 2166 3084 2333 3130; x_wconf 79' lang='lat' dir='ltr'>Sumpnbus</span> <span class='ocrx_word' id='word_1_1331' title='bbox 2348 3085 2419 3124; x_wconf 85' lang='lat' dir='ltr'>suis,</span> 
     </span>
     <span class='ocr_line' id='line_1_169' title="bbox 1360 3121 2419 3164; baseline -0.001 -9"><span class='ocrx_word' id='word_1_1332' title='bbox 1360 3125 1463 3156; x_wconf 88' lang='lat' dir='ltr'>habere</span> <span class='ocrx_word' id='word_1_1333' title='bbox 1475 3126 1596 3164; x_wconf 90' lang='lat' dir='ltr'>faciatis,</span> <span class='ocrx_word' id='word_1_1334' title='bbox 1635 3128 1745 3157; x_wconf 89' lang='lat' dir='ltr'>uotiens</span> <span class='ocrx_word' id='word_1_1335' title='bbox 1756 3126 1790 3158; x_wconf 90' lang='lat'>&amp;</span> <span class='ocrx_word' id='word_1_1336' title='bbox 1804 3124 1919 3164; x_wconf 87' lang='lat' dir='ltr'>quando</span> <span class='ocrx_word' id='word_1_1337' title='bbox 1931 3134 1951 3154; x_wconf 95' lang='lat' dir='ltr'>o</span> <span class='ocrx_word' id='word_1_1338' title='bbox 1974 3134 2004 3154; x_wconf 91' lang='lat' dir='ltr'>us</span> <span class='ocrx_word' id='word_1_1339' title='bbox 2018 3124 2116 3161; x_wconf 88' lang='lat' dir='ltr'>fuerit,</span> <span class='ocrx_word' id='word_1_1340' title='bbox 2132 3125 2165 3155; x_wconf 89' lang='lat'>&amp;</span> <span class='ocrx_word' id='word_1_1341' title='bbox 2181 3134 2231 3162; x_wconf 86' lang='lat' dir='ltr'>per</span> <span class='ocrx_word' id='word_1_1342' title='bbox 2247 3124 2336 3163; x_wconf 83' lang='lat' dir='ltr'>ipsos,</span> <span class='ocrx_word' id='word_1_1343' title='bbox 2353 3121 2419 3154; x_wconf 84' lang='lat' dir='ltr'>Ro-</span> 
     </span>
     <span class='ocr_line' id='line_1_170' title="bbox 1358 3163 2416 3207; baseline -0.002 -13"><span class='ocrx_word' id='word_1_1344' title='bbox 1358 3164 1497 3201; x_wconf 85' lang='lat' dir='ltr'>dulphum</span> <span class='ocrx_word' id='word_1_1345' title='bbox 1511 3165 1545 3195; x_wconf 88' lang='lat'>&amp;</span> <span class='ocrx_word' id='word_1_1346' title='bbox 1561 3164 1617 3194; x_wconf 90' lang='lat' dir='ltr'>Gal</span> <span class='ocrx_word' id='word_1_1347' title='bbox 1632 3165 1740 3204; x_wconf 82' lang='lat' dir='ltr'>ridum,</span> <span class='ocrx_word' id='word_1_1348' title='bbox 1757 3163 1804 3195; x_wconf 88' lang='lat' dir='ltr'>vel</span> <span class='ocrx_word' id='word_1_1349' title='bbox 1823 3171 1923 3206; x_wconf 83' lang='lat' dir='ltr'>eorum</span> <span class='ocrx_word' id='word_1_1350' title='bbox 1943 3171 1957 3192; x_wconf 90' lang='lat' dir='ltr'>a</span> <span class='ocrx_word' id='word_1_1351' title='bbox 1968 3171 2061 3207; x_wconf 82' lang='lat' dir='ltr'>terum</span> <span class='ocrx_word' id='word_1_1352' title='bbox 2077 3186 2087 3207; x_wconf 78' lang='lat'>,</span> <span class='ocrx_word' id='word_1_1353' title='bbox 2103 3163 2185 3201; x_wconf 88' lang='lat' dir='ltr'>super</span> <span class='ocrx_word' id='word_1_1354' title='bbox 2196 3163 2273 3202; x_wconf 82' lang='lat' dir='ltr'>hoc,</span> <span class='ocrx_word' id='word_1_1355' title='bbox 2291 3171 2326 3193; x_wconf 86' lang='lat' dir='ltr'>ex</span> <span class='ocrx_word' id='word_1_1356' title='bbox 2339 3169 2416 3200; x_wconf 86' lang='lat' dir='ltr'>parte</span> 
     </span>
     <span class='ocr_line' id='line_1_171' title="bbox 1359 3202 2096 3241; baseline 0 -9"><span class='ocrx_word' id='word_1_1357' title='bbox 1359 3202 1472 3240; x_wconf 70' lang='lat' dir='ltr'>nostra,</span> <span class='ocrx_word' id='word_1_1358' title='bbox 1493 3204 1615 3241; x_wconf 81' lang='lat' dir='ltr'>requisiti</span> <span class='ocrx_word' id='word_1_1359' title='bbox 1628 3203 1748 3240; x_wconf 86' lang='lat' dir='ltr'>fueritis,</span> <span class='ocrx_word' id='word_1_1360' title='bbox 1763 3202 1809 3233; x_wconf 94' lang='lat' dir='ltr'>seu</span> <span class='ocrx_word' id='word_1_1361' title='bbox 1825 3209 1911 3232; x_wconf 75' lang='lat' dir='ltr'>etiam</span> <span class='ocrx_word' id='word_1_1362' title='bbox 1924 3209 2096 3238; x_wconf 81' lang='lat' dir='ltr'>praemuniti.</span> 
     </span>
     <span class='ocr_line' id='line_1_172' title="bbox 1396 3240 1621 3280; baseline 0.009 -10"><span class='ocrx_word' id='word_1_1363' title='bbox 1396 3240 1430 3270; x_wconf 89' lang='lat' dir='ltr'>1n</span> <span class='ocrx_word' id='word_1_1364' title='bbox 1441 3241 1519 3279; x_wconf 86' lang='lat' dir='ltr'>cujus</span> <span class='ocrx_word' id='word_1_1365' title='bbox 1533 3264 1544 3280; x_wconf 86' lang='lat'>,</span> <span class='ocrx_word' id='word_1_1366' title='bbox 1561 3243 1621 3274; x_wconf 90' lang='lat' dir='ltr'>&amp;c.</span> 
     </span>
    </p>
   </div>
   <div class='ocr_carea' id='block_1_26' title="bbox 1396 3314 2186 3355">
    <p class='ocr_par' dir='ltr' id='par_1_50' title="bbox 1396 3314 2186 3355">
     <span class='ocr_line' id='line_1_173' title="bbox 1396 3314 2186 3355; baseline 0 -8"><span class='ocrx_word' id='word_1_1367' title='bbox 1396 3316 1465 3347; x_wconf 85' lang='lat' dir='ltr'>Dat.</span> <span class='ocrx_word' id='word_1_1368' title='bbox 1484 3316 1558 3355; x_wconf 87' lang='lat' dir='ltr'>apud</span> <span class='ocrx_word' id='word_1_1369' title='bbox 1570 3316 1690 3348; x_wconf 89' lang='lat' dir='ltr'>Turrim</span> <span class='ocrx_word' id='word_1_1370' title='bbox 1704 3315 1841 3347; x_wconf 90' lang='lat' dir='ltr'>London.</span> <span class='ocrx_word' id='word_1_1371' title='bbox 1857 3314 2032 3348; x_wconf 90' lang='lat' dir='ltr'>duodecimo</span> <span class='ocrx_word' id='word_1_1372' title='bbox 2045 3316 2092 3348; x_wconf 90' lang='lat' dir='ltr'>die</span> <span class='ocrx_word' id='word_1_1373' title='bbox 2105 3315 2186 3348; x_wconf 89' lang='lat' dir='ltr'>Maii.</span> 
     </span>
    </p>
   </div>
   <div class='ocr_carea' id='block_1_27' title="bbox 1428 3436 2349 3489">
    <p class='ocr_par' dir='ltr' id='par_1_51' title="bbox 1428 3436 2349 3489">
     <span class='ocr_line' id='line_1_174' title="bbox 1428 3436 2349 3489; baseline -0.005 -13"><span class='ocrx_word' id='word_1_1374' title='bbox 1428 3445 1477 3476; x_wconf 85' lang='lat' dir='ltr'>De</span> <span class='ocrx_word' id='word_1_1375' title='bbox 1499 3439 1655 3475; x_wconf 68' lang='lat' dir='ltr'>traHando</span> <span class='ocrx_word' id='word_1_1376' title='bbox 1670 3454 1741 3477; x_wconf 83' lang='lat' dir='ltr'>cum</span> <span class='ocrx_word' id='word_1_1377' title='bbox 1762 3444 1848 3477; x_wconf 87' lang='lat' dir='ltr'>Duce</span> <span class='ocrx_word' id='word_1_1378' title='bbox 1868 3440 2035 3476; x_wconf 75' lang='lat' dir='ltr'>Brabantiae</span> <span class='ocrx_word' id='word_1_1379' title='bbox 2044 3442 2136 3489; x_wconf 69' lang='lat' dir='ltr'>super</span> <span class='ocrx_word' id='word_1_1380' title='bbox 2152 3436 2349 3488; x_wconf 77' lang='lat' dir='ltr'>Sponfhlibus.</span> 
     </span>
    </p>
   </div>
   <div class='ocr_carea' id='block_1_28' title="bbox 1356 3523 2558 3913">
    <p class='ocr_par' dir='ltr' id='par_1_52' title="bbox 1356 3523 2558 3913">
     <span class='ocr_line' id='line_1_175' title="bbox 1430 3523 2558 3602; baseline -0.002 -45"><span class='ocrx_word' id='word_1_1381' title='bbox 1430 3525 1686 3596; x_wconf 43' lang='lat' dir='ltr'>E{·Univqr&lt;113⁵’</span> <span class='ocrx_word' id='word_1_1382' title='bbox 1702 3526 1849 3565; x_wconf 71' lang='lat' dir='ltr'>praesentes</span> <span class='ocrx_word' id='word_1_1383' title='bbox 1862 3526 1968 3559; x_wconf 81' lang='lat' dir='ltr'>Literas</span> <span class='ocrx_word' id='word_1_1384' title='bbox 1980 3527 2159 3567; x_wconf 67' lang='lat' dir='ltr'>inspecturss,</span> <span class='ocrx_word' id='word_1_1385' title='bbox 2176 3523 2310 3557; x_wconf 86' lang='lat' dir='ltr'>Salutem.</span> <span class='ocrx_word' id='word_1_1386' title='bbox 2429 3530 2504 3562; x_wconf 46' lang='lat' dir='ltr'><strong>Ann.</strong></span> <span class='ocrx_word' id='word_1_1387' title='bbox 2513 3533 2558 3602; x_wconf 55' lang='grc' dir='ltr'>ἐ)</span> 
     </span>
     <span class='ocr_line' id='line_1_176' title="bbox 1482 3574 2540 3603; baseline 0.003 -8"><span class='ocrx_word' id='word_1_1388' title='bbox 1482 3574 1558 3596; x_wconf 60' lang='lat' dir='ltr'>cittis</span> <span class='ocrx_word' id='word_1_1389' title='bbox 1591 3575 1630 3595; x_wconf 89' lang='lat' dir='ltr'>uo</span> <span class='ocrx_word' id='word_1_1390' title='bbox 1664 3575 1738 3603; x_wconf 87' lang='lat' dir='ltr'>nos,</span> <span class='ocrx_word' id='word_1_1391' title='bbox 2455 3581 2467 3601; x_wconf 92' lang='lat'>1</span> <span class='ocrx_word' id='word_1_1392' title='bbox 2533 3594 2540 3600; x_wconf 90' lang='lat'><strong>.</strong></span> 
     </span>
     <span class='ocr_line' id='line_1_177' title="bbox 1396 3576 2539 3647; baseline 0.004 -13"><span class='ocrx_word' id='word_1_1393' title='bbox 1396 3603 1445 3634; x_wconf 88' lang='lat' dir='ltr'>De</span> <span class='ocrx_word' id='word_1_1394' title='bbox 1454 3576 1708 3642; x_wconf 54' lang='lat' dir='ltr'>circumstpestione</span> <span class='ocrx_word' id='word_1_1395' title='bbox 1721 3603 1840 3642; x_wconf 68' lang='lat' dir='ltr'>provida</span> <span class='ocrx_word' id='word_1_1396' title='bbox 1856 3604 1890 3635; x_wconf 91' lang='lat'>&amp;</span> <span class='ocrx_word' id='word_1_1397' title='bbox 1904 3603 2035 3636; x_wconf 83' lang='lat' dir='ltr'>fidelitate</span> <span class='ocrx_word' id='word_1_1398' title='bbox 2045 3601 2179 3647; x_wconf 66' lang='lat' dir='ltr'>probata,</span> <span class='ocrx_word' id='word_1_1399' title='bbox 2196 3597 2371 3643; x_wconf 62' lang='lat' dir='ltr'>Vmerabuzs</span> <span class='ocrx_word' id='word_1_1400' title='bbox 2382 3607 2412 3627; x_wconf 70' lang='lat'>1¹¹</span> <span class='ocrx_word' id='word_1_1401' title='bbox 2426 3581 2488 3638; x_wconf 69' lang='lat' dir='ltr'>An.3</span> <span class='ocrx_word' id='word_1_1402' title='bbox 2494 3581 2539 3639; x_wconf 65' lang='lat' dir='ltr'>iz.</span> 
     </span>
     <span class='ocr_line' id='line_1_178' title="bbox 1358 3636 2505 3685; baseline 0.003 -13"><span class='ocrx_word' id='word_1_1403' title='bbox 1358 3640 1479 3673; x_wconf 84' lang='lat' dir='ltr'>Christo</span> <span class='ocrx_word' id='word_1_1404' title='bbox 1500 3642 1589 3673; x_wconf 84' lang='lat' dir='ltr'>Patris</span> <span class='ocrx_word' id='word_1_1405' title='bbox 1603 3664 1613 3680; x_wconf 86' lang='lat'>,</span> <span class='ocrx_word' id='word_1_1406' title='bbox 1637 3641 1760 3673; x_wconf 86' lang='lat' dir='ltr'>Henrici</span> <span class='ocrx_word' id='word_1_1407' title='bbox 1780 3642 1983 3673; x_wconf 88' lang='lat' dir='ltr'>Lincolniensis</span> <span class='ocrx_word' id='word_1_1408' title='bbox 2004 3642 2161 3681; x_wconf 82' lang='lat' dir='ltr'>Episcopi,</span> <span class='ocrx_word' id='word_1_1409' title='bbox 2185 3649 2219 3670; x_wconf 86' lang='lat' dir='ltr'>ac</span> <span class='ocrx_word' id='word_1_1410' title='bbox 2233 3663 2244 3678; x_wconf 86' lang='lat'>,</span> <span class='ocrx_word' id='word_1_1411' title='bbox 2261 3636 2360 3682; x_wconf 60' lang='lat' dir='ltr'>Flfsths</span> <span class='ocrx_word' id='word_1_1412' title='bbox 2375 3636 2408 3666; x_wconf 65' lang='lat'>3:</span> <span class='ocrx_word' id='word_1_1413' title='bbox 2424 3651 2454 3676; x_wconf 83' lang='grc' dir='ltr'>Ε.</span> <span class='ocrx_word' id='word_1_1414' title='bbox 2480 3658 2505 3685; x_wconf 87' lang='lat'>3.</span> 
     </span>
     <span class='ocr_line' id='line_1_179' title="bbox 1357 3673 2539 3719; baseline -0.005 -8"><span class='ocrx_word' id='word_1_1415' title='bbox 1357 3680 1567 3718; x_wconf 88' lang='lat' dir='ltr'>Consanguinei</span> <span class='ocrx_word' id='word_1_1416' title='bbox 1582 3679 1671 3710; x_wconf 89' lang='lat' dir='ltr'>nostri</span> <span class='ocrx_word' id='word_1_1417' title='bbox 1685 3680 1832 3719; x_wconf 83' lang='lat' dir='ltr'>cariffimi‚</span> <span class='ocrx_word' id='word_1_1418' title='bbox 1849 3681 2002 3712; x_wconf 87' lang='lat' dir='ltr'>Willielmi</span> <span class='ocrx_word' id='word_1_1419' title='bbox 2023 3683 2061 3712; x_wconf 92' lang='lat' dir='ltr'>de</span> <span class='ocrx_word' id='word_1_1420' title='bbox 2072 3679 2176 3711; x_wconf 89' lang='lat' dir='ltr'>Bohun</span> <span class='ocrx_word' id='word_1_1421' title='bbox 2189 3677 2314 3708; x_wconf 83' lang='lat' dir='ltr'>Comitis</span> <span class='ocrx_word' id='word_1_1422' title='bbox 2325 3673 2410 3706; x_wconf 82' lang='lat' dir='ltr'>Nor·</span> <span class='ocrx_word' id='word_1_1423' title='bbox 2422 3687 2539 3715; x_wconf 68' lang='lat' dir='ltr'>Alcman.</span> 
     </span>
     <span class='ocr_line' id='line_1_180' title="bbox 1356 3718 2554 3762; baseline 0.003 -13"><span class='ocrx_word' id='word_1_1424' title='bbox 1356 3718 1547 3757; x_wconf 70' lang='lat' dir='ltr'>hamptoniae,</span> <span class='ocrx_word' id='word_1_1425' title='bbox 1561 3719 1684 3758; x_wconf 73' lang='lat' dir='ltr'>plenarie</span> <span class='ocrx_word' id='word_1_1426' title='bbox 1695 3718 1886 3758; x_wconf 70' lang='lat' dir='ltr'>confidentes,</span> <span class='ocrx_word' id='word_1_1427' title='bbox 2105 3756 2110 3761; x_wconf 32' lang='grc'>1</span> <span class='ocrx_word' id='word_1_1428' title='bbox 2424 3734 2465 3753; x_wconf 90' lang='lat'>12.</span> <span class='ocrx_word' id='word_1_1429' title='bbox 2480 3730 2508 3754; x_wconf 81' lang='lat' dir='ltr'>E.</span> <span class='ocrx_word' id='word_1_1430' title='bbox 2528 3733 2554 3762; x_wconf 81' lang='lat'>3.</span> 
     </span>
     <span class='ocr_line' id='line_1_181' title="bbox 1393 3753 2538 3802; baseline -0.003 -15"><span class='ocrx_word' id='word_1_1431' title='bbox 1393 3756 1440 3787; x_wconf 89' lang='lat' dir='ltr'>Ad</span> <span class='ocrx_word' id='word_1_1432' title='bbox 1459 3757 1657 3788; x_wconf 60' lang='lat' dir='ltr'>Tractandum</span> <span class='ocrx_word' id='word_1_1433' title='bbox 1679 3758 1713 3789; x_wconf 73' lang='grc' dir='ltr'>δε</span> <span class='ocrx_word' id='word_1_1434' title='bbox 1734 3757 1980 3789; x_wconf 87' lang='lat' dir='ltr'>Concordandum</span> <span class='ocrx_word' id='word_1_1435' title='bbox 1992 3780 2003 3795; x_wconf 90' lang='lat'>‚</span> <span class='ocrx_word' id='word_1_1436' title='bbox 2031 3765 2150 3787; x_wconf 85' lang='lat' dir='ltr'>nomine</span> <span class='ocrx_word' id='word_1_1437' title='bbox 2166 3753 2264 3788; x_wconf 87' lang='lat' dir='ltr'>nostro</span> <span class='ocrx_word' id='word_1_1438' title='bbox 2278 3775 2290 3792; x_wconf 89' lang='lat'>,</span> <span class='ocrx_word' id='word_1_1439' title='bbox 2312 3761 2380 3797; x_wconf 76' lang='lat' dir='ltr'>cum</span> <span class='ocrx_word' id='word_1_1440' title='bbox 2395 3775 2405 3790; x_wconf 89' lang='lat'>,</span> <span class='ocrx_word' id='word_1_1441' title='bbox 2421 3771 2444 3802; x_wconf 44' lang='lat' dir='ltr'>p·</span> <span class='ocrx_word' id='word_1_1442' title='bbox 2465 3773 2489 3793; x_wconf 57' lang='grc' dir='ltr'>ι,</span> <span class='ocrx_word' id='word_1_1443' title='bbox 2501 3772 2538 3792; x_wconf 76' lang='lat' dir='ltr'>m,</span> 
     </span>
     <span class='ocr_line' id='line_1_182' title="bbox 1357 3791 2468 3837; baseline -0.005 -11"><span class='ocrx_word' id='word_1_1444' title='bbox 1357 3795 1463 3826; x_wconf 89' lang='lat' dir='ltr'>Nobili</span> <span class='ocrx_word' id='word_1_1445' title='bbox 1486 3797 1518 3827; x_wconf 89' lang='lat'>&amp;</span> <span class='ocrx_word' id='word_1_1446' title='bbox 1538 3795 1662 3827; x_wconf 90' lang='lat' dir='ltr'>Potente</span> <span class='ocrx_word' id='word_1_1447' title='bbox 1681 3795 1755 3827; x_wconf 84' lang='lat' dir='ltr'>Viro</span> <span class='ocrx_word' id='word_1_1448' title='bbox 1767 3819 1778 3835; x_wconf 87' lang='lat'>‚</span> <span class='ocrx_word' id='word_1_1449' title='bbox 1802 3796 1936 3827; x_wconf 83' lang='lat' dir='ltr'>Domino</span> <span class='ocrx_word' id='word_1_1450' title='bbox 1953 3795 2085 3834; x_wconf 87' lang='lat' dir='ltr'>Johanne</span> <span class='ocrx_word' id='word_1_1451' title='bbox 2097 3792 2190 3836; x_wconf 26' lang='lat' dir='ltr'>Duce,</span> <span class='ocrx_word' id='word_1_1452' title='bbox 2205 3791 2359 3822; x_wconf 88' lang='lat' dir='ltr'>Brabantiae</span> <span class='ocrx_word' id='word_1_1453' title='bbox 2372 3791 2406 3821; x_wconf 73' lang='lat' dir='ltr'>&lt;Sc</span> <span class='ocrx_word' id='word_1_1454' title='bbox 2426 3811 2468 3837; x_wconf 85' lang='lat'>¹7-</span> 
     </span>
     <span class='ocr_line' id='line_1_183' title="bbox 1357 3829 2412 3877; baseline -0.005 -13"><span class='ocrx_word' id='word_1_1455' title='bbox 1357 3833 1556 3874; x_wconf 86' lang='lat' dir='ltr'>Loteryngiae‚</span> <span class='ocrx_word' id='word_1_1456' title='bbox 1572 3834 1618 3865; x_wconf 86' lang='lat' dir='ltr'>seu</span> <span class='ocrx_word' id='word_1_1457' title='bbox 1638 3833 1815 3873; x_wconf 84' lang='lat' dir='ltr'>Deputandis</span> <span class='ocrx_word' id='word_1_1458' title='bbox 1836 3835 1872 3865; x_wconf 89' lang='lat' dir='ltr'>ab</span> <span class='ocrx_word' id='word_1_1459' title='bbox 1894 3844 1931 3865; x_wconf 90' lang='lat' dir='ltr'>eo</span> <span class='ocrx_word' id='word_1_1460' title='bbox 1948 3857 1957 3872; x_wconf 88' lang='lat'>,</span> <span class='ocrx_word' id='word_1_1461' title='bbox 1974 3835 2053 3872; x_wconf 82' lang='lat' dir='ltr'>super</span> <span class='ocrx_word' id='word_1_1462' title='bbox 2068 3830 2245 3877; x_wconf 76' lang='lat' dir='ltr'>Sponsahbus</span> <span class='ocrx_word' id='word_1_1463' title='bbox 2258 3831 2291 3861; x_wconf 89' lang='lat'>&amp;</span> <span class='ocrx_word' id='word_1_1464' title='bbox 2308 3829 2412 3860; x_wconf 83' lang='lat' dir='ltr'>Mam-</span> 
     </span>
     <span class='ocr_line' id='line_1_184' title="bbox 1357 3868 2410 3913; baseline -0.003 -12"><span class='ocrx_word' id='word_1_1465' title='bbox 1357 3873 1460 3902; x_wconf 89' lang='lat' dir='ltr'>monio</span> <span class='ocrx_word' id='word_1_1466' title='bbox 1475 3896 1485 3913; x_wconf 81' lang='grc'>,</span> <span class='ocrx_word' id='word_1_1467' title='bbox 1509 3874 1581 3904; x_wconf 90' lang='lat' dir='ltr'>inter</span> <span class='ocrx_word' id='word_1_1468' title='bbox 1595 3897 1605 3911; x_wconf 84' lang='lat'>,</span> <span class='ocrx_word' id='word_1_1469' title='bbox 1624 3872 1852 3913; x_wconf 85' lang='lat' dir='ltr'>Primogenitum</span> <span class='ocrx_word' id='word_1_1470' title='bbox 1872 3872 2005 3903; x_wconf 86' lang='lat' dir='ltr'>nostrum</span> <span class='ocrx_word' id='word_1_1471' title='bbox 2024 3869 2195 3901; x_wconf 87' lang='lat' dir='ltr'>canffimum</span> <span class='ocrx_word' id='word_1_1472' title='bbox 2208 3891 2219 3908; x_wconf 82' lang='grc'>,</span> <span class='ocrx_word' id='word_1_1473' title='bbox 2237 3868 2410 3900; x_wconf 88' lang='lat' dir='ltr'>Edwardum</span> 
     </span>
    </p>
   </div>
   <div class='ocr_carea' id='block_1_29' title="bbox 1356 3905 2411 4016">
    <p class='ocr_par' dir='ltr' id='par_1_53' title="bbox 1356 3905 2411 4016">
     <span class='ocr_line' id='line_1_185' title="bbox 1356 3905 2411 3950; baseline -0.004 -10"><span class='ocrx_word' id='word_1_1474' title='bbox 1356 3908 1474 3941; x_wconf 89' lang='lat' dir='ltr'>Ducem</span> <span class='ocrx_word' id='word_1_1475' title='bbox 1491 3910 1649 3942; x_wconf 84' lang='lat' dir='ltr'>Cornubiae</span> <span class='ocrx_word' id='word_1_1476' title='bbox 1662 3934 1672 3950; x_wconf 88' lang='lat'>‚</span> <span class='ocrx_word' id='word_1_1477' title='bbox 1695 3913 1732 3944; x_wconf 76' lang='grc' dir='ltr'>δε</span> <span class='ocrx_word' id='word_1_1478' title='bbox 1753 3910 1903 3943; x_wconf 86' lang='lat' dir='ltr'>Comitem</span> <span class='ocrx_word' id='word_1_1479' title='bbox 1926 3908 2044 3942; x_wconf 75' lang='lat' dir='ltr'>Cestriae</span> <span class='ocrx_word' id='word_1_1480' title='bbox 2055 3930 2067 3948; x_wconf 84' lang='lat'>‚</span> <span class='ocrx_word' id='word_1_1481' title='bbox 2089 3908 2124 3941; x_wconf 83' lang='lat'>&amp;</span> <span class='ocrx_word' id='word_1_1482' title='bbox 2142 3916 2230 3939; x_wconf 85' lang='lat' dir='ltr'>uuam</span> <span class='ocrx_word' id='word_1_1483' title='bbox 2242 3907 2278 3940; x_wconf 88' lang='lat' dir='ltr'>de</span> <span class='ocrx_word' id='word_1_1484' title='bbox 2291 3905 2411 3938; x_wconf 79' lang='lat' dir='ltr'>Filiabus</span> 
     </span>
     <span class='ocr_line' id='line_1_186' title="bbox 1356 3947 2410 4016; baseline -0.002 -38"><span class='ocrx_word' id='word_1_1485' title='bbox 1356 3947 1428 3981; x_wconf 67' lang='lat' dir='ltr'>dieti</span> <span class='ocrx_word' id='word_1_1486' title='bbox 1440 3948 1532 3982; x_wconf 87' lang='lat' dir='ltr'>Ducis</span> <span class='ocrx_word' id='word_1_1487' title='bbox 1545 3949 1717 3989; x_wconf 59' lang='lat' dir='ltr'>Rabannae,</span> <span class='ocrx_word' id='word_1_1488' title='bbox 1735 3947 1949 3985; x_wconf 84' lang='lat' dir='ltr'>contrahendis,</span> <span class='ocrx_word' id='word_1_1489' title='bbox 2338 3982 2410 4016; x_wconf 64' lang='lat' dir='ltr'>Nee</span> 
     </span>
    </p>
   </div>
  </div>
 </body>
</html>
