2562 4279
53 197 129 229 Αηη.
146 195 187 226 D.

197 126 245 156 10

75 244 157 274 1312.
206 250 209 251 ν

51 276 119 302 Edu.
141 283 164 300 2.

49 483 92 510 An
119 483 147 509 6.

50 524 81 547 Ε.
98 530 124 546 2.

50 561 118 594 Vasc.
139 560 167 585 6.

51 599 82 622 E.
97 606 122 622 2.

50 643 87 661 m.
106 644 146 669 ¹9·

41 1784 61 1802 ⁸
77 1785 131 1811 111.

43 1826 108 1860 33⁶·

41 2801 108 2838 Ihm.

53 3271 116 3298 ibid.

273 296 452 332 Donationes
471 289 591 334 diversa}
607 284 771 320 Bertrando
791 289 886 333 nepoti
903 289 985 334 Papa
996 286 1103 332 falke,-
1126 286 1195 316 viz.

508 382 552 409 De
566 374 656 414 Naffiz
667 375 699 405 de
709 377 809 406 saneto
824 378 960 406 Macario.

206 463 346 527 REX,
364 462 470 494 dilectis
483 461 517 491 ὃς
530 457 656 488 fidelibus
670 457 735 495 suis,
755 457 888 489 Guidoni
897 456 985 496 vFerre
998 456 1032 488 ὅτ.
1046 452 1210 485 willielmo
1217 450 1264 481 In-

286 513 339 543 ge,
356 512 389 532 ac
404 508 504 531 eorum
519 497 614 535 alteri,
631 495 754 526 salutern.

243 542 341 579 Cum,
362 541 460 579 quinto
470 536 587 567 decimo
601 535 646 566 die
662 535 823 573 Februarii,
842 535 976 573 proximo
1010 531 1152 568 raeterito,
1180 568 1185 573 ι
1243 567 1248 573 .

242 579 301 610 Pro
317 588 397 617 grato
411 574 586 607 &laudabili
600 573 730 612 servitio,
749 573 829 612 quod
846 573 965 604 Nobilis
1010 573 1049 609 ir,
1067 571 1100 602 &
1115 568 1199 598 nobis
1220 567 1263 597 di-

201 618 289 649 lec‘ffis
303 620 336 649 &
349 616 449 652 fidelis,
468 613 635 644 Bertrandus
649 612 686 642 de
701 612 847 650 Salviaco,
863 611 973 642 Comes
995 608 1161 647 Campaniae
1183 606 1263 652 (Nes

242 667 254 686 s
273 653 442 686 Sanctiffimi
456 653 487 682 in
509 651 631 683 Christo
653 651 739 682 Patris
754 674 763 690 ,
796 650 919 681 Domini
949 648 1107 680 Clementis
1118 669 1136 690 ,ῃ
1152 645 1261 675 Divma

201 667 385 724 ffiovidentia
420 691 532 722 SanCtae
554 690 699 721 Romanae
717 689 852 721 Ecclefiae
875 688 987 719 Summi
1003 684 1162 719 Pontificis)
1178 684 1261 714 clatae

201 734 349 763 memoriae
358 755 367 769 ,
388 715 522 761 homino
535 728 569 759 E.
586 729 720 760 Genitori
734 728 891 765 nostr0,&
904 727 987 757 nobis
1002 725 1137 756 hasten&
1151 724 1261 761 impen-

199 771 256 807 dit,
275 771 308 801 &
324 769 470 808 impendet
484 770 514 798 in
529 768 674 805 futurum,
1143 801 1148 806 ι

236 808 418 839 Dedissemus
433 808 467 838 ἃ
482 806 708 838 concessissemus
725 804 819 835 eidem
834 803 988 835 Bertrando
1002 801 1124 832 Nassam
1140 799 1215 830 illam
1224 799 1260 829 de

199 847 308 878 Sandio
331 847 460 878 Macario
474 869 484 885 ,
508 855 572 885 quae
593 853 712 875 vocatur
732 845 758 874 le
779 843 933 874 Viscontan
949 865 958 880 ,
985 842 1015 872 in
1036 839 1203 880 Castellania
1223 837 1260 882 de

198 886 307 916 Sancto
329 886 460 916 Macario
475 908 486 923 ,
512 894 581 915 cum
601 885 737 914 omnibus
758 892 823 920 quae
844 882 878 912 ad
901 891 970 919 nos,
988 880 1094 910 ratione
1112 877 1211 908 Nassae
1226 876 1259 906 il-

197 925 268 964 lius,
286 926 314 954 in
330 925 456 962 praesenti
468 924 622 963 pertinent,
640 922 686 952 seu
701 923 731 951 iti
743 920 868 951 futurum
882 927 1014 957 poterunt
1030 918 1184 955 pertinere,
1201 954 1205 960 Ι

236 963 266 993 Η
276 973 322 994 ΑΒ
332 972 378 993 ΕΝ
388 973 435 993 DA
457 971 504 993 ΕΤ
521 970 543 991 τ
554 971 571 991 E
584 969 605 990 N
618 970 635 991 E
647 969 669 990 N
679 969 699 990 D
709 970 728 989 A
746 959 839 990 eidem
854 957 1022 994 Bertrando‚
1040 957 1073 987 &
1089 953 1260 985 Haeredibus

197 1001 263 1040 suis,
282 1002 316 1032 de
338 1011 458 1039 corpore
478 1000 527 1030 suo
548 1000 555 1029 l
594 1000 672 1029 itinie
687 999 853 1036 procreatis,
867 996 912 1027 seu
925 993 1119 1036 procreandis:
1140 1003 1173 1024 ac
1186 992 1259 1023 Hae-

198 1041 326 1078 redibus,
343 1040 378 1071 de
392 1039 570 1077 Corporibus
603 1036 742 1076 ujusmodi
757 1035 916 1067 Haeredum
928 1034 1044 1066 suorum
1057 1032 1180 1072 legitime
1193 1041 1258 1071 pro-

197 1080 341 1117 creandis,
359 1080 395 1109 de
409 1079 508 1116 nobis,
525 1078 558 1108 δε
571 1076 742 1107 Haeredibus
757 1074 873 1112 nostris3

239 1117 400 1148 Reddendo
422 1116 487 1147 inde
507 1116 589 1146 nobis
623 1115 656 1145 &
678 1113 849 1144 Haeredibus
869 1111 968 1142 nostris
987 1120 1073 1141 unam
1088 1110 1211 1140 lanceam
1223 1109 1256 1140 ad

199 1156 338 1195 sporlaiii,
357 1157 386 1186 in
409 1155 564 1185 mutatione
586 1138 729 1190 lffiorriini,
748 1152 798 1182 ubi
817 1151 914 1191 sporlae
934 1150 971 1180 de
991 1149 1089 1180 Vasata
1109 1147 1195 1186 fiunt,
1213 1148 1258 1178 vel

199 1196 248 1225 ubi
267 1195 345 1224 idem
364 1193 545 1230 Bertrandus,
560 1192 593 1223 &
615 1191 750 1222 Haeredes
769 1191 807 1220 sui
821 1189 966 1228 praedic‘ti,
984 1188 1029 1219 vel
1041 1197 1141 1218 eorum
1155 1186 1259 1216 Haere-

198 1233 247 1263 des
262 1233 409 1271 pi-aenotati
423 1232 500 1270 super
513 1232 572 1262 hoc
587 1230 689 1261 fuerint
704 1229 841 1268 requisiti,
858 1228 903 1259 seu
916 1226 1188 1266 etiam—praemuniti,
1207 1235 1258 1262 pro

197 1274 281 1302 omni
302 1272 413 1302 servitio
428 1295 437 1309 ,
456 1270 657 1301 consuetudine
671 1291 681 1308 ,
696 1269 729 1300 &
749 1267 885 1298 demanda
897 1289 908 1305 ,
926 1266 960 1297 ad
983 1275 1052 1304 nos,
1070 1265 1103 1298 S<
1122 1263 1259 1295 Haeredes

197 1310 308 1341 nostros
322 1310 388 1341 inde
403 1310 561 1350 peitinente
582 1318 588 1337 :

236 1349 273 1380 Et
290 1360 359 1388 nos,
377 1350 410 1379 &
429 1347 567 1378 Haeredes
587 1346 676 1377 nostri
737 1345 868 1375 rtabimus
890 1343 1003 1384 plenam
1022 1343 1055 1374 δε
1069 1340 1182 1372 firmam
1197 1340 1258 1372 Ga-

193 1389 310 1418 rantiam
327 1388 445 1427 praefato
460 1385 629 1423 Bertrando,
646 1385 680 1415 &
728 1383 863 1414 aeredibus
874 1382 926 1412 suis
939 1381 1093 1422 praedicitis,
1110 1390 1143 1411 ac
1157 1390 1257 1412 eorum

195 1425 353 1456 Haeredum
376 1425 545 1456 Haeredibus
559 1424 734 1462 menorans,
754 1422 790 1452 de
803 1421 939 1461 praedieta
954 1420 1043 1451 Nassa
1053 1443 1062 1457 ,
1080 1420 1113 1450 &
1129 1420 1180 1450 suis
1196 1430 1258 1457 per-

195 1466 317 1495 tinentiis
336 1464 509 1504 supradidiiS,
526 1462 559 1492 &
581 1463 618 1492 eis
638 1461 758 1491 Nassam
770 1461 866 1499 illam,
883 1469 951 1490 cum
965 1459 1068 1491 eisdem
1104 1459 1258 1490 ertinentiis

196 1503 264 1541 suis,
281 1512 311 1533 ut
330 1503 439 1533 donum
453 1501 582 1532 nostrum
596 1500 728 1538 speciale,
746 1499 1009 1535 manutenebimus,
1025 1498 1059 1528 ὅ(
1095 1497 1258 1529 efeiidemus

195 1551 295 1572 contra
314 1551 417 1572 omnes
429 1541 557 1570 homines
570 1541 603 1570 ὃς
619 1539 767 1577 foeminas,
786 1537 932 1577 praesentes
944 1537 977 1567 &
989 1538 1108 1574 futuras,
1126 1544 1211 1576 prout
1227 1537 1256 1567 in

195 1580 308 1611 Litteris
329 1580 445 1618 nostris,
463 1579 555 1610 eidem
578 1577 731 1609 Bertrando
751 1577 818 1607 inde
831 1575 987 1615 confectis,
1006 1575 1114 1614 plenius
1128 1576 1259 1606 contine-

191 1627 245 1650 tur.

234 1658 298 1692 Ac,
312 1657 378 1688 licet
398 1657 501 1698 pluries
519 1656 743 1686 mandaverimus
758 1668 844 1678 ——-
856 1652 1015 1684 Senescallo
1036 1652 1136 1683 nostro
1155 1652 1259 1683 Vasco-

195 1697 268 1736 niae,
286 1697 319 1727 &
339 1695 556 1726 Constabulario
571 1694 669 1725 nostro
684 1693 870 1732 Burdegaliae,
889 1692 1070 1730 conjund'tim
1085 1692 1119 1722 ὃ(
1132 1691 1260 1730 divisim,

195 1736 275 1774 quod
294 1735 411 1773 praefato
428 1733 592 1771 Bertrando,
609 1733 655 1764 vel
669 1734 724 1771 ejus
741 1732 893 1762 Attornato
908 1732 938 1760 in
953 1730 1004 1760 hac
1017 1739 1109 1770 parte,
1135 1729 1257 1760 Naffam

195 1775 214 1794 ³*
230 1775 324 1812 illam,
340 1783 409 1804 cum
430 1773 480 1803 suis
499 1773 669 1811 pertinentiis
690 1770 850 1812 praediffis,
868 1770 923 1800 sine
936 1768 1071 1800 dilatione
1083 1769 1172 1809 aliqua
1186 1768 1257 1799 libe—

192 1814 245 1844 rari
261 1813 398 1850 facerent,
417 1811 543 1843 habenda
557 1812 584 1840 in
598 1810 692 1840 forma
706 1809 857 1850 praedffia,

229 1851 318 1881 Iidem
340 1859 432 1881 tamen
453 1849 639 1887 Senescallus,
665 1849 698 1878 &
720 1846 969 1886 Constabuiarius,
985 1854 1032 1877 aut
1050 1855 1149 1876 eorum
1172 1845 1257 1883 alter,

190 1890 313 1921 seisinam
328 1889 363 1920 de
376 1889 466 1919 Nassa
478 1887 628 1926 praedifita,
645 1896 714 1917 cum
727 1887 899 1924 pertinentiis
913 1885 978 1924 suis,
997 1885 1115 1923 praefato
1130 1884 1258 1914 Bertran-

188 1929 229 1959 do
250 1928 381 1959 nondum
400 1928 565 1962 liberarunt,
584 1936 637 1956 nec
653 1925 728 1955 idem
744 1924 909 1955 Bertrandus
918 1923 1123 1968 possessionem
1137 1921 1204 1953 inde
1215 1922 1257 1953 est

187 1966 408 2006 quomodolibet
419 1965 572 2000 assecutus;
594 1964 669 1995 unde
683 1963 838 2001 plurimum
850 1962 1020 1993 admiramur
1035 1972 1041 1991 :

229 2005 364 2035 Volentes
380 2005 464 2043 igitur
479 2003 663 2033 donationem
679 2001 805 2032 nostram
817 2000 999 2038 praedietam,
1017 2000 1092 2037 juxta
1104 1999 1256 2029 continen-

191 2045 259 2075 tiam
279 2042 398 2081 ejusdem
421 2043 449 2072 in
466 2041 600 2071 omnibus
614 2039 772 2077 observari,
790 2039 939 2076 volumus,
957 2039 991 2070 &
1006 2038 1105 2075 vobis,
1123 2038 1157 2067 &
1172 2038 1256 2068 cuili-

191 2083 240 2113 bet
260 2080 390 2113 vestrum
411 2082 442 2111 in
461 2080 597 2118 solidum,
622 2079 793 2118 injungimus
812 2077 846 2107 &
865 2075 1046 2114 mandamus,
1062 2076 1192 2115 quatinus
1209 2075 1255 2106 di-

189 2122 271 2152 Ctum
293 2119 495 2156 Bertrandum,
518 2118 563 2149 seu
585 2119 641 2157 ejus
664 2116 904 2153 Procuratorem,
923 2115 969 2146 vel
991 2114 1192 2152 Attornatum,
1212 2114 1254 2151 ip-

188 2161 240 2191 sius
257 2157 398 2189 Bertrandi
421 2158 555 2194 nomine,
574 2158 603 2186 in
624 2156 735 2195 plenam
749 2155 781 2185 &
797 2153 976 2192 corporalem
992 2151 1191 2191 possessionem
1206 2152 1253 2183 di-

186 2199 244 2229 c‘tae
261 2197 378 2234 Naffie,
396 2206 466 2226 cum
487 2195 537 2226 suis
556 2194 732 2234 pertinentiis
745 2192 920 2230 supradietis,
936 2193 1012 2229 iuxta
1024 2192 1149 2222 formam
1160 2190 1252 2222 dona-

187 2235 271 2267 tionis
286 2234 392 2265 nostrae
412 2233 573 2269 supradictae
591 2232 768 2269 habendam,
784 2231 849 2262 visis
868 2231 1062 2268 praesentibus,
1080 2230 1182 2268 absque
1205 2230 1255 2261 ali-

189 2276 268 2310 cuius
280 2273 415 2303 dilationis
428 2271 569 2310 diffugio,
585 2269 737 2306 inducatis3

225 2313 264 2343 Et
286 2312 350 2347 sibi,
365 2311 409 2340 vel
427 2309 622 2347 Procuratori,
641 2316 687 2338 aut
708 2307 861 2337 Attornato
883 2305 1038 2344 praedicto,
1060 2305 1139 2345 ipsius
1159 2307 1256 2336 nomi-

187 2361 243 2391 ne,
259 2350 295 2381 de
314 2349 483 2386 redditibus,
499 2348 533 2378 &
553 2347 610 2378 aliis
628 2345 828 2383 proventibus,
846 2345 880 2375 &
901 2346 1021 2374 exitibus
1036 2344 1122 2375 dic‘tae
1134 2343 1254 2383 Nassete,

189 2393 224 2422 &
245 2389 353 2420 suarum
372 2387 606 2417 pertinentiarum
627 2384 839 2422 praedictarum,
855 2393 870 2413 a
883 2383 1021 2421 praedic'to
1034 2382 1254 2421 quintodecimo

190 2429 236 2459 die
255 2427 394 2458 Februarii
417 2424 579 2466 responderi
598 2423 722 2464 plenarie
746 2422 779 2452 &
799 2422 906 2459 integre
930 2422 1060 2460 faciatis,
1093 2421 1257 2452 mandantes

191 2467 326 2497 omnibus
344 2464 457 2495 subditis
477 2463 578 2494 nostris
592 2471 625 2492 ut
640 2463 736 2499 vobis,
754 2461 787 2491 &
802 2459 928 2490 vestrum
941 2460 1072 2499 cuilibet,
1090 2461 1119 2491 in
1132 2461 1259 2500 praemis-

261 2506 295 2536 δε
311 2502 451 2573 ρτεεῐηίὂίέῖι
467 2502 659 2542 tangentibus,
677 2507 789 2539 pareant
803 2498 836 2530 δε
852 2498 1004 2531 intendant.

248 2554 267 2574 n
283 2552 380 2582 quuS,
434 2551 459 2572 ο.

192 2507 247 2576 sisi

235 2619 303 2653 Dat.
320 2619 393 2660 apud
413 2618 590 2657 Londonias,
605 2615 746 2649 tricesimo
760 2614 806 2646 die
816 2614 894 2655 julii.

889 2655 943 2684 Per
955 2652 1036 2693 ipficm
1051 2655 1153 2692 Regem.

438 2738 482 2765 De
497 2733 606 2765 Decimii
622 2736 651 2764 in
667 2730 801 2764 Parochid
817 2731 849 2761 de
863 2729 1016 2761 Mailhans.

270 2811 335 2843 EX
355 2810 473 2849 eisdem,
491 2811 536 2842 vel
556 2820 656 2841 eorum
670 2809 765 2847 alteri,
783 2808 904 2839 salutem.

317 2850 396 2881 Cum
437 2849 635 2881 uintodecirno
653 2849 698 2879 die
710 2848 865 2885 Februarii,
883 2848 945 2878 διο.
960 2845 1128 2876 dedissemus
1141 2845 1175 2876 δε
1188 2855 1261 2877 οοη-

197 2890 367 2922 cessissemus
390 2890 415 2919 ei
436 2899 482 2919 em
501 2887 655 2918 Bertrando
677 2887 837 2925 decimam,
862 2895 926 2924 quae
948 2884 990 2915 est
1016 2886 1044 2914 in
1066 2883 1204 2915 Parochia
1224 2885 1261 2915 de

195 2929 355 2966 Mailhans,
375 2937 443 2958 curn
462 2928 596 2957 omnibus
615 2935 679 2963 quae
694 2925 729 2955 ad
743 2934 810 2962 nOS,
830 2926 938 2955 ratione
951 2923 1071 2954 decimae
1089 2923 1175 2961 illius,
1191 2931 1260 2954 tunc

195 2969 402 3007 pertinuerunt,
420 2966 464 2996 seu
484 2966 513 2995 in
532 2965 659 2996 futurum
673 2971 824 3002 poterunt,
839 2961 901 2999 &a
915 2969 946 2992 ut
953 2961 1055 3001 fiaepra,
1073 2965 1188 2992 mutatis
1201 2973 1261 2992 mu-

196 3007 289 3038 tandis
303 3005 392 3046 quoad
403 3005 539 3034 decimam.

237 3083 304 3115 Dat.
321 3091 351 3114 ut
363 3081 450 3122 supra.

850 3117 904 3146 Per
922 3114 1005 3156 ipfimo
1024 3117 1130 3154 Regem.

557 3198 601 3225 De
615 3193 707 3235 Castro
721 3193 752 3223 de
766 3195 906 3224 La-Dos.

274 3273 337 3305 EX
357 3272 477 3311 eisdem,
496 3272 540 3303 vel
563 3283 663 3304 eorum
676 3271 770 3308 alteri,
786 3268 909 3301 salutem.

323 3312 422 3350 Cum,
437 3311 653 3350 quintodecimo
667 3310 711 3340 die
726 3309 951 3347 Februarii,&c.
964 3306 1132 3338 dedissemus
1147 3307 1180 3339 &
1195 3317 1268 3338 con-

201 3351 372 3383 cessissemus
394 3350 485 3381 eidem
506 3349 661 3381 Bertrando
681 3347 816 3378 Castrum
835 3347 871 3377 de
892 3346 1031 3384 Lai-Dos,
1046 3356 1113 3376 cum
1134 3348 1268 3377 omnibus

203 3390 375 3428 pertinentiis
395 3389 446 3420 suis
457 3413 467 3427 ‚
484 3388 564 3418 simul
583 3398 652 3419 cum
666 3387 844 3424 hominibus,
862 3385 1040 3423 quaestalibus
1053 3386 1085 3415 ὃς
1099 3384 1268 3424 feudalibus,

206 3429 294 3459 vineis
308 3453 317 3466 ‚
336 3429 429 3466 tertis,
449 3427 635 3465 molendinis,
655 3426 806 3464 moliatiis,
822 3425 917 3463 pratis,
935 3425 1029 3461 aquis,
1047 3423 1179 3461 pasturis,
1194 3433 1268 3463 pon-

206 3466 299 3505 tibus,
324 3468 449 3505 vivariis,
470 3467 576 3504 bosco,
600 3465 649 3505 qui
670 3472 789 3495 vocatur
811 3463 836 3493 le
857 3462 1003 3498 Bernette,
1028 3462 1061 3493 δε
1083 3462 1140 3492 aliis
1160 3462 1268 3501 boscis,

208 3504 314 3535 brueris
327 3528 337 3543 ,
354 3506 404 3534 viis
420 3528 430 3544 ,
448 3505 567 3542 semitis,
584 3504 676 3535 libetis
696 3501 856 3532 introitibus
877 3502 911 3532 ὃς
934 3501 1066 3538 exitibus,
1084 3501 1117 3531 ὃς
1136 3502 1269 3531 omnibus

211 3542 286 3580 aliis,
306 3553 369 3581 quae
389 3544 417 3573 in
438 3543 579 3574 Parochiis
598 3542 634 3573 de
648 3541 784 3579 La-Dos,
801 3541 834 3571 ὃς
849 3538 908 3569 aliis
918 3538 1061 3569 Parocliiis
1075 3549 1109 3570 ac
1124 3538 1194 3569 locis
1208 3540 1271 3577 qui-

213 3580 395 3619 buscunque,
411 3582 517 3612 ratione
531 3580 627 3612 Castri
645 3579 787 3619 praediffi,
804 3578 838 3608 ad
853 3588 904 3608 nos
917 3585 985 3608 tunc
1000 3578 1210 3617 pertinuerunt,
1226 3578 1272 3608 seu

215 3620 353 3659 pertinere
367 3619 519 3656 possentin
534 3620 677 3657 Futurum,
714 3618 921 3648 HABENDA
941 3624 991 3646 ετ
1010 3624 1214 3646 τΕΝΕΝῡΑ
1234 3618 1274 3646 ei-

216 3658 285 3687 dem
304 3656 454 3687 Bertrando
475 3659 507 3688 ὃς
529 3657 698 3689 Haeredibus
719 3657 783 3694 suis,
802 3655 838 3686 de
857 3665 978 3695 corpore
997 3655 1045 3685 suo
1067 3655 1193 3691 legitime
1208 3664 1275 3694 pro-

217 3696 332 3732 creatis,
349 3695 394 3724 seu
410 3696 602 3732 procreandis:
639 3706 671 3726 ac
683 3695 867 3732 Haeredibus‚
886 3694 923 3725 de
938 3694 1102 3732 corporibus
1116 3693 1276 3732 hujusmodi

218 3733 361 3764 haeredum
375 3733 486 3763 suorum
501 3734 625 3772 legitime
637 3734 831 3771 procreandis;

685 96 1484 148 CONVENTIONES‚

1544 95 1939 145 LITERAE,

2384 172 2513 210 Ami).

2410 222 2493 251 1312.

1647 223 1693 252 De
1714 219 1806 263 Castro
1820 220 1852 251 de
1871 219 2017 251 Tantalon.
2382 253 2442 280 Ἐάν
2470 265 2484 282 2

1373 296 1397 328 E
1407 297 1437 329 X
1457 297 1579 337 eisdem,
1595 298 1641 329 vel
1656 308 1759 330 eorum
1772 298 1864 336 alteri,
1881 297 2004 329 salutem.

1319 375 1324 379 η
1422 336 1503 368 Cum
1523 337 1739 376 quintodecimo
1756 337 1803 368 die
1836 337 1896 367 &c.
1912 336 2079 368 dedissemus
2090 336 2124 368 &
2138 335 2366 369 concessissemus
2380 327 2443 357 ΜΗ·

1300 374 1394 418 eidem
1416 375 1570 407 Bertrando
1586 376 1727 410 ⁴Castrum
1739 376 1774 407 de
1789 360 1948 414 fannion,
1962 385 2031 406 cum
2044 376 2178 406 omnibus
2191 377 2365 416 pertinentiis

1300 411 1367 456 suis,
1382 413 1463 444 simul
1484 424 1551 445 cum
1566 414 1747 454 hominibus,
1764 413 1943 453 quaestalibus
1954 415 1988 445 &
2000 414 2169 452 feudalibus,
2185 415 2289 454 vineis,
2307 424 2363 446 ter-

1304 460 1355 494 ris,
1382 452 1566 491 molendinis,
1584 454 1733 492 moliariis,
1751 453 1850 491 pratis,
1866 453 1960 491 aquis,
1975 452 2106 492 pasturis,
2124 453 2265 491 fontibus,
2283 455 2363 485 viva-

1300 499 1361 528 riis,
1388 490 1493 531 boscis,
1516 492 1648 530 brueriis,
1667 493 1732 530 viis,
1750 491 1868 529 semitis,
1886 490 1979 521 liberis
1998 491 2155 522 introitibus
2176 492 2210 523 &
2229 492 2364 533 exitibus,

1300 527 1335 558 δε
1347 530 1483 560 omnibus
1496 530 1571 569 aliis,
1586 540 1649 570 quae
1663 531 1692 560 in
1703 529 1839 560 Parochia
1854 528 1890 559 de
1904 529 2064 568 Tantalon,
2081 531 2115 562 δε
2129 531 2185 561 aliis
2201 529 2363 569 Parochiis,

1299 576 1332 596 ac
1354 567 1423 597 locis
1443 569 1671 608 quibuscunque,
1689 569 1797 599 ratione
1813 566 1908 598 Castri
1920 567 2066 607 praedie‘ti,
2081 568 2116 599 ad
2130 579 2183 600 nos
2195 578 2264 601 tunc
2278 571 2364 608 perti-

1298 614 1436 643 nuerunt,
1453 606 1498 637 seu
1513 608 1650 645 pertinere
1663 606 1773 645 possent
1786 607 1817 636 in
1832 606 1958 636 futurum
1974 616 1980 635 :

1334 642 1546 689 HA'BENDA
1567 653 1618 675 ET
1635 653 1718 676 TEN
1730 653 1837 676 ENDA
1860 644 1954 676 eidem
1974 644 2144 684 Bertrando,
2161 644 2222 682 &a
2240 646 2363 686 utficpra

1297 688 1413 711 mutatis
1425 684 1578 723 mutandis,
1595 685 1687 724 quoad
1696 683 1828 724 Castrum.

1335 756 1403 788 Dat.
1420 767 1452 790 ut
1465 758 1556 797 supra.

1936 840 1991 868 Per
2003 837 2084 878 ipficm
2098 840 2202 877 Regem.

1644 924 1691 952 De
1710 921 1891 964 Praepqfiturd
1907 923 2012 963 Vastati.

1294 996 1378 1052 RE
1388 996 1435 1037 X,
1453 997 1560 1068 saileffls
1575 998 1608 1030 &
1622 998 1749 1030 fidelibus
1759 999 1828 1038 suis,
1842 999 1975 1031 Guidoni
1991 1000 2074 1031 Ferre
2087 1001 2120 1032 ὃς
2134 999 2298 1032 Willielmo
2312 1000 2360 1031 In—

1384 1046 1438 1076 ge,
1491 1044 1575 1068 utem.

1331 1073 1521 1119 Cum-nuper
1540 1075 1788 1115 commisissemus,
1806 1076 1914 1107 dileeto
1933 1076 1966 1108 &
1981 1076 2057 1107 fideli
2070 1076 2170 1107 nostro
2204 1077 2356 1109 Bertrando

1293 1113 1329 1144 de
1349 1114 1497 1159 Salviaco,¹
1515 1114 1534 1134 '¹¹‘
1549 1114 1662 1159 Coi-niti
1683 1115 1864 1161 Campaniaz,
1885 1114 2101 1156 Praeposituram
2122 1100 2212 1147 Vasiiti
2226 1117 2259 1148 δε
2274 1116 2358 1148 Vasa-
2374 1131 2393 1151 *a
2407 1133 2451 1159 111

1294 1161 1350 1190 tes,
1365 1152 1415 1183 sub
1430 1162 1512 1185 certis
1526 1153 1617 1184 modis
1627 1154 1661 1185 &
1675 1154 1889 1185 conditionibus
1903 1154 2077 1193 habendam;
2456 1155 2464 1160 '

1316 1191 1377 1239 Ac
1389 1193 1448 1230 jam
1468 1192 1683 1223 intellexerimus
1695 1192 1775 1231 quod
1786 1192 1863 1224 idem
1878 1193 2044 1224 Bertrandus
2057 1204 2073 1224 a
2087 1192 2273 1232 Praepofitura
2287 1204 2358 1233 prae-
2376 1179 2441 1208 337'

1293 1228 1369 1274 dicta
1388 1239 1498 1262 amotus
1511 1230 1567 1269 est,
1585 1231 1642 1263 fine
1653 1231 1786 1263 mandato
1798 1231 1917 1271 nostro,
1936 1232 1972 1264 de
1985 1242 2044 1272 quo
2053 1232 2297 1272 quamplurimum
2311 1233 2362 1264 ad-

1294 1278 1430 1299 miramur
1444 1282 1454 1309 ·,

1330 1307 1422 1338 Vobis
1443 1310 1610 1341 mandamus
1631 1308 1727 1348 quod,
1745 1308 1764 1340 fi
1787 1309 1866 1339 vobis
1886 1309 2042 1340 constiterit
2064 1308 2212 1348 praefatum
2233 1308 2363 1340 Bertran-

1294 1344 1365 1389 dum
1379 1357 1394 1390 a
1407 1346 1509 1379 Balliva
1524 1348 1658 1387 praediCta
1671 1355 1801 1378 amotum
1815 1347 1909 1385 fuisse,
1924 1357 1994 1379 tunc
2007 1358 2078 1387 vos,
2091 1348 2135 1379 vel
2149 1348 2216 1379 alter
2231 1347 2362 1379 vestrum

1295 1394 1323 1414 in
1339 1384 1477 1453 sqlidum,
1496 1388 1615 1455 cstaindern
1630 1385 1845 1425 Praepofituram
1860 1387 1978 1425 praefato
1992 1386 2164 1426 Bertrand0‚
2182 1387 2240 1418 sine
2253 1386 2364 1417 dilatio·

1294 1433 1356 1453 nea
1368 1433 1447 1463 iqua,
1466 1434 1495 1454 re
1530 1434 1625 1463 tuam,

1331 1462 1362 1492 T
1372 1471 1389 1492 E
1400 1471 1424 1492 N
1435 1473 1453 1494 E
1462 1472 1484 1494 N
1493 1473 1514 1494 D
1523 1474 1542 1495 A
1552 1473 1578 1495 Μ
1588 1488 1598 1503 ,
1615 1463 1719 1494 eisdem
1739 1461 1831 1493 modis
1850 1462 1885 1495 ὃς
1906 1463 2137 1502 conditionibus,
2156 1464 2258 1503 quibus
2280 1463 2360 1494 idem

1294 1498 1458 1532 Bertrandus
1471 1512 1534 1534 eam
1547 1503 1635 1534 tenuit
1647 1511 1711 1533 ante
1723 1508 1834 1539 tempus
1848 1503 2001 1532 amotionis
2014 1503 2179 1540 supradictae
2196 1513 2202 1533 :

1328 1538 1471 1571 Nolentec
1490 1541 1568 1580 quod
1583 1541 1660 1572 idern
1673 1540 1840 1571 Bertrandus
1854 1552 1870 1572 a
1885 1540 2068 1581 Praeposituta
2081 1541 2218 1581 praedicta
2231 1550 2366 1573 amovea-

1293 1585 1354 1616 tur,
1371 1579 1429 1609 sine
1444 1581 1576 1612 mandato
1590 1578 1689 1612 nostro
1703 1578 1821 1618 speciali.

1329 1616 1363 1647 In
1378 1619 1472 1657 cujus,
1490 1619 1551 1649 &c.

2375 1024 2440 1052 ibid.

1331 1692 1401 1725 Dat.
1416 1693 1553 1727 London.
1569 1694 1712 1727 tricesimo
1732 1695 1828 1734 primo
1843 1694 1889 1727 die
1896 1694 1974 1735 Julii.

1933 1774 1987 1802 Per
2002 1770 2084 1812 ipsitm
2101 1773 2206 1810 Regem.

1293 1914 1478 1960 Prohibin'o,
1503 1929 1538 1950 ne
1565 1918 1647 1950 Bona
1662 1916 1924 1962 Templariorum‚
1944 1920 2092 1960 praetextu
2109 1913 2199 1946 Bullae
2221 1915 2364 1961 aepulis,

1582 1968 1742 2012 capiantur
1758 1975 1814 2012 per
1832 1962 2065 2010 Hospitalarios.

1362 2056 1428 2088 EX
1437 2080 1447 2096 ‚
1462 2057 1569 2089 dileeto
1589 2056 1641 2088 sibi
1654 2058 1683 2087 in
1697 2056 1814 2088 Christo
1925 2056 2020 2086 Priori
2031 2054 2186 2094 Hospitalis
2199 2053 2298 2086 Sansti
2309 2053 2364 2093 Jo-
2380 2054 2457 2087 Ann.
2472 2055 2513 2089 D.

1373 2095 1470 2127 hannis
1479 2095 1706 2135 Jerosolytnicani
1721 2096 1751 2125 in
1766 2095 1884 2132 Anglia,
1903 2094 2027 2125 salutern.
2407 2104 2492 2135 1312.

1326 2132 1445 2165 Rumor
1456 2157 1467 2174 ,
1494 2133 1597 2165 nostris
1614 2133 1733 2164 sensibus
1751 2131 1930 2163 admirandus
1941 2154 1952 2170 ,
1983 2132 2094 2162 auribus
2114 2130 2216 2161 nostris
2235 2131 2361 2163 innotuit
2378 2138 2432 2162 An.
2448 2136 2476 2163 6.

1290 2170 1343 2203 hiis
1363 2172 1482 2211 diebus,
1497 2172 1646 2210 videlicet,
1664 2171 1741 2209 quod
1754 2178 1841 2201 certae
1854 2171 1995 2209 personae,
2014 2169 2052 2199 de
2066 2169 2178 2204 Regno
2190 2169 2307 2207 nostro,
2324 2170 2360 2200 ad
2379 2177 2410 2200 Ε.
2427 2182 2454 2201 2.

1290 2210 1484 2251 assignandum
1505 2212 1588 2242 vobis
1608 2210 1704 2239 omnia
1719 2210 1795 2239 bona
1809 2208 2058 2244 Templariorum,
2076 2206 2193 2236 mobilia
2205 2207 2238 2236 &
2253 2207 2362 2237 immo·
2379 2211 2470 2249 Claus.
2483 2213 2511 2239 6.

1291 2249 1375 2288 bilia,
1392 2250 1464 2280 infra
1481 2249 1560 2279 idem
1583 2248 1721 2286 Regnum
1742 2245 1938 2283 consistentia,
1953 2246 2015 2284 jam
2033 2245 2096 2275 sunt
2117 2243 2290 2275 Executores
2332 2256 2360 2276 er
2379 2253 2410 2276 Ε.
2426 2262 2452 2277 2..

1290 2286 1390 2318 litteras
1410 2287 1587 2327 Apostolicas
1610 2285 1746 2323 deputati:
1767 2285 1902 2324 quodque
1924 2293 1976 2315 vos
1995 2293 2062 2321 erga
2085 2282 2258 2314 Executores
2272 2285 2302 2321 ip
2313 2294 2364 2323 os,
2379 2297 2416 2315 m.
2431 2296 2467 2323 29

1290 2335 1345 2363 pro
1366 2326 1533 2356 executione
1547 2326 1702 2355 litterarum
1722 2323 1938 2363 praedistarum,
1956 2321 1990 2354 ad
2011 2331 2082 2364 opus
2101 2319 2245 2361 vestrum,
2264 2323 2364 2355 celeti-

1291 2372 1333 2395 ter
1348 2363 1491 2402 facienda,
1509 2363 1627 2394 insistitis
1638 2362 1795 2402 diligenter.

1332 2401 1386 2442 Et,
1404 2404 1470 2440 quia
1489 2403 1621 2434 executio
1641 2401 1706 2439 illa,
1725 2400 1745 2431 fi
1766 2400 1860 2439 fieret,
1877 2401 1908 2431 in
1921 2398 2068 2438 nostrum,
2083 2398 2118 2429 &
2131 2397 2287 2438 Dignitatis
2299 2399 2364 2430 Co-

1293 2449 1375 2471 ronae
1394 2441 1502 2472 nostrae
1522 2441 1624 2481 Regiae
1641 2439 1835 2480 praejudicium
1858 2439 1969 2470 cederet
1986 2436 2136 2469 manifeste
2150 2462 2160 2475 ,
2186 2438 2288 2477 vobis,
2313 2439 2364 2470 sub

1326 2480 1371 2510 avi
1388 2479 1559 2511 forisfadtura
1579 2478 1690 2516 nostra,
1705 2477 1821 2508 firmiter
1843 2478 2018 2516 inhibemus,
2034 2487 2070 2509 ne
2085 2477 2238 2516 quicquam
2251 2478 2366 2509 ulterius

1305 2528 1373 2558 uper
1391 2520 1507 2558 negotio
1528 2525 1705 2555 memorato,
1721 2517 1796 2547 clim
1816 2516 1860 2547 vel
1881 2517 1986 2555 palam,
2002 2526 2053 2554 per
2071 2525 2140 2553 vos,
2159 2514 2205 2545 vel
2219 2525 2268 2553 per
2283 2516 2368 2556 alios,

1297 2565 1346 2588 aut
1362 2556 1465 2597 alium,
1481 2566 1648 2596 procurare,
1666 2556 1773 2592 facere,
1788 2555 1833 2585 vel
1845 2563 2023 2593 attemptare,
2041 2555 2109 2585 citra
2123 2554 2286 2594 proximum
2300 2554 2368 2587 Par-

1295 2594 1461 2627 liamentum
1475 2596 1622 2635 nostrum,
1639 2594 1857 2634 quomodolibet
1871 2593 2050 2632 praesumatis-

1334 2671 1426 2704 Teste
1439 2672 1522 2713 Rege
1532 2672 1606 2711 apud
1622 2670 1804 2711 Londonias,
1822 2671 1919 2711 primo
1931 2668 1977 2701 die
1991 2667 2122 2710 Augusti.

1297 2817 1347 2850 De
1372 2814 1508 2849 truttam
1519 2813 1612 2861 fhper
1626 2813 1880 2848 ordinationibus
1895 2812 2077 2860 corrigendis
2100 2811 2251 2852 habendo;
2271 2816 2308 2853 ᾤ’
2329 2812 2368 2848 de

1525 2875 1583 2896 non
1603 2862 1746 2897 veniendo
1773 2875 1844 2897 cum
1870 2866 1953 2909 equis
1969 2865 2006 2901 ὄσ·
2023 2866 2131 2898 armis.

1296 2956 1423 3014 REX
1439 2956 1546 2988 dile&o
1557 2956 1591 2989 &
1601 2955 1677 2987 fideli
1690 2956 1757 2995 suo,
1771 2954 1897 2994 Johanni
1911 2955 1948 2986 de
1962 2954 2101 2986 Banstede
2133 2954 2255 2985 salutem.
2380 2962 2456 2994 Am,
2472 2962 2507 2995 D

1395 2996 1475 3027 Cum
1495 2996 1626 3034 quaedam
1646 2995 1849 3026 Ordinationes
1865 3004 1914 3032 per
1931 2993 2078 3032 Praelatos,
2096 2978 2247 3032 Comites,
2262 2992 2297 3023 &
2309 2992 2363 3024 Ba·
2399 3011 2411 3032 1
2441 3011 2475 3032 12
2507 2989 2515 2995 ⁰

1296 3044 1379 3067 rones
1398 3035 1494 3074 Regni
1516 3034 1624 3072 nostri,
1646 3034 1682 3065 ad
1703 3034 1733 3064 id
1752 3033 1874 3071 eleetos,
1893 3042 1982 3071 nuper
1999 3032 2082 3075 faetae
2103 3030 2231 3070 fuissent,
2256 3032 2290 3062 &
2312 3042 2363 3070 per
2379 3012 2432 3069 An3.
2449 3026 2485 3070 ⁶]

1296 3082 1368 3118 nos,
1386 3072 1526 3118 sub-certa
1545 3072 1766 3118 protestatione,
1783 3070 1943 3115 concessae,
1967 3069 2113 3137 Vsidehcet’
2128 3069 2206 3114 quod
2213 3092 2227 3115 ⁷.
2241 3070 2262 3115 fi.
2275 3071 2304 3101 in
2318 3071 2363 3102 di-
2377 3083 2407 3107 E.
2426 3089 2452 3109 2,

1298 3113 1362 3181 ξῖιῑέε
1373 3112 1615 3182 9ἑέἒέῐὲἓὲῗέ
1625 3109 1978 3185 Ἇὲἕὲὲξιίιῖιΐέιζῗξὲἲὲἓξ
1985 3107 2361 3188 ῗιὲἰ“ιηριὲῗὲ“3ἑξέἒὲἒιξξ
2378 3120 2478 3185 ξῗζῗ·

1299 3190 1479 3228 contingeret
1495 3189 1633 3225 inveniri,
1647 3197 1679 3218 ea
1700 3197 1754 3226 pro
1766 3196 1826 3216 nori
1835 3183 1974 3215 conceffis
2007 3185 2041 3215 &
2054 3195 2115 3215 non
2129 3185 2300 3217 confirmatis
2311 3186 2361 3218 ha·
2396 3216 2402 3221 ,
2426 3203 2449 3222 1,

1299 3229 1430 3259 bereiitur
1445 3239 1456 3264 3
1481 3227 1612 3257 reservata
1631 3226 1716 3269 nobis
1733 3226 1761 3269 in
1775 3223 1872 3255 eadem
1888 3207 2088 3261 protestatione
2100 3223 2254 3264 potestate,
2270 3225 2363 3264 hujus-
2375 3200 2415 3261 ξι,
2431 3243 2477 3261 20,

1302 3266 1383 3296 modi
1404 3265 1554 3303 dampnosa
1575 3265 1609 3295 &
1629 3263 1843 3308 praejudiciali&
1860 3272 1911 3307 per
1931 3263 2043 3306 bonum
2065 3261 2226 3294 Consilium
2244 3263 2363 3294 diletsto-

1303 3315 1368 3334 rum
1383 3304 1589 3335 Ordinatorum
1603 3303 1636 3334 &
1651 3302 1790 3341 aliorum,
1807 3301 1967 3340 corrigendi
1980 3301 2013 3332 &
2024 3300 2214 3341 reformandi,
2229 3310 2314 3340 prout
2329 3303 2360 3333 in

1303 3343 1484 3374 Instumento
1499 3343 1634 3381 publico,
1649 3341 1714 3372 inde
1724 3340 1877 3378 confitero,
1912 3340 1998 3370 lenius
2011 3341 2186 3371 continetur:

1339 3381 1385 3412 Ac
1410 3392 1461 3412 nos
1502 3379 1666 3411 ostmodum
1687 3379 1823 3420 quosdam
1842 3378 1896 3409 fide
1908 3389 1935 3408 es
1957 3377 2069 3409 nostros
2087 3402 2097 3416 ‚
2126 3379 2161 3410 ad
2181 3377 2361 3409 tractandum

1303 3430 1371 3450 cum
1391 3419 1471 3451 diffisis
1513 3419 1626 3457 alatis,
1649 3418 1828 3456 ComitibuS,
1847 3417 1881 3449 &
1901 3417 2057 3448 Batonibus
2073 3417 2184 3455 eiectis,
2198 3424 2268 3447 tunc
2288 3417 2362 3457 apud

1304 3458 1470 3502 Londonias
1484 3457 1766 3495 existentibus,super
1782 3455 2014 3487 Ordinationibus
2027 3453 2185 3496 praemiffi53
2200 3455 2234 3486 &
2248 3455 2283 3486 ad
2297 3465 2365 3486 cor-

1304 3497 1456 3540 rigendum
1476 3497 1510 3527 &
1530 3495 1744 3527 reformandum
1756 3518 1766 3532 ,
1797 3504 1846 3533 per
1867 3496 1975 3526 bonum
1996 3493 2157 3525 Consilium
2177 3493 2366 3533 eorumdem,

1305 3546 1404 3566 omnia
1415 3533 1778 3580 hujusmodiopraejudicialia
1793 3534 1827 3564 &
1840 3533 2005 3574 dampnosa,
2023 3543 2057 3564 ac
2070 3538 2169 3562 contra
2182 3531 2305 3563 formam
2321 3532 2366 3563 di-

1308 3572 1681 3643 ffieeffirq'rkilisngiffsslionnirslssqsa
1689 3596 1700 3612 ,
1719 3572 1740 3603 fi
1758 3582 1822 3611 quae
1834 3571 1941 3612 essent,
1958 3581 2009 3613 per
2021 3569 2128 3602 nostras
2141 3578 2265 3608 patentes
2275 3571 2368 3603 literas

1347 3638 1411 3692 Qii
1432 3621 1546 3690 quidersi
1565 3623 1920 3695 2ᾗτῑιὲεὴιςιῖχ(Ξοῑηίςεε,θδει
1934 3649 2054 3692 Baton&
2075 3645 2249 3684 (hujusmodi
2266 3647 2368 3693 trabla-

1311 3698 1374 3721 tum
1392 3690 1494 3720 habere
1506 3712 1516 3727 ,
1536 3689 1616 3727 super
1637 3688 1720 3720 diffisis
1741 3689 1972 3720 Ordinationibus
1984 3709 1995 3725 ‚
2020 3696 2050 3716 m
2073 3684 2169 3716 nostra
2184 3685 2307 3717 absentia
2326 3686 2372 3725 se,

1311 3728 1475 3769 quibusdam
1495 3728 1531 3758 de
1552 3727 1653 3765 causiS,
1670 3727 1844 3765 excusantes)
1868 3727 1951 3758 nobis
1967 3733 2037 3756 tunc
2058 3723 2276 3763 responderunt,
2313 3726 2373 3755 uod

258 3771 399 3801 Faciendo
416 3780 469 3809 pro
491 3771 592 3802 Castro
606 3795 616 3810 ,
633 3773 665 3802 &
687 3773 859 3811 pertinentiis
877 3771 928 3802 suis
948 3770 1088 3809 praediffls
1103 3793 1113 3809 ,
1128 3771 1227 3809 nobis,
1245 3770 1279 3801 &
1314 3770 1344 3799 in
1366 3767 1455 3797 nostri
1473 3765 1616 3804 praesentis
1639 3767 1882 3806 (quandocunque
1898 3764 1981 3795 nobis
2000 3762 2123 3800 placeret
2136 3771 2207 3792 cum
2219 3762 2282 3800 ipsis
2307 3772 2373 3801 uper

221 3808 393 3841 Haeredibus
407 3808 522 3847 nostris,
538 3811 705 3845 homagium
714 3833 723 3848 ,
741 3819 771 3840 ut
785 3821 836 3850 pro
850 3810 941 3840 nobili
956 3809 1055 3839 feodo:

1315 3806 1546 3836 Ordinationibus
1566 3804 1704 3842 praedietis
1714 3805 1861 3836 “astatum
1873 3804 1974 3834 habere
1983 3824 1994 3840 ,
2009 3801 2043 3832 &
2058 3800 2108 3840 ipsi
2121 3810 2171 3838 per
2185 3811 2238 3831 nos
2251 3802 2316 3832 inde
2331 3801 2372 3831 es-

262 3847 300 3877 Et
319 3846 462 3876 reddendo
475 3849 556 3879 nobis
572 3849 605 3880 &
621 3848 790 3880 Haeredibus
803 3848 920 3887 nostris,
937 3846 999 3885 &c.
1015 3850 1130 3878 mutatis
1145 3847 1282 3877 mutandis
1319 3846 1375 3876 sent
1389 3844 1564 3884 praemuniti)
1583 3844 1665 3880 parati
1678 3843 1769 3874 forent
1784 3844 1818 3875 ad
1832 3840 1993 3873 faciendum
2006 3849 2038 3869 ea
2049 3847 2128 3883 quae,
2145 3838 2299 3870 secundum
2313 3839 2374 3870 for-

224 3886 315 3928 quoad
325 3883 454 3923 Castrum.

264 3961 333 3993 Dat.
348 3961 477 3999 utsupra.

888 4002 942 4031 Per
956 4000 1036 4040 ipsiaem
1049 4003 1152 4040 Regem.

1319 3893 1397 3927 mam
1417 3881 1616 3927 protestationis
1638 3881 1741 3913 nostrae
1759 3880 1920 3922 praedistae,
1937 3879 1971 3923 83:
1990 3878 2097 3923 alterius
2116 3877 2270 3922 consimilis
2279 3887 2374 3917 prote-

1319 3922 1443 3966 stationis
1463 3931 1514 3959 per
1533 3920 1603 3960 ipsos
1621 3919 1719 3959 fastae,
1735 3929 1861 3960 tempore
1882 3918 2078 3958 publicationis
2094 3916 2234 3948 diStarum
2250 3917 2376 3949 Ordina-

1319 3969 1448 4000 tionum,
1467 3961 1559 3990 forent
1572 3959 1739 4004 faciendain
1760 3956 1911 4004 -raersslffisl
2090 3994 2096 4001 .
2193 3994 2198 4000 ·
2240 3994 2246 4001 .
2268 3995 2274 4001 .
2303 3995 2308 4001 ·

1357 3998 1441 4038 Nos,
1467 3998 1592 4032 volentes
1610 3999 1717 4036 huiusm
1757 4008 1767 4030 ι
1785 3995 1955 4037 dampnosa,
1972 3995 2006 4027 ὃς
2025 3994 2111 4025 nobis
2129 3994 2342 4034 praejudicum,
2361 3993 2382 4024 si

2315 4037 2378 4071 quae
