<?xml version="1.0" encoding="UTF-8"?>
<!DOCTYPE html PUBLIC "-//W3C//DTD XHTML 1.0 Transitional//EN"
    "http://www.w3.org/TR/xhtml1/DTD/xhtml1-transitional.dtd">
<html xmlns="http://www.w3.org/1999/xhtml" xml:lang="en" lang="en">
 <head>
  <title>
</title>
<meta http-equiv="Content-Type" content="text/html;charset=utf-8" />
  <meta name='ocr-system' content='tesseract 3.04.00' />
  <meta name='ocr-capabilities' content='ocr_page ocr_carea ocr_par ocr_line ocrx_word'/>
</head>
<body>
  <div class='ocr_page' id='page_1' title='image "./fderaconventione02ryme_0856.png"; bbox 0 0 2562 4279; ppageno 0'>
   <div class='ocr_carea' id='block_1_1' title="bbox 0 285 89 317">
    <p class='ocr_par' dir='ltr' id='par_1_1' title="bbox 0 285 89 317">
     <span class='ocr_line' id='line_1_1' title="bbox 0 285 89 317; baseline -0.011 -1"><span class='ocrx_word' id='word_1_1' title='bbox 0 296 37 317; x_wconf 78' lang='lat' dir='ltr'>in.</span> <span class='ocrx_word' id='word_1_2' title='bbox 48 285 89 316; x_wconf 86' lang='lat' dir='ltr'>D.</span> 
     </span>
    </p>
   </div>
   <div class='ocr_carea' id='block_1_2' title="bbox 0 326 74 401">
    <p class='ocr_par' dir='ltr' id='par_1_2' title="bbox 0 326 74 401">
     <span class='ocr_line' id='line_1_2' title="bbox 9 326 72 363; baseline 0 0"><span class='ocrx_word' id='word_1_3' title='bbox 9 326 72 363; x_wconf 71' lang='lat'>346·</span> 
     </span>
     <span class='ocr_line' id='line_1_3' title="bbox 0 373 74 401; baseline 0 -10"><span class='ocrx_word' id='word_1_4' title='bbox 0 375 25 392; x_wconf 69' lang='lat' dir='ltr'>v.</span> <span class='ocrx_word' id='word_1_5' title='bbox 48 373 74 401; x_wconf 87' lang='lat'>3.</span> 
     </span>
    </p>
   </div>
   <div class='ocr_carea' id='block_1_3' title="bbox 0 526 71 623">
    <p class='ocr_par' dir='ltr' id='par_1_3' title="bbox 0 526 71 623">
     <span class='ocr_line' id='line_1_4' title="bbox 6 526 71 546; baseline 0.015 -1"><span class='ocrx_word' id='word_1_6' title='bbox 6 539 11 545; x_wconf 88' lang='lat'><strong><em>.</em></strong></span> <span class='ocrx_word' id='word_1_7' title='bbox 26 526 71 546; x_wconf 79' lang='lat'>20.</span> 
     </span>
     <span class='ocr_line' id='line_1_5' title="bbox 0 565 70 623; baseline 0.029 -2"><span class='ocrx_word' id='word_1_8' title='bbox 0 565 24 622; x_wconf 56' lang='grc' dir='ltr'>,ἐ</span> <span class='ocrx_word' id='word_1_9' title='bbox 45 605 70 623; x_wconf 78' lang='lat'>2.</span> 
     </span>
    </p>
   </div>
   <div class='ocr_carea' id='block_1_4' title="bbox 3 655 64 708">
    <p class='ocr_par' dir='ltr' id='par_1_4' title="bbox 3 655 64 708">
     <span class='ocr_line' id='line_1_6' title="bbox 3 655 64 708; baseline 0 -10"><span class='ocrx_word' id='word_1_10' title='bbox 3 655 64 708; x_wconf 59' lang='lat' dir='ltr'>abrs.</span> 
     </span>
    </p>
   </div>
   <div class='ocr_carea' id='block_1_5' title="bbox 116 202 194 241">
    <p class='ocr_par' dir='ltr' id='par_1_5' title="bbox 116 202 194 241">
     <span class='ocr_line' id='line_1_7' title="bbox 116 202 194 241; baseline -0.026 0"><span class='ocrx_word' id='word_1_11' title='bbox 116 202 194 241; x_wconf 81' lang='lat'>206</span> 
     </span>
    </p>
   </div>
   <div class='ocr_carea' id='block_1_6' title="bbox 116 315 1168 332">
    <p class='ocr_par' dir='ltr' id='par_1_6' title="bbox 116 315 1168 332">
     <span class='ocr_line' id='line_1_8' title="bbox 116 315 1168 332; baseline 0 3947"><span class='ocrx_word' id='word_1_12' title='bbox 116 315 1168 332; x_wconf 95' lang='lat' dir='ltr'> </span> 
     </span>
    </p>
   </div>
   <div class='ocr_carea' id='block_1_7' title="bbox 111 364 1172 462">
    <p class='ocr_par' dir='ltr' id='par_1_7' title="bbox 111 364 1172 462">
     <span class='ocr_line' id='line_1_9' title="bbox 111 364 1172 408; baseline -0.007 -6"><span class='ocrx_word' id='word_1_13' title='bbox 111 372 293 403; x_wconf 69' lang='lat' dir='ltr'>Gratiarum</span> <span class='ocrx_word' id='word_1_14' title='bbox 320 370 424 401; x_wconf 75' lang='lat' dir='ltr'>Literae</span> <span class='ocrx_word' id='word_1_15' title='bbox 447 366 482 399; x_wconf 86' lang='lat' dir='ltr'>de</span> <span class='ocrx_word' id='word_1_16' title='bbox 504 369 688 400; x_wconf 81' lang='lat' dir='ltr'>Strenuitate</span> <span class='ocrx_word' id='word_1_17' title='bbox 712 376 814 398; x_wconf 79' lang='lat' dir='ltr'>contra</span> <span class='ocrx_word' id='word_1_18' title='bbox 833 364 999 408; x_wconf 72' lang='lat' dir='ltr'>Jnvastoncs</span> <span class='ocrx_word' id='word_1_19' title='bbox 1014 366 1172 397; x_wconf 82' lang='lat' dir='ltr'><em>Scotorum</em></span> 
     </span>
     <span class='ocr_line' id='line_1_10' title="bbox 565 413 706 462; baseline -0.007 -15"><span class='ocrx_word' id='word_1_20' title='bbox 565 413 706 462; x_wconf 78' lang='lat' dir='ltr'>probata.</span> 
     </span>
    </p>
   </div>
   <div class='ocr_carea' id='block_1_8' title="bbox 102 494 1172 1504">
    <p class='ocr_par' dir='ltr' id='par_1_8' title="bbox 112 494 1171 579">
     <span class='ocr_line' id='line_1_11' title="bbox 112 494 1171 558; baseline -0.008 -24"><span class='ocrx_word' id='word_1_21' title='bbox 112 503 243 558; x_wconf 78' lang='lat' dir='ltr'>REX,</span> <span class='ocrx_word' id='word_1_22' title='bbox 260 502 418 533; x_wconf 80' lang='lat' dir='ltr'>Venerabili</span> <span class='ocrx_word' id='word_1_23' title='bbox 439 502 467 531; x_wconf 89' lang='lat' dir='ltr'>in</span> <span class='ocrx_word' id='word_1_24' title='bbox 491 499 607 531; x_wconf 81' lang='lat' dir='ltr'>Christo</span> <span class='ocrx_word' id='word_1_25' title='bbox 629 499 721 537; x_wconf 90' lang='lat' dir='ltr'>Patri,</span> <span class='ocrx_word' id='word_1_26' title='bbox 738 498 790 528; x_wconf 80' lang='lat' dir='ltr'>w.</span> <span class='ocrx_word' id='word_1_27' title='bbox 810 496 909 528; x_wconf 60' lang='lat' dir='ltr'>eadem</span> <span class='ocrx_word' id='word_1_28' title='bbox 925 495 1030 534; x_wconf 65' lang='lat' dir='ltr'>gratia,</span> <span class='ocrx_word' id='word_1_29' title='bbox 1050 494 1171 527; x_wconf 84' lang='lat' dir='ltr'>Archie-</span> 
     </span>
     <span class='ocr_line' id='line_1_12' title="bbox 188 537 1044 579; baseline -0.011 -7"><span class='ocrx_word' id='word_1_30' title='bbox 188 542 303 579; x_wconf 81' lang='lat' dir='ltr'>piscopo</span> <span class='ocrx_word' id='word_1_31' title='bbox 319 540 466 577; x_wconf 76' lang='lat' dir='ltr'>Ebomm,</span> <span class='ocrx_word' id='word_1_32' title='bbox 486 538 596 577; x_wconf 80' lang='lat' dir='ltr'>Angliae</span> <span class='ocrx_word' id='word_1_33' title='bbox 612 538 744 574; x_wconf 87' lang='lat' dir='ltr'>Primati,</span> <span class='ocrx_word' id='word_1_34' title='bbox 763 537 897 567; x_wconf 83' lang='lat' dir='ltr'>Salutem.</span> <span class='ocrx_word' id='word_1_35' title='bbox 1039 574 1044 579; x_wconf 39' lang='grc'><em>·</em></span> 
     </span>
    </p>

    <p class='ocr_par' dir='ltr' id='par_1_9' title="bbox 147 572 1108 624">
     <span class='ocr_line' id='line_1_13' title="bbox 147 572 1108 624; baseline -0.006 -14"><span class='ocrx_word' id='word_1_36' title='bbox 147 580 226 618; x_wconf 82' lang='lat' dir='ltr'>Qias</span> <span class='ocrx_word' id='word_1_37' title='bbox 238 579 364 617; x_wconf 74' lang='lat' dir='ltr'>Gratias,</span> <span class='ocrx_word' id='word_1_38' title='bbox 379 580 413 609; x_wconf 75' lang='grc' dir='ltr'>δε</span> <span class='ocrx_word' id='word_1_39' title='bbox 426 588 491 624; x_wconf 75' lang='lat' dir='ltr'>quas</span> <span class='ocrx_word' id='word_1_40' title='bbox 505 577 615 608; x_wconf 84' lang='lat' dir='ltr'>Laudes</span> <span class='ocrx_word' id='word_1_41' title='bbox 634 576 771 607; x_wconf 88' lang='lat' dir='ltr'>Domino</span> <span class='ocrx_word' id='word_1_42' title='bbox 783 574 882 619; x_wconf 81' lang='lat' dir='ltr'>nostro</span> <span class='ocrx_word' id='word_1_43' title='bbox 891 573 957 611; x_wconf 87' lang='lat' dir='ltr'>Jesu</span> <span class='ocrx_word' id='word_1_44' title='bbox 973 572 1108 617; x_wconf 80' lang='lat' dir='ltr'>Christo,</span> 
     </span>
    </p>

    <p class='ocr_par' dir='ltr' id='par_1_10' title="bbox 105 610 1171 887">
     <span class='ocr_line' id='line_1_14' title="bbox 130 610 1171 660; baseline -0.006 -13"><span class='ocrx_word' id='word_1_45' title='bbox 130 619 223 660; x_wconf 28' lang='lat' dir='ltr'>‘Qi,</span> <span class='ocrx_word' id='word_1_46' title='bbox 242 618 312 649; x_wconf 62' lang='lat' dir='ltr'>redii</span> <span class='ocrx_word' id='word_1_47' title='bbox 333 617 446 648; x_wconf 87' lang='lat' dir='ltr'>censura</span> <span class='ocrx_word' id='word_1_48' title='bbox 466 615 589 655; x_wconf 84' lang='lat' dir='ltr'>Judicii,</span> <span class='ocrx_word' id='word_1_49' title='bbox 604 614 743 646; x_wconf 85' lang='lat' dir='ltr'>Coelestia</span> <span class='ocrx_word' id='word_1_50' title='bbox 761 623 861 651; x_wconf 77' lang='lat' dir='ltr'>pariter</span> <span class='ocrx_word' id='word_1_51' title='bbox 882 614 915 644; x_wconf 89' lang='lat'>&amp;</span> <span class='ocrx_word' id='word_1_52' title='bbox 928 611 1054 642; x_wconf 83' lang='lat' dir='ltr'>Terrena</span> <span class='ocrx_word' id='word_1_53' title='bbox 1077 610 1171 650; x_wconf 84' lang='lat' dir='ltr'>dispo-</span> 
     </span>
     <span class='ocr_line' id='line_1_15' title="bbox 107 664 149 687; baseline 0.048 -3"><span class='ocrx_word' id='word_1_54' title='bbox 107 664 149 687; x_wconf 91' lang='lat' dir='ltr'>n1t</span> 
     </span>
     <span class='ocr_line' id='line_1_16' title="bbox 144 680 1171 732; baseline -0.007 -7"><span class='ocrx_word' id='word_1_55' title='bbox 144 680 204 725; x_wconf 63' lang='lat' dir='ltr'>P’ro</span> <span class='ocrx_word' id='word_1_56' title='bbox 218 694 275 725; x_wconf 83' lang='lat' dir='ltr'>altis</span> <span class='ocrx_word' id='word_1_57' title='bbox 290 693 478 732; x_wconf 85' lang='lat' dir='ltr'>Honoribus,</span> <span class='ocrx_word' id='word_1_58' title='bbox 496 694 598 732; x_wconf 87' lang='lat' dir='ltr'>quibus</span> <span class='ocrx_word' id='word_1_59' title='bbox 613 692 698 730; x_wconf 90' lang='lat' dir='ltr'>Nos,</span> <span class='ocrx_word' id='word_1_60' title='bbox 716 692 750 723; x_wconf 86' lang='lat'>&amp;</span> <span class='ocrx_word' id='word_1_61' title='bbox 763 689 875 721; x_wconf 87' lang='lat' dir='ltr'>nostros</span> <span class='ocrx_word' id='word_1_62' title='bbox 890 689 1011 728; x_wconf 84' lang='lat' dir='ltr'>Ligeos,</span> <span class='ocrx_word' id='word_1_63' title='bbox 1028 689 1057 719; x_wconf 85' lang='lat' dir='ltr'>in</span> <span class='ocrx_word' id='word_1_64' title='bbox 1078 688 1171 719; x_wconf 88' lang='lat' dir='ltr'>diver-</span> 
     </span>
     <span class='ocr_line' id='line_1_17' title="bbox 106 726 1171 773; baseline -0.007 -10"><span class='ocrx_word' id='word_1_65' title='bbox 106 732 139 765; x_wconf 75' lang='lat' dir='ltr'>sis</span> <span class='ocrx_word' id='word_1_66' title='bbox 165 730 270 763; x_wconf 84' lang='lat' dir='ltr'>Mundi</span> <span class='ocrx_word' id='word_1_67' title='bbox 291 732 436 763; x_wconf 85' lang='lat' dir='ltr'>decoravit</span> <span class='ocrx_word' id='word_1_68' title='bbox 456 732 597 770; x_wconf 82' lang='lat' dir='ltr'>partibus,</span> <span class='ocrx_word' id='word_1_69' title='bbox 616 730 769 767; x_wconf 85' lang='lat' dir='ltr'>debemus,</span> <span class='ocrx_word' id='word_1_70' title='bbox 787 737 842 773; x_wconf 77' lang='lat' dir='ltr'>nec</span> <span class='ocrx_word' id='word_1_71' title='bbox 863 727 951 759; x_wconf 88' lang='lat' dir='ltr'>Mens</span> <span class='ocrx_word' id='word_1_72' title='bbox 969 727 1064 771; x_wconf 80' lang='lat' dir='ltr'>nostra</span> <span class='ocrx_word' id='word_1_73' title='bbox 1077 726 1171 766; x_wconf 88' lang='lat' dir='ltr'>potest</span> 
     </span>
     <span class='ocr_line' id='line_1_18' title="bbox 105 765 1171 812; baseline -0.007 -10"><span class='ocrx_word' id='word_1_74' title='bbox 105 773 278 810; x_wconf 80' lang='lat' dir='ltr'>concipere,</span> <span class='ocrx_word' id='word_1_75' title='bbox 293 781 346 801; x_wconf 91' lang='lat' dir='ltr'>nec</span> <span class='ocrx_word' id='word_1_76' title='bbox 363 771 473 810; x_wconf 86' lang='lat' dir='ltr'>Lingua</span> <span class='ocrx_word' id='word_1_77' title='bbox 488 770 629 808; x_wconf 68' lang='lat' dir='ltr'>proferre,</span> <span class='ocrx_word' id='word_1_78' title='bbox 648 770 686 800; x_wconf 92' lang='lat' dir='ltr'>set</span> <span class='ocrx_word' id='word_1_79' title='bbox 698 769 753 799; x_wconf 83' lang='lat' dir='ltr'>suae</span> <span class='ocrx_word' id='word_1_80' title='bbox 768 767 888 812; x_wconf 74' lang='lat' dir='ltr'>Divmze</span> <span class='ocrx_word' id='word_1_81' title='bbox 900 766 1087 811; x_wconf 67' lang='lat' dir='ltr'>Clementiae,</span> <span class='ocrx_word' id='word_1_82' title='bbox 1106 765 1171 800; x_wconf 83' lang='lat' dir='ltr'>nul-</span> 
     </span>
     <span class='ocr_line' id='line_1_19' title="bbox 106 804 1170 847; baseline -0.006 -6"><span class='ocrx_word' id='word_1_83' title='bbox 106 811 140 841; x_wconf 88' lang='lat' dir='ltr'>lis</span> <span class='ocrx_word' id='word_1_84' title='bbox 156 810 266 840; x_wconf 86' lang='lat' dir='ltr'>inclusae</span> <span class='ocrx_word' id='word_1_85' title='bbox 278 810 430 847; x_wconf 80' lang='lat' dir='ltr'>limitibus,</span> <span class='ocrx_word' id='word_1_86' title='bbox 448 809 559 840; x_wconf 86' lang='lat' dir='ltr'>Laudes</span> <span class='ocrx_word' id='word_1_87' title='bbox 574 810 606 839; x_wconf 87' lang='lat'>&amp;</span> <span class='ocrx_word' id='word_1_88' title='bbox 621 807 749 845; x_wconf 86' lang='lat' dir='ltr'>Gratias,</span> <span class='ocrx_word' id='word_1_89' title='bbox 767 817 796 837; x_wconf 82' lang='lat' dir='ltr'>in</span> <span class='ocrx_word' id='word_1_90' title='bbox 811 805 971 836; x_wconf 83' lang='lat' dir='ltr'>humilitatis</span> <span class='ocrx_word' id='word_1_91' title='bbox 994 805 1118 843; x_wconf 81' lang='lat' dir='ltr'>Spiritu,</span> <span class='ocrx_word' id='word_1_92' title='bbox 1134 804 1170 835; x_wconf 88' lang='lat'>&amp;</span> 
     </span>
     <span class='ocr_line' id='line_1_20' title="bbox 106 846 988 887; baseline -0.006 -8"><span class='ocrx_word' id='word_1_93' title='bbox 106 848 282 879; x_wconf 85' lang='lat' dir='ltr'>Devotionis</span> <span class='ocrx_word' id='word_1_94' title='bbox 296 848 420 886; x_wconf 84' lang='lat' dir='ltr'>fervore,</span> <span class='ocrx_word' id='word_1_95' title='bbox 439 847 606 878; x_wconf 81' lang='lat' dir='ltr'>exsolvimus</span> <span class='ocrx_word' id='word_1_96' title='bbox 619 857 685 884; x_wconf 87' lang='lat' dir='ltr'>quas</span> <span class='ocrx_word' id='word_1_97' title='bbox 697 846 830 876; x_wconf 81' lang='lat' dir='ltr'>valemus.</span> <span class='ocrx_word' id='word_1_98' title='bbox 983 883 988 887; x_wconf 27' lang='grc' dir='ltr'><em>η</em></span> 
     </span>
    </p>

    <p class='ocr_par' dir='ltr' id='par_1_11' title="bbox 104 881 1172 1118">
     <span class='ocr_line' id='line_1_21' title="bbox 146 881 1169 926; baseline -0.005 -10"><span class='ocrx_word' id='word_1_99' title='bbox 146 886 271 924; x_wconf 78' lang='lat' dir='ltr'>Vestras,</span> <span class='ocrx_word' id='word_1_100' title='bbox 288 887 413 924; x_wconf 85' lang='lat' dir='ltr'>insuper,</span> <span class='ocrx_word' id='word_1_101' title='bbox 433 885 607 917; x_wconf 84' lang='lat' dir='ltr'>Fidelitatem</span> <span class='ocrx_word' id='word_1_102' title='bbox 621 886 654 916; x_wconf 91' lang='lat'>&amp;</span> <span class='ocrx_word' id='word_1_103' title='bbox 669 885 868 916; x_wconf 76' lang='lat' dir='ltr'>strenuitatem</span> <span class='ocrx_word' id='word_1_104' title='bbox 880 881 1098 926; x_wconf 75' lang='lat' dir='ltr'>probatiffimas,</span> <span class='ocrx_word' id='word_1_105' title='bbox 1115 891 1169 926; x_wconf 76' lang='lat' dir='ltr'>pro</span> 
     </span>
     <span class='ocr_line' id='line_1_22' title="bbox 106 919 1172 965; baseline -0.006 -9"><span class='ocrx_word' id='word_1_106' title='bbox 106 925 230 956; x_wconf 85' lang='lat' dir='ltr'>Honore</span> <span class='ocrx_word' id='word_1_107' title='bbox 243 924 331 954; x_wconf 85' lang='lat' dir='ltr'>nostri</span> <span class='ocrx_word' id='word_1_108' title='bbox 346 925 503 963; x_wconf 75' lang='lat' dir='ltr'>Nominis,</span> <span class='ocrx_word' id='word_1_109' title='bbox 523 926 556 956; x_wconf 73' lang='grc' dir='ltr'>δε</span> <span class='ocrx_word' id='word_1_110' title='bbox 572 925 689 956; x_wconf 87' lang='lat' dir='ltr'>tuitione</span> <span class='ocrx_word' id='word_1_111' title='bbox 705 923 762 953; x_wconf 91' lang='lat' dir='ltr'>Rei</span> <span class='ocrx_word' id='word_1_112' title='bbox 779 921 884 965; x_wconf 62' lang='lat' dir='ltr'>nostra}</span> <span class='ocrx_word' id='word_1_113' title='bbox 896 921 1017 959; x_wconf 79' lang='lat' dir='ltr'>publicae</span> <span class='ocrx_word' id='word_1_114' title='bbox 1034 919 1172 957; x_wconf 81' lang='lat' dir='ltr'>Anglica-</span> 
     </span>
     <span class='ocr_line' id='line_1_23' title="bbox 105 958 1171 1004; baseline -0.004 -11"><span class='ocrx_word' id='word_1_115' title='bbox 105 974 168 1002; x_wconf 73' lang='lat' dir='ltr'>nce,</span> <span class='ocrx_word' id='word_1_116' title='bbox 188 973 285 994; x_wconf 84' lang='lat' dir='ltr'>contra</span> <span class='ocrx_word' id='word_1_117' title='bbox 300 963 426 994; x_wconf 87' lang='lat' dir='ltr'>Hostiles</span> <span class='ocrx_word' id='word_1_118' title='bbox 438 962 595 994; x_wconf 85' lang='lat' dir='ltr'>Invasiones</span> <span class='ocrx_word' id='word_1_119' title='bbox 608 963 780 1000; x_wconf 85' lang='lat' dir='ltr'>Scotorum,</span> <span class='ocrx_word' id='word_1_120' title='bbox 799 959 988 990; x_wconf 84' lang='lat' dir='ltr'>Inimicorum</span> <span class='ocrx_word' id='word_1_121' title='bbox 1008 960 1041 991; x_wconf 88' lang='lat'>&amp;</span> <span class='ocrx_word' id='word_1_122' title='bbox 1063 958 1171 1004; x_wconf 82' lang='lat' dir='ltr'>Rebel-</span> 
     </span>
     <span class='ocr_line' id='line_1_24' title="bbox 105 998 1170 1043; baseline -0.005 -11"><span class='ocrx_word' id='word_1_123' title='bbox 105 1002 176 1032; x_wconf 84' lang='lat' dir='ltr'>lium</span> <span class='ocrx_word' id='word_1_124' title='bbox 198 1001 380 1040; x_wconf 85' lang='lat' dir='ltr'>nostrorum,</span> <span class='ocrx_word' id='word_1_125' title='bbox 408 1003 549 1033; x_wconf 85' lang='lat' dir='ltr'>modernis</span> <span class='ocrx_word' id='word_1_126' title='bbox 570 1001 765 1038; x_wconf 77' lang='lat' dir='ltr'>Temporibus</span> <span class='ocrx_word' id='word_1_127' title='bbox 785 1007 988 1037; x_wconf 76' lang='lat' dir='ltr'>praeexpertaS,</span> <span class='ocrx_word' id='word_1_128' title='bbox 1015 998 1170 1043; x_wconf 67' lang='lat' dir='ltr'>Sudoribus</span> 
     </span>
     <span class='ocr_line' id='line_1_25' title="bbox 104 1038 1170 1080; baseline -0.003 -10"><span class='ocrx_word' id='word_1_129' title='bbox 104 1040 232 1079; x_wconf 86' lang='lat' dir='ltr'>Bellicis,</span> <span class='ocrx_word' id='word_1_130' title='bbox 251 1041 399 1080; x_wconf 68' lang='lat' dir='ltr'>praesertim</span> <span class='ocrx_word' id='word_1_131' title='bbox 419 1042 447 1070; x_wconf 92' lang='lat' dir='ltr'>in</span> <span class='ocrx_word' id='word_1_132' title='bbox 469 1040 566 1070; x_wconf 72' lang='lat' dir='ltr'>nostra</span> <span class='ocrx_word' id='word_1_133' title='bbox 584 1039 720 1077; x_wconf 78' lang='lat' dir='ltr'>absentia,</span> <span class='ocrx_word' id='word_1_134' title='bbox 742 1038 827 1069; x_wconf 86' lang='lat' dir='ltr'>claras</span> <span class='ocrx_word' id='word_1_135' title='bbox 847 1038 949 1076; x_wconf 59' lang='lat' dir='ltr'>factas,</span> <span class='ocrx_word' id='word_1_136' title='bbox 975 1046 1043 1068; x_wconf 90' lang='lat' dir='ltr'>cum</span> <span class='ocrx_word' id='word_1_137' title='bbox 1064 1045 1170 1068; x_wconf 79' lang='lat' dir='ltr'>intimis</span> 
     </span>
     <span class='ocr_line' id='line_1_26' title="bbox 104 1077 886 1118; baseline -0.003 -10"><span class='ocrx_word' id='word_1_138' title='bbox 104 1081 250 1118; x_wconf 78' lang='lat' dir='ltr'>gratiarum</span> <span class='ocrx_word' id='word_1_139' title='bbox 267 1079 423 1109; x_wconf 68' lang='lat' dir='ltr'>affionibus</span> <span class='ocrx_word' id='word_1_140' title='bbox 439 1081 466 1109; x_wconf 90' lang='lat' dir='ltr'>in</span> <span class='ocrx_word' id='word_1_141' title='bbox 480 1078 617 1110; x_wconf 90' lang='lat' dir='ltr'>Domino</span> <span class='ocrx_word' id='word_1_142' title='bbox 632 1077 886 1114; x_wconf 80' lang='lat' dir='ltr'>commendamus3</span> 
     </span>
    </p>

    <p class='ocr_par' dir='ltr' id='par_1_12' title="bbox 102 1113 1170 1302">
     <span class='ocr_line' id='line_1_27' title="bbox 142 1113 1170 1162; baseline -0.001 -15"><span class='ocrx_word' id='word_1_143' title='bbox 142 1116 384 1148; x_wconf 66' lang='lat' dir='ltr'>Affedtuosiffime</span> <span class='ocrx_word' id='word_1_144' title='bbox 399 1128 449 1148; x_wconf 92' lang='lat' dir='ltr'>vos</span> <span class='ocrx_word' id='word_1_145' title='bbox 464 1126 592 1155; x_wconf 73' lang='lat' dir='ltr'>rogantes</span> <span class='ocrx_word' id='word_1_146' title='bbox 608 1119 751 1155; x_wconf 85' lang='lat' dir='ltr'>quatinus,</span> <span class='ocrx_word' id='word_1_147' title='bbox 766 1116 843 1154; x_wconf 76' lang='lat' dir='ltr'>juxta</span> <span class='ocrx_word' id='word_1_148' title='bbox 854 1114 982 1159; x_wconf 36' lang='lat' dir='ltr'>&#39;Donum</span> <span class='ocrx_word' id='word_1_149' title='bbox 996 1122 1080 1159; x_wconf 76' lang='lat' dir='ltr'>tantae</span> <span class='ocrx_word' id='word_1_150' title='bbox 1094 1113 1170 1162; x_wconf 64' lang='lat' dir='ltr'>Cra-</span> 
     </span>
     <span class='ocr_line' id='line_1_28' title="bbox 105 1154 1170 1194; baseline -0.003 -8"><span class='ocrx_word' id='word_1_151' title='bbox 105 1157 152 1186; x_wconf 80' lang='lat' dir='ltr'>tiae</span> <span class='ocrx_word' id='word_1_152' title='bbox 162 1181 170 1193; x_wconf 79' lang='lat'>,</span> <span class='ocrx_word' id='word_1_153' title='bbox 184 1157 266 1186; x_wconf 83' lang='lat' dir='ltr'>nobis</span> <span class='ocrx_word' id='word_1_154' title='bbox 280 1157 313 1186; x_wconf 85' lang='lat'>&amp;</span> <span class='ocrx_word' id='word_1_155' title='bbox 327 1167 340 1186; x_wconf 72' lang='lat' dir='ltr'>v</span> <span class='ocrx_word' id='word_1_156' title='bbox 346 1157 407 1186; x_wconf 88' lang='lat' dir='ltr'>obis</span> <span class='ocrx_word' id='word_1_157' title='bbox 421 1156 534 1187; x_wconf 74' lang='lat' dir='ltr'>coelitus</span> <span class='ocrx_word' id='word_1_158' title='bbox 547 1156 703 1194; x_wconf 80' lang='lat' dir='ltr'>conceffae,</span> <span class='ocrx_word' id='word_1_159' title='bbox 719 1165 771 1193; x_wconf 91' lang='lat' dir='ltr'>pro</span> <span class='ocrx_word' id='word_1_160' title='bbox 788 1154 859 1184; x_wconf 82' lang='lat' dir='ltr'>finali</span> <span class='ocrx_word' id='word_1_161' title='bbox 872 1154 1088 1192; x_wconf 83' lang='lat' dir='ltr'>Tranquillitate</span> <span class='ocrx_word' id='word_1_162' title='bbox 1095 1154 1170 1184; x_wconf 72' lang='lat' dir='ltr'>bub-</span> 
     </span>
     <span class='ocr_line' id='line_1_29' title="bbox 102 1191 1168 1237; baseline -0.002 -13"><span class='ocrx_word' id='word_1_163' title='bbox 102 1194 227 1225; x_wconf 88' lang='lat' dir='ltr'>ditorum</span> <span class='ocrx_word' id='word_1_164' title='bbox 248 1194 312 1225; x_wconf 89' lang='lat' dir='ltr'>nost</span> <span class='ocrx_word' id='word_1_165' title='bbox 326 1204 409 1225; x_wconf 91' lang='lat' dir='ltr'>orum</span> <span class='ocrx_word' id='word_1_166' title='bbox 432 1196 459 1224; x_wconf 90' lang='lat' dir='ltr'>in</span> <span class='ocrx_word' id='word_1_167' title='bbox 481 1195 579 1225; x_wconf 85' lang='lat' dir='ltr'>vestris</span> <span class='ocrx_word' id='word_1_168' title='bbox 601 1195 724 1233; x_wconf 87' lang='lat' dir='ltr'>partibus</span> <span class='ocrx_word' id='word_1_169' title='bbox 743 1193 832 1224; x_wconf 80' lang='lat' dir='ltr'>taliter</span> <span class='ocrx_word' id='word_1_170' title='bbox 854 1193 989 1237; x_wconf 53' lang='lat' dir='ltr'>vigilem,</span> <span class='ocrx_word' id='word_1_171' title='bbox 1007 1191 1087 1230; x_wconf 76' lang='lat' dir='ltr'>quod</span> <span class='ocrx_word' id='word_1_172' title='bbox 1109 1202 1168 1222; x_wconf 89' lang='lat' dir='ltr'>non</span> 
     </span>
     <span class='ocr_line' id='line_1_30' title="bbox 103 1231 1168 1301; baseline -0.002 -38"><span class='ocrx_word' id='word_1_173' title='bbox 103 1242 233 1301; x_wconf 56' lang='lat' dir='ltr'>oporteiat</span> <span class='ocrx_word' id='word_1_174' title='bbox 254 1233 400 1264; x_wconf 77' lang='lat' dir='ltr'>diciorum</span> <span class='ocrx_word' id='word_1_175' title='bbox 424 1233 612 1265; x_wconf 88' lang='lat' dir='ltr'>Inimicorum</span> <span class='ocrx_word' id='word_1_176' title='bbox 631 1233 796 1264; x_wconf 81' lang='lat' dir='ltr'>nostrorum</span> <span class='ocrx_word' id='word_1_177' title='bbox 826 1231 977 1270; x_wconf 74' lang='lat' dir='ltr'>Nequitias</span> <span class='ocrx_word' id='word_1_178' title='bbox 1001 1231 1038 1262; x_wconf 92' lang='lat' dir='ltr'>de</span> <span class='ocrx_word' id='word_1_179' title='bbox 1063 1239 1168 1262; x_wconf 86' lang='lat' dir='ltr'>caetero</span> 
     </span>
     <span class='ocr_line' id='line_1_31' title="bbox 104 1272 263 1302; baseline 0 -1"><span class='ocrx_word' id='word_1_180' title='bbox 104 1272 190 1302; x_wconf 78' lang='lat' dir='ltr'>sormi</span> <span class='ocrx_word' id='word_1_181' title='bbox 211 1282 263 1302; x_wconf 91' lang='lat' dir='ltr'>are.</span> 
     </span>
    </p>

    <p class='ocr_par' dir='ltr' id='par_1_13' title="bbox 103 1307 1169 1381">
     <span class='ocr_line' id='line_1_32' title="bbox 143 1307 1169 1350; baseline 0 -10"><span class='ocrx_word' id='word_1_182' title='bbox 143 1310 231 1341; x_wconf 83' lang='lat' dir='ltr'>Teste</span> <span class='ocrx_word' id='word_1_183' title='bbox 246 1310 401 1350; x_wconf 77' lang='lat' dir='ltr'>Leonello‚</span> <span class='ocrx_word' id='word_1_184' title='bbox 421 1311 494 1341; x_wconf 90' lang='lat' dir='ltr'>Filio</span> <span class='ocrx_word' id='word_1_185' title='bbox 507 1310 555 1341; x_wconf 85' lang='lat' dir='ltr'>Re</span> <span class='ocrx_word' id='word_1_186' title='bbox 575 1311 595 1340; x_wconf 91' lang='lat' dir='ltr'>is</span> <span class='ocrx_word' id='word_1_187' title='bbox 615 1310 771 1348; x_wconf 82' lang='lat' dir='ltr'>cariffimo,</span> <span class='ocrx_word' id='word_1_188' title='bbox 791 1307 922 1340; x_wconf 87' lang='lat' dir='ltr'>Custode</span> <span class='ocrx_word' id='word_1_189' title='bbox 946 1308 1077 1348; x_wconf 80' lang='lat' dir='ltr'>Angliae&#39;,</span> <span class='ocrx_word' id='word_1_190' title='bbox 1094 1308 1169 1348; x_wconf 84' lang='lat' dir='ltr'>apud</span> 
     </span>
     <span class='ocr_line' id='line_1_33' title="bbox 103 1348 751 1381; baseline 0.002 -3"><span class='ocrx_word' id='word_1_191' title='bbox 103 1348 223 1379; x_wconf 86' lang='lat' dir='ltr'>Turrim</span> <span class='ocrx_word' id='word_1_192' title='bbox 240 1349 377 1380; x_wconf 87' lang='lat' dir='ltr'>London.</span> <span class='ocrx_word' id='word_1_193' title='bbox 396 1350 531 1381; x_wconf 82' lang='lat' dir='ltr'>viceiimo</span> <span class='ocrx_word' id='word_1_194' title='bbox 567 1351 591 1380; x_wconf 92' lang='lat' dir='ltr'>ie</span> <span class='ocrx_word' id='word_1_195' title='bbox 605 1349 751 1380; x_wconf 63' lang='lat' dir='ltr'>Oc‘tobris.</span> 
     </span>
    </p>

    <p class='ocr_par' dir='ltr' id='par_1_14' title="bbox 160 1424 1112 1504">
     <span class='ocr_line' id='line_1_34' title="bbox 160 1424 1112 1496; baseline 0 -40"><span class='ocrx_word' id='word_1_196' title='bbox 160 1424 325 1458; x_wconf 77' lang='lat' dir='ltr'>Consimilia</span> <span class='ocrx_word' id='word_1_197' title='bbox 345 1425 442 1459; x_wconf 87' lang='lat' dir='ltr'>Brevia</span> <span class='ocrx_word' id='word_1_198' title='bbox 462 1426 791 1496; x_wconf 51' lang='lat' dir='ltr'>diriguntgrhsubscriptis</span> <span class='ocrx_word' id='word_1_199' title='bbox 805 1448 815 1465; x_wconf 86' lang='lat'>‚</span> <span class='ocrx_word' id='word_1_200' title='bbox 840 1426 891 1458; x_wconf 89' lang='lat' dir='ltr'>sub</span> <span class='ocrx_word' id='word_1_201' title='bbox 912 1425 1013 1457; x_wconf 74' lang='lat' dir='ltr'>eadem</span> <span class='ocrx_word' id='word_1_202' title='bbox 1032 1424 1112 1464; x_wconf 68' lang='lat' dir='ltr'>data,</span> 
     </span>
     <span class='ocr_line' id='line_1_35' title="bbox 557 1475 705 1504; baseline -0.007 -7"><span class='ocrx_word' id='word_1_203' title='bbox 557 1477 585 1498; x_wconf 79' lang='lat' dir='ltr'>vi</span> <span class='ocrx_word' id='word_1_204' title='bbox 607 1476 622 1497; x_wconf 87' lang='lat' dir='ltr'>e</span> <span class='ocrx_word' id='word_1_205' title='bbox 643 1475 705 1504; x_wconf 88' lang='lat' dir='ltr'>cet,</span> 
     </span>
    </p>
   </div>
   <div class='ocr_carea' id='block_1_9' title="bbox 105 1542 933 1584">
    <p class='ocr_par' dir='ltr' id='par_1_15' title="bbox 105 1542 933 1584">
     <span class='ocr_line' id='line_1_36' title="bbox 105 1542 933 1584; baseline -0.001 -11"><span class='ocrx_word' id='word_1_206' title='bbox 105 1544 222 1573; x_wconf 77' lang='lat' dir='ltr'>Domino</span> <span class='ocrx_word' id='word_1_207' title='bbox 235 1542 354 1573; x_wconf 75' lang='lat' dir='ltr'>Gilberto</span> <span class='ocrx_word' id='word_1_208' title='bbox 367 1544 398 1573; x_wconf 79' lang='lat' dir='ltr'>de</span> <span class='ocrx_word' id='word_1_209' title='bbox 418 1543 614 1584; x_wconf 79' lang='lat' dir='ltr'>UmframviH,</span> <span class='ocrx_word' id='word_1_210' title='bbox 653 1543 759 1574; x_wconf 61' lang='lat' dir='ltr'>Thomae</span> <span class='ocrx_word' id='word_1_211' title='bbox 775 1543 806 1572; x_wconf 80' lang='lat' dir='ltr'>de</span> <span class='ocrx_word' id='word_1_212' title='bbox 820 1542 933 1584; x_wconf 80' lang='lat' dir='ltr'>Rokeby.</span> 
     </span>
    </p>
   </div>
   <div class='ocr_carea' id='block_1_10' title="bbox 105 1582 995 1699">
    <p class='ocr_par' dir='ltr' id='par_1_16' title="bbox 105 1582 995 1699">
     <span class='ocr_line' id='line_1_37' title="bbox 142 1582 906 1649; baseline 0.003 -40"><span class='ocrx_word' id='word_1_213' title='bbox 142 1584 238 1610; x_wconf 81' lang='lat' dir='ltr'>Comiti</span> <span class='ocrx_word' id='word_1_214' title='bbox 250 1583 281 1611; x_wconf 77' lang='lat' dir='ltr'>de</span> <span class='ocrx_word' id='word_1_215' title='bbox 294 1585 410 1620; x_wconf 81' lang='lat' dir='ltr'>Anegos.</span> <span class='ocrx_word' id='word_1_216' title='bbox 653 1582 759 1613; x_wconf 79' lang='lat' dir='ltr'>Thomae</span> <span class='ocrx_word' id='word_1_217' title='bbox 773 1582 805 1612; x_wconf 87' lang='lat' dir='ltr'>de</span> <span class='ocrx_word' id='word_1_218' title='bbox 821 1585 906 1649; x_wconf 60' lang='lat' dir='ltr'>Graly.</span> 
     </span>
     <span class='ocr_line' id='line_1_38' title="bbox 105 1621 901 1659; baseline 0.004 -12"><span class='ocrx_word' id='word_1_219' title='bbox 105 1621 221 1649; x_wconf 72' lang='lat' dir='ltr'>Henrico</span> <span class='ocrx_word' id='word_1_220' title='bbox 233 1624 263 1650; x_wconf 82' lang='lat' dir='ltr'>de</span> <span class='ocrx_word' id='word_1_221' title='bbox 277 1624 365 1659; x_wconf 79' lang='lat' dir='ltr'>Percy.</span> <span class='ocrx_word' id='word_1_222' title='bbox 652 1621 768 1650; x_wconf 79' lang='lat' dir='ltr'>Roberto</span> <span class='ocrx_word' id='word_1_223' title='bbox 780 1621 812 1650; x_wconf 86' lang='lat' dir='ltr'>de</span> <span class='ocrx_word' id='word_1_224' title='bbox 825 1624 867 1659; x_wconf 81' lang='lat' dir='ltr'>Og</span> <span class='ocrx_word' id='word_1_225' title='bbox 879 1632 901 1650; x_wconf 85' lang='lat' dir='ltr'>e.</span> 
     </span>
     <span class='ocr_line' id='line_1_39' title="bbox 106 1657 995 1699; baseline 0.003 -13"><span class='ocrx_word' id='word_1_226' title='bbox 106 1657 243 1695; x_wconf 75' lang='lat' dir='ltr'>Radulpho</span> <span class='ocrx_word' id='word_1_227' title='bbox 259 1660 289 1688; x_wconf 80' lang='lat' dir='ltr'>de</span> <span class='ocrx_word' id='word_1_228' title='bbox 309 1659 417 1689; x_wconf 39' lang='lat' dir='ltr'>Nevill,</span> <span class='ocrx_word' id='word_1_229' title='bbox 653 1659 782 1699; x_wconf 85' lang='lat' dir='ltr'>Johanni</span> <span class='ocrx_word' id='word_1_230' title='bbox 793 1660 824 1688; x_wconf 84' lang='lat' dir='ltr'>de</span> <span class='ocrx_word' id='word_1_231' title='bbox 837 1657 995 1698; x_wconf 81' lang='lat' dir='ltr'>coupeland.</span> 
     </span>
    </p>
   </div>
   <div class='ocr_carea' id='block_1_11' title="bbox 654 1699 924 1728">
    <p class='ocr_par' dir='ltr' id='par_1_17' title="bbox 654 1699 924 1728">
     <span class='ocr_line' id='line_1_40' title="bbox 654 1699 924 1728; baseline -0.004 0"><span class='ocrx_word' id='word_1_232' title='bbox 654 1699 768 1728; x_wconf 85' lang='lat' dir='ltr'>Roberto</span> <span class='ocrx_word' id='word_1_233' title='bbox 783 1700 924 1727; x_wconf 82' lang='lat' dir='ltr'>Bertram.</span> 
     </span>
    </p>
   </div>
   <div class='ocr_carea' id='block_1_12' title="bbox 105 1695 982 1777">
    <p class='ocr_par' dir='ltr' id='par_1_18' title="bbox 105 1695 982 1777">
     <span class='ocr_line' id='line_1_41' title="bbox 105 1695 982 1777; baseline 0.043 -45"><span class='ocrx_word' id='word_1_234' title='bbox 105 1695 134 1733; x_wconf 86' lang='lat' dir='ltr'><em>J</em></span> <span class='ocrx_word' id='word_1_235' title='bbox 133 1696 232 1726; x_wconf 78' lang='lat' dir='ltr'>ohanm</span> <span class='ocrx_word' id='word_1_236' title='bbox 246 1698 277 1726; x_wconf 81' lang='lat' dir='ltr'>de</span> <span class='ocrx_word' id='word_1_237' title='bbox 291 1698 450 1738; x_wconf 73' lang='lat' dir='ltr'>mowbray.</span> <span class='ocrx_word' id='word_1_238' title='bbox 654 1735 804 1767; x_wconf 71' lang='lat' dir='ltr'>zVillielmo</span> <span class='ocrx_word' id='word_1_239' title='bbox 820 1740 982 1777; x_wconf 73' lang='lat' dir='ltr'>Deyncourt·</span> 
     </span>
    </p>
   </div>
   <div class='ocr_carea' id='block_1_13' title="bbox 105 1734 358 1776">
    <p class='ocr_par' dir='ltr' id='par_1_19' title="bbox 105 1734 358 1776">
     <span class='ocr_line' id='line_1_42' title="bbox 105 1734 358 1776; baseline 0.008 -13"><span class='ocrx_word' id='word_1_240' title='bbox 105 1734 211 1765; x_wconf 72' lang='lat' dir='ltr'>Thomae</span> <span class='ocrx_word' id='word_1_241' title='bbox 227 1736 259 1765; x_wconf 83' lang='lat' dir='ltr'>de</span> <span class='ocrx_word' id='word_1_242' title='bbox 274 1739 332 1765; x_wconf 84' lang='lat' dir='ltr'>Luc</span> <span class='ocrx_word' id='word_1_243' title='bbox 328 1747 358 1776; x_wconf 84' lang='lat' dir='ltr'>y.</span> 
     </span>
    </p>
   </div>
   <div class='ocr_carea' id='block_1_14' title="bbox 73 1856 1167 1906">
    <p class='ocr_par' dir='ltr' id='par_1_20' title="bbox 73 1856 1167 1906">
     <span class='ocr_line' id='line_1_43' title="bbox 73 1856 1167 1906; baseline 0.003 -14"><span class='ocrx_word' id='word_1_244' title='bbox 73 1878 80 1885; x_wconf 88' lang='lat'><strong>·</strong></span> <span class='ocrx_word' id='word_1_245' title='bbox 103 1856 131 1883; x_wconf 36' lang='grc' dir='ltr'>ᾖ</span> <span class='ocrx_word' id='word_1_246' title='bbox 157 1859 216 1893; x_wconf 83' lang='lat' dir='ltr'>Ad</span> <span class='ocrx_word' id='word_1_247' title='bbox 239 1858 409 1904; x_wconf 67' lang='lat' dir='ltr'>instantiam</span> <span class='ocrx_word' id='word_1_248' title='bbox 438 1864 520 1906; x_wconf 76' lang='lat' dir='ltr'>Papae</span> <span class='ocrx_word' id='word_1_249' title='bbox 537 1864 572 1899; x_wconf 56' lang='grc' dir='ltr'>(ῤ’</span> <span class='ocrx_word' id='word_1_250' title='bbox 594 1861 804 1895; x_wconf 79' lang='lat' dir='ltr'>Cardinalium</span> <span class='ocrx_word' id='word_1_251' title='bbox 817 1888 827 1904; x_wconf 86' lang='lat'>,</span> <span class='ocrx_word' id='word_1_252' title='bbox 853 1865 1099 1895; x_wconf 78' lang='lat' dir='ltr'>Procuratorium</span> <span class='ocrx_word' id='word_1_253' title='bbox 1123 1861 1167 1895; x_wconf 87' lang='lat' dir='ltr'>ad</span> 
     </span>
    </p>
   </div>
   <div class='ocr_carea' id='block_1_15' title="bbox 325 1908 944 1958">
    <p class='ocr_par' dir='ltr' id='par_1_21' title="bbox 325 1908 944 1958">
     <span class='ocr_line' id='line_1_44' title="bbox 325 1908 944 1958; baseline 0.005 -16"><span class='ocrx_word' id='word_1_254' title='bbox 325 1908 519 1942; x_wconf 56' lang='lat' dir='ltr'>mutilandum</span> <span class='ocrx_word' id='word_1_255' title='bbox 538 1922 606 1943; x_wconf 79' lang='lat' dir='ltr'>cum</span> <span class='ocrx_word' id='word_1_256' title='bbox 625 1909 757 1958; x_wconf 85' lang='lat' dir='ltr'>Philippo</span> <span class='ocrx_word' id='word_1_257' title='bbox 773 1910 809 1943; x_wconf 84' lang='lat' dir='ltr'>de</span> <span class='ocrx_word' id='word_1_258' title='bbox 825 1911 944 1955; x_wconf 66' lang='lat' dir='ltr'>Valfiv.</span> 
     </span>
    </p>
   </div>
   <div class='ocr_carea' id='block_1_16' title="bbox 77 1995 1165 2058">
    <p class='ocr_par' dir='ltr' id='par_1_22' title="bbox 77 1995 1165 2058">
     <span class='ocr_line' id='line_1_45' title="bbox 77 1995 1165 2058; baseline 0.005 -32"><span class='ocrx_word' id='word_1_259' title='bbox 77 2004 82 2011; x_wconf 93' lang='lat'><em>·</em></span> <span class='ocrx_word' id='word_1_260' title='bbox 104 1995 290 2058; x_wconf 83' lang='lat' dir='ltr'>EDward,</span> <span class='ocrx_word' id='word_1_261' title='bbox 307 1997 368 2029; x_wconf 27' lang='lat' dir='ltr'>&amp;cr</span> <span class='ocrx_word' id='word_1_262' title='bbox 386 2006 401 2027; x_wconf 87' lang='lat' dir='ltr'>a</span> <span class='ocrx_word' id='word_1_263' title='bbox 421 2005 490 2028; x_wconf 89' lang='lat' dir='ltr'>touz</span> <span class='ocrx_word' id='word_1_264' title='bbox 510 2002 597 2036; x_wconf 82' lang='lat' dir='ltr'>ceuz,</span> <span class='ocrx_word' id='word_1_265' title='bbox 617 1998 666 2037; x_wconf 91' lang='lat' dir='ltr'>qui</span> <span class='ocrx_word' id='word_1_266' title='bbox 684 2007 731 2029; x_wconf 91' lang='lat' dir='ltr'>ces</span> <span class='ocrx_word' id='word_1_267' title='bbox 750 1996 888 2037; x_wconf 82' lang='lat' dir='ltr'>presentes</span> <span class='ocrx_word' id='word_1_268' title='bbox 908 1995 1018 2029; x_wconf 85' lang='lat' dir='ltr'>Lettres</span> <span class='ocrx_word' id='word_1_269' title='bbox 1030 2007 1165 2039; x_wconf 86' lang='lat' dir='ltr'>verront,</span> 
     </span>
    </p>
   </div>
   <div class='ocr_carea' id='block_1_17' title="bbox 101 2035 1164 2157">
    <p class='ocr_par' dir='ltr' id='par_1_23' title="bbox 101 2035 1164 2157">
     <span class='ocr_line' id='line_1_46' title="bbox 139 2035 1164 2116; baseline 0.004 -13"><span class='ocrx_word' id='word_1_270' title='bbox 139 2035 417 2110; x_wconf 40' lang='lat' dir='ltr'>CoStraile13⁸reverentz</span> <span class='ocrx_word' id='word_1_271' title='bbox 431 2074 508 2105; x_wconf 90' lang='lat' dir='ltr'>Piers</span> <span class='ocrx_word' id='word_1_272' title='bbox 521 2085 557 2106; x_wconf 88' lang='lat' dir='ltr'>en</span> <span class='ocrx_word' id='word_1_273' title='bbox 574 2075 669 2114; x_wconf 88' lang='lat' dir='ltr'>Dieu,</span> <span class='ocrx_word' id='word_1_274' title='bbox 688 2085 740 2107; x_wconf 87' lang='lat' dir='ltr'>nos</span> <span class='ocrx_word' id='word_1_275' title='bbox 761 2076 857 2107; x_wconf 86' lang='lat' dir='ltr'>cheres</span> <span class='ocrx_word' id='word_1_276' title='bbox 878 2075 984 2116; x_wconf 86' lang='lat' dir='ltr'>Amys,</span> <span class='ocrx_word' id='word_1_277' title='bbox 1003 2076 1042 2107; x_wconf 89' lang='lat' dir='ltr'>les</span> <span class='ocrx_word' id='word_1_278' title='bbox 1063 2075 1164 2107; x_wconf 85' lang='lat' dir='ltr'>Cardi-</span> 
     </span>
     <span class='ocr_line' id='line_1_47' title="bbox 101 2112 1164 2157; baseline 0.006 -16"><span class='ocrx_word' id='word_1_279' title='bbox 101 2112 164 2141; x_wconf 88' lang='lat' dir='ltr'>nalz</span> <span class='ocrx_word' id='word_1_280' title='bbox 177 2112 217 2157; x_wconf 82' lang='lat' dir='ltr'>de</span> <span class='ocrx_word' id='word_1_281' title='bbox 226 2112 334 2152; x_wconf 86' lang='lat' dir='ltr'>Naples</span> <span class='ocrx_word' id='word_1_282' title='bbox 350 2115 382 2145; x_wconf 89' lang='lat'>&amp;</span> <span class='ocrx_word' id='word_1_283' title='bbox 397 2114 432 2144; x_wconf 93' lang='lat' dir='ltr'>de</span> <span class='ocrx_word' id='word_1_284' title='bbox 445 2113 629 2153; x_wconf 90' lang='lat' dir='ltr'>Cleremont,</span> <span class='ocrx_word' id='word_1_285' title='bbox 642 2125 714 2146; x_wconf 90' lang='lat' dir='ltr'>nous</span> <span class='ocrx_word' id='word_1_286' title='bbox 727 2116 802 2146; x_wconf 90' lang='lat' dir='ltr'>eient</span> <span class='ocrx_word' id='word_1_287' title='bbox 817 2116 926 2154; x_wconf 88' lang='lat' dir='ltr'>requis,</span> <span class='ocrx_word' id='word_1_288' title='bbox 938 2125 953 2146; x_wconf 90' lang='lat' dir='ltr'>a</span> <span class='ocrx_word' id='word_1_289' title='bbox 967 2124 1048 2155; x_wconf 84' lang='lat' dir='ltr'>grant</span> <span class='ocrx_word' id='word_1_290' title='bbox 1059 2115 1164 2147; x_wconf 83' lang='lat' dir='ltr'>instan-</span> 
     </span>
    </p>
   </div>
   <div class='ocr_carea' id='block_1_18' title="bbox 95 2160 1166 2884">
    <p class='ocr_par' dir='ltr' id='par_1_24' title="bbox 102 2160 234 2189">
     <span class='ocr_line' id='line_1_48' title="bbox 102 2160 234 2189; baseline 0.008 -9"><span class='ocrx_word' id='word_1_291' title='bbox 102 2160 135 2180; x_wconf 87' lang='lat' dir='ltr'>ce</span> <span class='ocrx_word' id='word_1_292' title='bbox 192 2161 234 2189; x_wconf 79' lang='lat' dir='ltr'>ui,</span> 
     </span>
    </p>

    <p class='ocr_par' dir='ltr' id='par_1_25' title="bbox 102 2161 1166 2309">
     <span class='ocr_line' id='line_1_49' title="bbox 140 2161 1166 2232; baseline 0.005 -13"><span class='ocrx_word' id='word_1_293' title='bbox 140 2161 197 2220; x_wconf 53' lang='lat' dir='ltr'>Prii</span> <span class='ocrx_word' id='word_1_294' title='bbox 216 2190 339 2221; x_wconf 87' lang='lat' dir='ltr'>eschuier</span> <span class='ocrx_word' id='word_1_295' title='bbox 358 2191 394 2222; x_wconf 85' lang='lat' dir='ltr'>les</span> <span class='ocrx_word' id='word_1_296' title='bbox 416 2200 515 2231; x_wconf 86' lang='lat' dir='ltr'>grantz</span> <span class='ocrx_word' id='word_1_297' title='bbox 535 2192 616 2230; x_wconf 83' lang='lat' dir='ltr'>parils</span> <span class='ocrx_word' id='word_1_298' title='bbox 629 2191 677 2223; x_wconf 89' lang='lat' dir='ltr'>des</span> <span class='ocrx_word' id='word_1_299' title='bbox 690 2192 791 2223; x_wconf 87' lang='lat' dir='ltr'>Armes</span> <span class='ocrx_word' id='word_1_300' title='bbox 802 2193 835 2224; x_wconf 93' lang='lat'>&amp;</span> <span class='ocrx_word' id='word_1_301' title='bbox 849 2192 897 2223; x_wconf 87' lang='lat' dir='ltr'>des</span> <span class='ocrx_word' id='word_1_302' title='bbox 911 2192 1024 2232; x_wconf 74' lang='lat' dir='ltr'>CorpS,</span> <span class='ocrx_word' id='word_1_303' title='bbox 1043 2194 1077 2225; x_wconf 89' lang='lat'>&amp;</span> <span class='ocrx_word' id='word_1_304' title='bbox 1089 2192 1166 2225; x_wconf 90' lang='lat' dir='ltr'>d&#39;au-</span> 
     </span>
     <span class='ocr_line' id='line_1_50' title="bbox 103 2229 1165 2269; baseline 0.007 -12"><span class='ocrx_word' id='word_1_305' title='bbox 103 2236 157 2258; x_wconf 88' lang='lat' dir='ltr'>tres</span> <span class='ocrx_word' id='word_1_306' title='bbox 175 2238 274 2266; x_wconf 87' lang='lat' dir='ltr'>grantz</span> <span class='ocrx_word' id='word_1_307' title='bbox 295 2229 390 2260; x_wconf 83' lang='lat' dir='ltr'>Dama</span> <span class='ocrx_word' id='word_1_308' title='bbox 410 2241 455 2269; x_wconf 92' lang='lat' dir='ltr'>es,</span> <span class='ocrx_word' id='word_1_309' title='bbox 473 2241 509 2268; x_wconf 90' lang='lat' dir='ltr'>qe</span> <span class='ocrx_word' id='word_1_310' title='bbox 532 2233 676 2268; x_wconf 85' lang='lat' dir='ltr'>purroient</span> <span class='ocrx_word' id='word_1_311' title='bbox 696 2233 793 2262; x_wconf 90' lang='lat' dir='ltr'>avenir</span> <span class='ocrx_word' id='word_1_312' title='bbox 813 2241 866 2269; x_wconf 86' lang='lat' dir='ltr'>pur</span> <span class='ocrx_word' id='word_1_313' title='bbox 890 2232 914 2262; x_wconf 90' lang='lat' dir='ltr'>la</span> <span class='ocrx_word' id='word_1_314' title='bbox 931 2231 1044 2263; x_wconf 89' lang='lat' dir='ltr'>Guerre</span> <span class='ocrx_word' id='word_1_315' title='bbox 1056 2232 1165 2264; x_wconf 86' lang='lat' dir='ltr'>d&#39;entre</span> 
     </span>
     <span class='ocr_line' id='line_1_51' title="bbox 102 2266 1039 2309; baseline 0.005 -12"><span class='ocrx_word' id='word_1_316' title='bbox 102 2266 188 2297; x_wconf 86' lang='lat' dir='ltr'>Nous</span> <span class='ocrx_word' id='word_1_317' title='bbox 205 2268 238 2298; x_wconf 74' lang='grc' dir='ltr'>δε</span> <span class='ocrx_word' id='word_1_318' title='bbox 254 2268 314 2298; x_wconf 88' lang='lat' dir='ltr'>Sire</span> <span class='ocrx_word' id='word_1_319' title='bbox 329 2267 390 2299; x_wconf 85' lang='lat' dir='ltr'>Phe</span> <span class='ocrx_word' id='word_1_320' title='bbox 400 2270 429 2307; x_wconf 88' lang='lat' dir='ltr'>ip</span> <span class='ocrx_word' id='word_1_321' title='bbox 444 2268 480 2299; x_wconf 92' lang='lat' dir='ltr'>de</span> <span class='ocrx_word' id='word_1_322' title='bbox 494 2267 617 2308; x_wconf 81' lang='lat' dir='ltr'>Vaioys‚</span> <span class='ocrx_word' id='word_1_323' title='bbox 635 2271 663 2308; x_wconf 89' lang='lat' dir='ltr'>qi</span> <span class='ocrx_word' id='word_1_324' title='bbox 677 2270 703 2300; x_wconf 91' lang='lat' dir='ltr'>se</span> <span class='ocrx_word' id='word_1_325' title='bbox 716 2269 757 2300; x_wconf 93' lang='lat' dir='ltr'>dit</span> <span class='ocrx_word' id='word_1_326' title='bbox 775 2269 844 2309; x_wconf 90' lang='lat' dir='ltr'>Roy</span> <span class='ocrx_word' id='word_1_327' title='bbox 859 2270 894 2301; x_wconf 90' lang='lat' dir='ltr'>de</span> <span class='ocrx_word' id='word_1_328' title='bbox 912 2271 1039 2309; x_wconf 84' lang='lat' dir='ltr'>France,</span> 
     </span>
    </p>

    <p class='ocr_par' dir='ltr' id='par_1_26' title="bbox 98 2305 1162 2456">
     <span class='ocr_line' id='line_1_52' title="bbox 139 2305 1162 2350; baseline 0.005 -14"><span class='ocrx_word' id='word_1_329' title='bbox 139 2305 228 2336; x_wconf 90' lang='lat' dir='ltr'>Nous</span> <span class='ocrx_word' id='word_1_330' title='bbox 241 2307 405 2338; x_wconf 82' lang='lat' dir='ltr'>voufiffions</span> <span class='ocrx_word' id='word_1_331' title='bbox 416 2308 540 2338; x_wconf 90' lang='lat' dir='ltr'>encliner</span> <span class='ocrx_word' id='word_1_332' title='bbox 554 2319 569 2338; x_wconf 90' lang='lat' dir='ltr'>a</span> <span class='ocrx_word' id='word_1_333' title='bbox 584 2308 652 2340; x_wconf 85' lang='lat' dir='ltr'>faire</span> <span class='ocrx_word' id='word_1_334' title='bbox 663 2309 741 2339; x_wconf 91' lang='lat' dir='ltr'>bone</span> <span class='ocrx_word' id='word_1_335' title='bbox 755 2307 835 2347; x_wconf 89' lang='lat' dir='ltr'>Pais,</span> <span class='ocrx_word' id='word_1_336' title='bbox 852 2309 886 2340; x_wconf 91' lang='lat'>&amp;</span> <span class='ocrx_word' id='word_1_337' title='bbox 902 2309 997 2340; x_wconf 80' lang='lat' dir='ltr'>bailler</span> <span class='ocrx_word' id='word_1_338' title='bbox 1010 2309 1162 2350; x_wconf 58' lang='lat' dir='ltr'>Persona,</span> 
     </span>
     <span class='ocr_line' id='line_1_53' title="bbox 99 2343 1150 2386; baseline 0.006 -12"><span class='ocrx_word' id='word_1_339' title='bbox 99 2343 136 2374; x_wconf 89' lang='lat' dir='ltr'>de</span> <span class='ocrx_word' id='word_1_340' title='bbox 151 2344 246 2375; x_wconf 87' lang='lat' dir='ltr'>nostre</span> <span class='ocrx_word' id='word_1_341' title='bbox 260 2344 408 2383; x_wconf 76' lang='lat' dir='ltr'>Counsess,</span> <span class='ocrx_word' id='word_1_342' title='bbox 426 2356 441 2376; x_wconf 92' lang='lat' dir='ltr'>a</span> <span class='ocrx_word' id='word_1_343' title='bbox 456 2346 535 2376; x_wconf 89' lang='lat' dir='ltr'>Plein</span> <span class='ocrx_word' id='word_1_344' title='bbox 551 2346 652 2386; x_wconf 81' lang='lat' dir='ltr'>Poair,</span> <span class='ocrx_word' id='word_1_345' title='bbox 667 2347 828 2378; x_wconf 89' lang='lat' dir='ltr'>enformees</span> <span class='ocrx_word' id='word_1_346' title='bbox 840 2348 877 2378; x_wconf 92' lang='lat' dir='ltr'>de</span> <span class='ocrx_word' id='word_1_347' title='bbox 891 2349 986 2379; x_wconf 88' lang='lat' dir='ltr'>nostre</span> <span class='ocrx_word' id='word_1_348' title='bbox 999 2350 1150 2381; x_wconf 89' lang='lat' dir='ltr'>entencion</span> 
     </span>
     <span class='ocr_line' id='line_1_54' title="bbox 98 2373 1162 2456; baseline 0.006 -43"><span class='ocrx_word' id='word_1_349' title='bbox 98 2393 217 2452; x_wconf 36' lang='lat' dir='ltr'>aecllxtlles</span> <span class='ocrx_word' id='word_1_350' title='bbox 227 2384 372 2453; x_wconf 46' lang='lat' dir='ltr'>lesgilieux</span> <span class='ocrx_word' id='word_1_351' title='bbox 378 2385 416 2455; x_wconf 49' lang='lat' dir='ltr'>ges</span> <span class='ocrx_word' id='word_1_352' title='bbox 428 2384 679 2455; x_wconf 41' lang='lat' dir='ltr'>fnigflmzfiffaioer</span> <span class='ocrx_word' id='word_1_353' title='bbox 691 2385 876 2456; x_wconf 37' lang='lat' dir='ltr'>{es-Dascgrs</span> <span class='ocrx_word' id='word_1_354' title='bbox 889 2387 922 2456; x_wconf 80' lang='lat' dir='ltr'>t&amp;</span> <span class='ocrx_word' id='word_1_355' title='bbox 946 2387 1062 2419; x_wconf 85' lang='lat' dir='ltr'>Debatz</span> <span class='ocrx_word' id='word_1_356' title='bbox 1081 2373 1162 2419; x_wconf 71' lang='lat' dir='ltr'>d’en3</span> 
     </span>
    </p>

    <p class='ocr_par' dir='ltr' id='par_1_27' title="bbox 112 2432 933 2456">
     <span class='ocr_line' id='line_1_55' title="bbox 112 2432 933 2456; baseline 0.006 -5"><span class='ocrx_word' id='word_1_357' title='bbox 112 2432 124 2451; x_wconf 92' lang='lat' dir='ltr'>r</span> <span class='ocrx_word' id='word_1_358' title='bbox 191 2433 242 2453; x_wconf 90' lang='lat' dir='ltr'>ous</span> <span class='ocrx_word' id='word_1_359' title='bbox 316 2433 344 2453; x_wconf 86' lang='lat' dir='ltr'>ul</span> <span class='ocrx_word' id='word_1_360' title='bbox 437 2434 465 2454; x_wconf 90' lang='lat' dir='ltr'>es</span> <span class='ocrx_word' id='word_1_361' title='bbox 525 2434 550 2454; x_wconf 85' lang='lat' dir='ltr'>ie</span> <span class='ocrx_word' id='word_1_362' title='bbox 613 2435 667 2455; x_wconf 88' lang='lat' dir='ltr'>une</span> <span class='ocrx_word' id='word_1_363' title='bbox 742 2434 767 2456; x_wconf 86' lang='lat' dir='ltr'>ie</span> <span class='ocrx_word' id='word_1_364' title='bbox 857 2435 889 2456; x_wconf 87' lang='lat' dir='ltr'>au</span> <span class='ocrx_word' id='word_1_365' title='bbox 904 2435 933 2456; x_wconf 89' lang='lat' dir='ltr'>re</span> 
     </span>
    </p>

    <p class='ocr_par' dir='ltr' id='par_1_28' title="bbox 96 2435 1161 2721">
     <span class='ocr_line' id='line_1_56' title="bbox 135 2435 1161 2498; baseline 0.008 -8"><span class='ocrx_word' id='word_1_366' title='bbox 135 2458 174 2490; x_wconf 90' lang='lat' dir='ltr'>Et</span> <span class='ocrx_word' id='word_1_367' title='bbox 187 2461 229 2491; x_wconf 87' lang='lat' dir='ltr'>sur</span> <span class='ocrx_word' id='word_1_368' title='bbox 244 2471 278 2492; x_wconf 88' lang='lat' dir='ltr'>ce</span> <span class='ocrx_word' id='word_1_369' title='bbox 293 2461 331 2491; x_wconf 90' lang='lat' dir='ltr'>les</span> <span class='ocrx_word' id='word_1_370' title='bbox 345 2446 406 2492; x_wconf 84' lang='lat' dir='ltr'>ditz</span> <span class='ocrx_word' id='word_1_371' title='bbox 421 2462 570 2493; x_wconf 86' lang='lat' dir='ltr'>Cardinalx</span> <span class='ocrx_word' id='word_1_372' title='bbox 585 2462 671 2493; x_wconf 90' lang='lat' dir='ltr'>Nous</span> <span class='ocrx_word' id='word_1_373' title='bbox 681 2435 757 2493; x_wconf 58' lang='lat' dir='ltr'>{iem</span> <span class='ocrx_word' id='word_1_374' title='bbox 771 2463 918 2494; x_wconf 81' lang='lat' dir='ltr'>monstrez</span> <span class='ocrx_word' id='word_1_375' title='bbox 931 2449 970 2496; x_wconf 67' lang='lat' dir='ltr'>l’es</span> <span class='ocrx_word' id='word_1_376' title='bbox 983 2465 1094 2497; x_wconf 86' lang='lat' dir='ltr'>Lettres</span> <span class='ocrx_word' id='word_1_377' title='bbox 1106 2465 1161 2498; x_wconf 87' lang='lat' dir='ltr'>Pa-</span> 
     </span>
     <span class='ocr_line' id='line_1_57' title="bbox 100 2499 1160 2540; baseline 0.006 -10"><span class='ocrx_word' id='word_1_378' title='bbox 100 2506 188 2530; x_wconf 86' lang='lat' dir='ltr'>tentes</span> <span class='ocrx_word' id='word_1_379' title='bbox 205 2500 243 2530; x_wconf 91' lang='lat' dir='ltr'>du</span> <span class='ocrx_word' id='word_1_380' title='bbox 257 2499 297 2529; x_wconf 93' lang='lat' dir='ltr'>dit</span> <span class='ocrx_word' id='word_1_381' title='bbox 311 2500 369 2530; x_wconf 90' lang='lat' dir='ltr'>Sire</span> <span class='ocrx_word' id='word_1_382' title='bbox 385 2499 499 2539; x_wconf 81' lang='lat' dir='ltr'>Phelip,</span> <span class='ocrx_word' id='word_1_383' title='bbox 516 2511 568 2539; x_wconf 88' lang='lat' dir='ltr'>pur</span> <span class='ocrx_word' id='word_1_384' title='bbox 583 2502 679 2538; x_wconf 85' lang='lat' dir='ltr'>queles</span> <span class='ocrx_word' id='word_1_385' title='bbox 694 2502 710 2531; x_wconf 92' lang='lat' dir='ltr'>il</span> <span class='ocrx_word' id='word_1_386' title='bbox 723 2502 756 2531; x_wconf 87' lang='lat' dir='ltr'>ad</span> <span class='ocrx_word' id='word_1_387' title='bbox 773 2501 877 2540; x_wconf 87' lang='lat' dir='ltr'>depute</span> <span class='ocrx_word' id='word_1_388' title='bbox 898 2504 1035 2535; x_wconf 90' lang='lat' dir='ltr'>certeines</span> <span class='ocrx_word' id='word_1_389' title='bbox 1060 2504 1160 2536; x_wconf 85' lang='lat' dir='ltr'>Parso-</span> 
     </span>
     <span class='ocr_line' id='line_1_58' title="bbox 99 2536 1159 2578; baseline 0.008 -12"><span class='ocrx_word' id='word_1_390' title='bbox 99 2546 148 2566; x_wconf 91' lang='lat' dir='ltr'>nes</span> <span class='ocrx_word' id='word_1_391' title='bbox 160 2536 196 2566; x_wconf 90' lang='lat' dir='ltr'>de</span> <span class='ocrx_word' id='word_1_392' title='bbox 208 2537 232 2567; x_wconf 87' lang='lat' dir='ltr'>sa</span> <span class='ocrx_word' id='word_1_393' title='bbox 248 2546 306 2575; x_wconf 83' lang='lat' dir='ltr'>part</span> <span class='ocrx_word' id='word_1_394' title='bbox 316 2561 325 2575; x_wconf 87' lang='lat'>,</span> <span class='ocrx_word' id='word_1_395' title='bbox 340 2539 373 2568; x_wconf 69' lang='grc' dir='ltr'>δε</span> <span class='ocrx_word' id='word_1_396' title='bbox 388 2538 464 2569; x_wconf 91' lang='lat' dir='ltr'>done</span> <span class='ocrx_word' id='word_1_397' title='bbox 478 2550 493 2568; x_wconf 88' lang='lat' dir='ltr'>a</span> <span class='ocrx_word' id='word_1_398' title='bbox 508 2549 561 2569; x_wconf 82' lang='lat' dir='ltr'>eux</span> <span class='ocrx_word' id='word_1_399' title='bbox 576 2538 654 2570; x_wconf 92' lang='lat' dir='ltr'>Plein</span> <span class='ocrx_word' id='word_1_400' title='bbox 671 2539 755 2571; x_wconf 87' lang='lat' dir='ltr'>Poair</span> <span class='ocrx_word' id='word_1_401' title='bbox 767 2550 820 2578; x_wconf 89' lang='lat' dir='ltr'>pur</span> <span class='ocrx_word' id='word_1_402' title='bbox 833 2541 952 2572; x_wconf 87' lang='lat' dir='ltr'>Treater</span> <span class='ocrx_word' id='word_1_403' title='bbox 971 2544 1006 2574; x_wconf 76' lang='grc' dir='ltr'>δε</span> <span class='ocrx_word' id='word_1_404' title='bbox 1027 2542 1159 2576; x_wconf 83' lang='lat' dir='ltr'>Acorder</span> 
     </span>
     <span class='ocr_line' id='line_1_59' title="bbox 98 2575 1159 2619; baseline 0.008 -13"><span class='ocrx_word' id='word_1_405' title='bbox 98 2575 142 2606; x_wconf 87' lang='lat' dir='ltr'>sur</span> <span class='ocrx_word' id='word_1_406' title='bbox 155 2584 224 2606; x_wconf 89' lang='lat' dir='ltr'>touz</span> <span class='ocrx_word' id='word_1_407' title='bbox 239 2576 277 2606; x_wconf 89' lang='lat' dir='ltr'>les</span> <span class='ocrx_word' id='word_1_408' title='bbox 290 2575 432 2615; x_wconf 83' lang='lat' dir='ltr'>Descors,</span> <span class='ocrx_word' id='word_1_409' title='bbox 453 2577 585 2615; x_wconf 84' lang='lat' dir='ltr'>Debatz,</span> <span class='ocrx_word' id='word_1_410' title='bbox 605 2579 760 2617; x_wconf 82' lang='lat' dir='ltr'>Qereles,</span> <span class='ocrx_word' id='word_1_411' title='bbox 779 2579 952 2619; x_wconf 77' lang='lat' dir='ltr'>QestionS,</span> <span class='ocrx_word' id='word_1_412' title='bbox 968 2581 1002 2612; x_wconf 93' lang='lat'>&amp;</span> <span class='ocrx_word' id='word_1_413' title='bbox 1026 2581 1159 2614; x_wconf 90' lang='lat' dir='ltr'>Contro-</span> 
     </span>
     <span class='ocr_line' id='line_1_60' title="bbox 97 2613 1158 2659; baseline 0.009 -16"><span class='ocrx_word' id='word_1_414' title='bbox 97 2613 216 2652; x_wconf 85' lang='lat' dir='ltr'>verfies,</span> <span class='ocrx_word' id='word_1_415' title='bbox 235 2625 271 2652; x_wconf 87' lang='lat' dir='ltr'>qe</span> <span class='ocrx_word' id='word_1_416' title='bbox 287 2615 364 2654; x_wconf 86' lang='lat' dir='ltr'>sont,</span> <span class='ocrx_word' id='word_1_417' title='bbox 381 2626 419 2645; x_wconf 93' lang='lat' dir='ltr'>ou</span> <span class='ocrx_word' id='word_1_418' title='bbox 434 2625 553 2654; x_wconf 86' lang='lat' dir='ltr'>purront</span> <span class='ocrx_word' id='word_1_419' title='bbox 567 2616 640 2647; x_wconf 83' lang='lat' dir='ltr'>estre</span> <span class='ocrx_word' id='word_1_420' title='bbox 654 2626 731 2649; x_wconf 91' lang='lat' dir='ltr'>entre</span> <span class='ocrx_word' id='word_1_421' title='bbox 742 2617 830 2649; x_wconf 91' lang='lat' dir='ltr'>Nous</span> <span class='ocrx_word' id='word_1_422' title='bbox 844 2618 878 2650; x_wconf 91' lang='lat'>&amp;</span> <span class='ocrx_word' id='word_1_423' title='bbox 892 2619 949 2659; x_wconf 87' lang='lat' dir='ltr'>lui,</span> <span class='ocrx_word' id='word_1_424' title='bbox 966 2620 999 2651; x_wconf 89' lang='lat'>&amp;</span> <span class='ocrx_word' id='word_1_425' title='bbox 1013 2620 1052 2651; x_wconf 89' lang='lat' dir='ltr'>les</span> <span class='ocrx_word' id='word_1_426' title='bbox 1065 2621 1158 2654; x_wconf 87' lang='lat' dir='ltr'>Alliez</span> 
     </span>
     <span class='ocr_line' id='line_1_61' title="bbox 96 2651 620 2721; baseline 0.006 -39"><span class='ocrx_word' id='word_1_427' title='bbox 96 2651 262 2721; x_wconf 53' lang='lat' dir='ltr'>deffllsdstzs</span> <span class='ocrx_word' id='word_1_428' title='bbox 280 2663 327 2691; x_wconf 84' lang='lat' dir='ltr'>par</span> <span class='ocrx_word' id='word_1_429' title='bbox 342 2664 510 2694; x_wconf 87' lang='lat' dir='ltr'>quecunque</span> <span class='ocrx_word' id='word_1_430' title='bbox 523 2655 620 2694; x_wconf 86' lang='lat' dir='ltr'>cause,</span> 
     </span>
    </p>

    <p class='ocr_par' dir='ltr' id='par_1_29' title="bbox 171 2701 239 2730">
     <span class='ocr_line' id='line_1_62' title="bbox 171 2701 239 2730; baseline 0.015 -9"><span class='ocrx_word' id='word_1_431' title='bbox 171 2701 239 2730; x_wconf 83' lang='lat' dir='ltr'>ons,</span> 
     </span>
    </p>

    <p class='ocr_par' dir='ltr' id='par_1_30' title="bbox 95 2728 1157 2810">
     <span class='ocr_line' id='line_1_63' title="bbox 136 2728 1157 2776; baseline 0.01 -17"><span class='ocrx_word' id='word_1_432' title='bbox 136 2728 194 2760; x_wconf 85' lang='lat' dir='ltr'>Pur</span> <span class='ocrx_word' id='word_1_433' title='bbox 216 2730 307 2760; x_wconf 79' lang='lat' dir='ltr'>l’onur</span> <span class='ocrx_word' id='word_1_434' title='bbox 328 2731 364 2761; x_wconf 91' lang='lat' dir='ltr'>de</span> <span class='ocrx_word' id='word_1_435' title='bbox 387 2731 479 2770; x_wconf 81' lang='lat' dir='ltr'>Dieu,</span> <span class='ocrx_word' id='word_1_436' title='bbox 498 2733 531 2763; x_wconf 68' lang='grc' dir='ltr'>ὃς</span> <span class='ocrx_word' id='word_1_437' title='bbox 558 2732 727 2764; x_wconf 87' lang='lat' dir='ltr'>Reverence</span> <span class='ocrx_word' id='word_1_438' title='bbox 740 2733 793 2772; x_wconf 84' lang='lat' dir='ltr'>de,</span> <span class='ocrx_word' id='word_1_439' title='bbox 811 2733 909 2767; x_wconf 75' lang='lat' dir='ltr'>nostre</span> <span class='ocrx_word' id='word_1_440' title='bbox 922 2734 1001 2766; x_wconf 91' lang='lat' dir='ltr'>Seint</span> <span class='ocrx_word' id='word_1_441' title='bbox 1014 2735 1112 2776; x_wconf 89' lang='lat' dir='ltr'>Piere,</span> <span class='ocrx_word' id='word_1_442' title='bbox 1131 2737 1157 2769; x_wconf 91' lang='lat' dir='ltr'>le</span> 
     </span>
     <span class='ocr_line' id='line_1_64' title="bbox 95 2767 667 2810; baseline 0.003 -11"><span class='ocrx_word' id='word_1_443' title='bbox 95 2767 189 2806; x_wconf 82' lang='lat' dir='ltr'>Pape,</span> <span class='ocrx_word' id='word_1_444' title='bbox 207 2769 239 2799; x_wconf 73' lang='grc' dir='ltr'>δε</span> <span class='ocrx_word' id='word_1_445' title='bbox 253 2770 352 2807; x_wconf 86' lang='lat' dir='ltr'>prieres</span> <span class='ocrx_word' id='word_1_446' title='bbox 366 2770 413 2799; x_wconf 89' lang='lat' dir='ltr'>des</span> <span class='ocrx_word' id='word_1_447' title='bbox 425 2771 484 2801; x_wconf 85' lang='lat' dir='ltr'>ditz</span> <span class='ocrx_word' id='word_1_448' title='bbox 498 2770 667 2810; x_wconf 86' lang='lat' dir='ltr'>Cardinalz‚</span> 
     </span>
    </p>

    <p class='ocr_par' dir='ltr' id='par_1_31' title="bbox 98 2805 1158 2884">
     <span class='ocr_line' id='line_1_65' title="bbox 98 2805 1158 2876; baseline 0.008 -40"><span class='ocrx_word' id='word_1_449' title='bbox 98 2844 108 2876; x_wconf 72' lang='lat'>1</span> <span class='ocrx_word' id='word_1_450' title='bbox 134 2805 290 2838; x_wconf 73' lang='lat' dir='ltr'>Confi-‚inrz</span> <span class='ocrx_word' id='word_1_451' title='bbox 303 2807 340 2839; x_wconf 88' lang='lat' dir='ltr'>du</span> <span class='ocrx_word' id='word_1_452' title='bbox 354 2807 422 2839; x_wconf 83' lang='lat' dir='ltr'>Sens</span> <span class='ocrx_word' id='word_1_453' title='bbox 436 2809 469 2840; x_wconf 88' lang='lat'>&amp;</span> <span class='ocrx_word' id='word_1_454' title='bbox 486 2809 605 2841; x_wconf 72' lang='lat' dir='ltr'>Loiaute</span> <span class='ocrx_word' id='word_1_455' title='bbox 620 2810 670 2850; x_wconf 86' lang='lat' dir='ltr'>de,</span> <span class='ocrx_word' id='word_1_456' title='bbox 688 2820 747 2842; x_wconf 89' lang='lat' dir='ltr'>noz</span> <span class='ocrx_word' id='word_1_457' title='bbox 760 2819 842 2842; x_wconf 86' lang='lat' dir='ltr'>amcz</span> <span class='ocrx_word' id='word_1_458' title='bbox 861 2812 893 2843; x_wconf 90' lang='lat'>&amp;</span> <span class='ocrx_word' id='word_1_459' title='bbox 908 2811 986 2843; x_wconf 89' lang='lat' dir='ltr'>foials</span> <span class='ocrx_word' id='word_1_460' title='bbox 1007 2811 1158 2845; x_wconf 85' lang='lat' dir='ltr'>Counseil-</span> 
     </span>
     <span class='ocr_line' id='line_1_66' title="bbox 110 2854 174 2884; baseline 0.016 -9"><span class='ocrx_word' id='word_1_461' title='bbox 110 2854 152 2876; x_wconf 88' lang='lat' dir='ltr'>ers</span> <span class='ocrx_word' id='word_1_462' title='bbox 163 2868 174 2884; x_wconf 87' lang='lat'>,</span> 
     </span>
    </p>
   </div>
   <div class='ocr_carea' id='block_1_19' title="bbox 133 2923 1155 3463">
    <p class='ocr_par' dir='ltr' id='par_1_32' title="bbox 133 2923 1155 2991">
     <span class='ocr_line' id='line_1_67' title="bbox 133 2923 1155 2991; baseline 0.007 -38"><span class='ocrx_word' id='word_1_463' title='bbox 133 2923 262 2991; x_wconf 40' lang='lat' dir='ltr'>lViffliam</span> <span class='ocrx_word' id='word_1_464' title='bbox 277 2924 386 2954; x_wconf 65' lang='lat' dir='ltr'>Mar-leis</span> <span class='ocrx_word' id='word_1_465' title='bbox 402 2925 433 2955; x_wconf 82' lang='lat' dir='ltr'>de</span> <span class='ocrx_word' id='word_1_466' title='bbox 446 2924 558 2964; x_wconf 78' lang='lat' dir='ltr'>Julers,</span> <span class='ocrx_word' id='word_1_467' title='bbox 576 2924 614 2961; x_wconf 64' lang='grc' dir='ltr'><strong><em>ὠ</em></strong></span> <span class='ocrx_word' id='word_1_468' title='bbox 628 2929 712 2956; x_wconf 82' lang='lat' dir='ltr'>Conte</span> <span class='ocrx_word' id='word_1_469' title='bbox 726 2927 758 2957; x_wconf 84' lang='lat' dir='ltr'>de</span> <span class='ocrx_word' id='word_1_470' title='bbox 773 2927 954 2967; x_wconf 79' lang='lat' dir='ltr'>Cantebrigg,</span> <span class='ocrx_word' id='word_1_471' title='bbox 973 2928 1057 2969; x_wconf 85' lang='lat' dir='ltr'>nostre</span> <span class='ocrx_word' id='word_1_472' title='bbox 1076 2931 1155 2960; x_wconf 81' lang='lat' dir='ltr'>Tres—</span> 
     </span>
    </p>

    <p class='ocr_par' dir='ltr' id='par_1_33' title="bbox 136 2966 1155 3046">
     <span class='ocr_line' id='line_1_68' title="bbox 136 2966 1155 3046; baseline 0.007 -16"><span class='ocrx_word' id='word_1_473' title='bbox 136 2966 458 3040; x_wconf 44' lang='lat' dir='ltr'>l‘llcijsissnpydeere&#39;ssohun,</span> <span class='ocrx_word' id='word_1_474' title='bbox 477 3006 560 3033; x_wconf 81' lang='lat' dir='ltr'>Conte</span> <span class='ocrx_word' id='word_1_475' title='bbox 575 3003 605 3032; x_wconf 84' lang='lat' dir='ltr'>de</span> <span class='ocrx_word' id='word_1_476' title='bbox 619 3003 838 3044; x_wconf 80' lang='lat' dir='ltr'>Northampton,</span> <span class='ocrx_word' id='word_1_477' title='bbox 857 3004 1009 3046; x_wconf 75' lang='lat' dir='ltr'>Conestable</span> <span class='ocrx_word' id='word_1_478' title='bbox 1023 3007 1155 3045; x_wconf 83' lang='lat' dir='ltr'>d&#39;Engle-</span> 
     </span>
    </p>

    <p class='ocr_par' dir='ltr' id='par_1_34' title="bbox 138 3039 1154 3123">
     <span class='ocr_line' id='line_1_69' title="bbox 138 3039 1154 3123; baseline 0.008 -17"><span class='ocrx_word' id='word_1_479' title='bbox 138 3048 259 3107; x_wconf 49' lang='lat' dir='ltr'>Thtdggs’</span> <span class='ocrx_word' id='word_1_480' title='bbox 273 3039 494 3119; x_wconf 46' lang='lat' dir='ltr'>§gstlgzactxffi&#39;rzrip</span> <span class='ocrx_word' id='word_1_481' title='bbox 516 3083 599 3110; x_wconf 82' lang='lat' dir='ltr'>Conte</span> <span class='ocrx_word' id='word_1_482' title='bbox 619 3080 652 3109; x_wconf 67' lang='lat' dir='ltr'>ck</span> <span class='ocrx_word' id='word_1_483' title='bbox 675 3082 796 3111; x_wconf 47' lang='lat' dir='ltr'>Wssarwic</span> <span class='ocrx_word' id='word_1_484' title='bbox 812 3105 822 3121; x_wconf 83' lang='lat'>‚</span> <span class='ocrx_word' id='word_1_485' title='bbox 847 3081 1006 3122; x_wconf 67' lang='lat' dir='ltr'>lilarcfihal</span> <span class='ocrx_word' id='word_1_486' title='bbox 1023 3084 1154 3123; x_wconf 84' lang='lat' dir='ltr'>d‘Engle-</span> 
     </span>
    </p>

    <p class='ocr_par' dir='ltr' id='par_1_35' title="bbox 134 3124 551 3195">
     <span class='ocr_line' id='line_1_70' title="bbox 134 3124 551 3195; baseline 0.007 -12"><span class='ocrx_word' id='word_1_487' title='bbox 134 3124 322 3189; x_wconf 45' lang='lat' dir='ltr'>Exigiomey</span> <span class='ocrx_word' id='word_1_488' title='bbox 337 3155 368 3184; x_wconf 78' lang='lat' dir='ltr'>de</span> <span class='ocrx_word' id='word_1_489' title='bbox 382 3154 531 3193; x_wconf 75' lang='lat' dir='ltr'>Burgherlh</span> <span class='ocrx_word' id='word_1_490' title='bbox 541 3180 551 3195; x_wconf 90' lang='lat'>,</span> 
     </span>
    </p>

    <p class='ocr_par' dir='ltr' id='par_1_36' title="bbox 135 3193 832 3260">
     <span class='ocr_line' id='line_1_71' title="bbox 135 3193 832 3260; baseline 0.01 -40"><span class='ocrx_word' id='word_1_491' title='bbox 135 3193 258 3260; x_wconf 49' lang='grc' dir='ltr'>ξίατξὲἵζί</span> <span class='ocrx_word' id='word_1_492' title='bbox 269 3193 381 3231; x_wconf 81' lang='lat' dir='ltr'>Talbot,</span> <span class='ocrx_word' id='word_1_493' title='bbox 402 3195 540 3234; x_wconf 66' lang='lat' dir='ltr'>Sencjsc&#39;hal</span> <span class='ocrx_word' id='word_1_494' title='bbox 552 3196 584 3226; x_wconf 84' lang='lat' dir='ltr'>de</span> <span class='ocrx_word' id='word_1_495' title='bbox 598 3194 685 3238; x_wconf 83' lang='lat' dir='ltr'>nostre</span> <span class='ocrx_word' id='word_1_496' title='bbox 697 3197 832 3237; x_wconf 84' lang='lat' dir='ltr'>Houstiel,</span> 
     </span>
    </p>

    <p class='ocr_par' dir='ltr' id='par_1_37' title="bbox 136 3254 1155 3338">
     <span class='ocr_line' id='line_1_72' title="bbox 136 3254 1155 3338; baseline 0.01 -41"><span class='ocrx_word' id='word_1_497' title='bbox 136 3254 368 3337; x_wconf 43' lang='lat' dir='ltr'>lilffafE&#39;Tlluosrn-Z&#39;s</span> <span class='ocrx_word' id='word_1_498' title='bbox 387 3272 615 3338; x_wconf 47' lang='lat' dir='ltr'>Bradtjiwardyn,</span> <span class='ocrx_word' id='word_1_499' title='bbox 639 3273 755 3313; x_wconf 73' lang='lat' dir='ltr'>Masstre</span> <span class='ocrx_word' id='word_1_500' title='bbox 775 3285 807 3304; x_wconf 71' lang='lat' dir='ltr'>m</span> <span class='ocrx_word' id='word_1_501' title='bbox 828 3278 976 3315; x_wconf 75' lang='lat' dir='ltr'>Divinite,</span> <span class='ocrx_word' id='word_1_502' title='bbox 1001 3276 1155 3307; x_wconf 82' lang='lat' dir='ltr'>Chanceller</span> 
     </span>
    </p>

    <p class='ocr_par' dir='ltr' id='par_1_38' title="bbox 135 3312 890 3388">
     <span class='ocr_line' id='line_1_73' title="bbox 135 3312 890 3388; baseline 0.009 -14"><span class='ocrx_word' id='word_1_503' title='bbox 135 3320 250 3385; x_wconf 43' lang='lat' dir='ltr'>Maistre</span> <span class='ocrx_word' id='word_1_504' title='bbox 261 3312 551 3386; x_wconf 35' lang='lat' dir='ltr'>§banelilgaiggmseizy</span> <span class='ocrx_word' id='word_1_505' title='bbox 560 3371 569 3386; x_wconf 93' lang='lat'>,</span> <span class='ocrx_word' id='word_1_506' title='bbox 587 3349 739 3388; x_wconf 81' lang='lat' dir='ltr'>Chanoigne</span> <span class='ocrx_word' id='word_1_507' title='bbox 751 3351 782 3380; x_wconf 78' lang='lat' dir='ltr'>de</span> <span class='ocrx_word' id='word_1_508' title='bbox 796 3351 890 3381; x_wconf 75' lang='lat' dir='ltr'>Nicole</span> 
     </span>
    </p>

    <p class='ocr_par' dir='ltr' id='par_1_39' title="bbox 136 3376 1154 3463">
     <span class='ocr_line' id='line_1_74' title="bbox 136 3376 1154 3463; baseline 0.01 -50"><span class='ocrx_word' id='word_1_509' title='bbox 136 3385 308 3463; x_wconf 48' lang='lat' dir='ltr'>Etvgsgssre</span> <span class='ocrx_word' id='word_1_510' title='bbox 318 3386 447 3416; x_wconf 79' lang='lat' dir='ltr'>Andrew</span> <span class='ocrx_word' id='word_1_511' title='bbox 457 3388 489 3417; x_wconf 75' lang='lat' dir='ltr'>de</span> <span class='ocrx_word' id='word_1_512' title='bbox 501 3387 614 3427; x_wconf 83' lang='lat' dir='ltr'>Offord,</span> <span class='ocrx_word' id='word_1_513' title='bbox 632 3391 686 3417; x_wconf 90' lang='lat' dir='ltr'>Dr.</span> <span class='ocrx_word' id='word_1_514' title='bbox 706 3389 750 3418; x_wconf 80' lang='lat' dir='ltr'>des</span> <span class='ocrx_word' id='word_1_515' title='bbox 765 3392 852 3429; x_wconf 61' lang='lat' dir='ltr'>Lep,</span> <span class='ocrx_word' id='word_1_516' title='bbox 870 3376 1020 3430; x_wconf 48' lang='lat' dir='ltr'>Ckanoigne</span> <span class='ocrx_word' id='word_1_517' title='bbox 1033 3392 1154 3423; x_wconf 81' lang='lat' dir='ltr'>d&#39;Ever-</span> 
     </span>
     <span class='ocr_line' id='line_1_75' title="bbox 247 3447 256 3461; baseline 0 0"><span class='ocrx_word' id='word_1_518' title='bbox 247 3447 256 3461; x_wconf 67' lang='lat'>²</span> 
     </span>
    </p>
   </div>
   <div class='ocr_carea' id='block_1_20' title="bbox 99 3500 1160 4148">
    <p class='ocr_par' dir='ltr' id='par_1_40' title="bbox 99 3500 1158 3808">
     <span class='ocr_line' id='line_1_76' title="bbox 129 3500 1156 3544; baseline 0.009 -14"><span class='ocrx_word' id='word_1_519' title='bbox 129 3500 236 3543; x_wconf 74' lang='lat' dir='ltr'>Avons</span> <span class='ocrx_word' id='word_1_520' title='bbox 258 3500 393 3541; x_wconf 79' lang='lat' dir='ltr'>deputez,</span> <span class='ocrx_word' id='word_1_521' title='bbox 412 3502 446 3532; x_wconf 68' lang='lat' dir='ltr'>Sc</span> <span class='ocrx_word' id='word_1_522' title='bbox 469 3502 607 3540; x_wconf 83' lang='lat' dir='ltr'>deputons</span> <span class='ocrx_word' id='word_1_523' title='bbox 628 3513 676 3541; x_wconf 88' lang='lat' dir='ltr'>par</span> <span class='ocrx_word' id='word_1_524' title='bbox 700 3515 746 3535; x_wconf 88' lang='lat' dir='ltr'>ces</span> <span class='ocrx_word' id='word_1_525' title='bbox 770 3505 913 3544; x_wconf 76' lang='lat' dir='ltr'>presentz,</span> <span class='ocrx_word' id='word_1_526' title='bbox 931 3515 990 3537; x_wconf 83' lang='lat' dir='ltr'>noz</span> <span class='ocrx_word' id='word_1_527' title='bbox 1005 3506 1156 3539; x_wconf 88' lang='lat' dir='ltr'>Commis-</span> 
     </span>
     <span class='ocr_line' id='line_1_77' title="bbox 101 3538 1156 3583; baseline 0.009 -16"><span class='ocrx_word' id='word_1_528' title='bbox 101 3538 177 3576; x_wconf 80' lang='lat' dir='ltr'>sairs,</span> <span class='ocrx_word' id='word_1_529' title='bbox 195 3539 385 3577; x_wconf 83' lang='lat' dir='ltr'>Procurours,</span> <span class='ocrx_word' id='word_1_530' title='bbox 401 3541 562 3579; x_wconf 75' lang='lat' dir='ltr'>Traituers,</span> <span class='ocrx_word' id='word_1_531' title='bbox 581 3543 614 3572; x_wconf 86' lang='lat'>&amp;</span> <span class='ocrx_word' id='word_1_532' title='bbox 639 3542 779 3582; x_wconf 80' lang='lat' dir='ltr'>Meffages</span> <span class='ocrx_word' id='word_1_533' title='bbox 800 3544 944 3583; x_wconf 82' lang='lat' dir='ltr'>especials,</span> <span class='ocrx_word' id='word_1_534' title='bbox 963 3555 998 3575; x_wconf 88' lang='lat' dir='ltr'>en</span> <span class='ocrx_word' id='word_1_535' title='bbox 1020 3556 1099 3576; x_wconf 90' lang='lat' dir='ltr'>noun</span> <span class='ocrx_word' id='word_1_536' title='bbox 1120 3547 1156 3576; x_wconf 92' lang='lat' dir='ltr'>de</span> 
     </span>
     <span class='ocr_line' id='line_1_78' title="bbox 102 3578 1157 3619; baseline 0.01 -15"><span class='ocrx_word' id='word_1_537' title='bbox 102 3586 188 3614; x_wconf 87' lang='lat' dir='ltr'>nous,</span> <span class='ocrx_word' id='word_1_538' title='bbox 205 3578 238 3608; x_wconf 88' lang='lat'>&amp;</span> <span class='ocrx_word' id='word_1_539' title='bbox 254 3587 307 3614; x_wconf 88' lang='lat' dir='ltr'>pur</span> <span class='ocrx_word' id='word_1_540' title='bbox 325 3588 412 3615; x_wconf 89' lang='lat' dir='ltr'>nous,</span> <span class='ocrx_word' id='word_1_541' title='bbox 431 3590 483 3616; x_wconf 80' lang='lat' dir='ltr'>pur</span> <span class='ocrx_word' id='word_1_542' title='bbox 495 3581 585 3610; x_wconf 81' lang='lat' dir='ltr'>traiter</span> <span class='ocrx_word' id='word_1_543' title='bbox 598 3581 630 3610; x_wconf 71' lang='grc' dir='ltr'>δε</span> <span class='ocrx_word' id='word_1_544' title='bbox 642 3581 774 3619; x_wconf 85' lang='lat' dir='ltr'>acorder,</span> <span class='ocrx_word' id='word_1_545' title='bbox 793 3582 895 3613; x_wconf 87' lang='lat' dir='ltr'>devant</span> <span class='ocrx_word' id='word_1_546' title='bbox 917 3583 954 3613; x_wconf 90' lang='lat' dir='ltr'>les</span> <span class='ocrx_word' id='word_1_547' title='bbox 974 3584 1034 3614; x_wconf 82' lang='lat' dir='ltr'>ditz</span> <span class='ocrx_word' id='word_1_548' title='bbox 1054 3584 1157 3615; x_wconf 78' lang='lat' dir='ltr'>Cardi-</span> 
     </span>
     <span class='ocr_line' id='line_1_79' title="bbox 103 3614 1154 3657; baseline 0.011 -15"><span class='ocrx_word' id='word_1_549' title='bbox 103 3614 180 3657; x_wconf 21' lang='lat' dir='ltr'>nalxt,</span> <span class='ocrx_word' id='word_1_550' title='bbox 195 3615 242 3645; x_wconf 84' lang='lat' dir='ltr'>des</span> <span class='ocrx_word' id='word_1_551' title='bbox 263 3615 322 3645; x_wconf 84' lang='lat' dir='ltr'>ditz</span> <span class='ocrx_word' id='word_1_552' title='bbox 342 3616 464 3647; x_wconf 88' lang='lat' dir='ltr'>Descors</span> <span class='ocrx_word' id='word_1_553' title='bbox 485 3619 518 3648; x_wconf 62' lang='grc' dir='ltr'>ὃς</span> <span class='ocrx_word' id='word_1_554' title='bbox 540 3617 673 3655; x_wconf 88' lang='lat' dir='ltr'>Debatz,</span> <span class='ocrx_word' id='word_1_555' title='bbox 692 3630 720 3649; x_wconf 87' lang='lat' dir='ltr'>as</span> <span class='ocrx_word' id='word_1_556' title='bbox 740 3630 831 3657; x_wconf 77' lang='lat' dir='ltr'>queux</span> <span class='ocrx_word' id='word_1_557' title='bbox 851 3630 921 3651; x_wconf 72' lang='lat' dir='ltr'>nous</span> <span class='ocrx_word' id='word_1_558' title='bbox 941 3622 1054 3652; x_wconf 82' lang='lat' dir='ltr'>donons</span> <span class='ocrx_word' id='word_1_559' title='bbox 1074 3622 1154 3653; x_wconf 90' lang='lat' dir='ltr'>Plein</span> 
     </span>
     <span class='ocr_line' id='line_1_80' title="bbox 99 3650 1157 3700; baseline 0.011 -20"><span class='ocrx_word' id='word_1_560' title='bbox 99 3650 184 3681; x_wconf 84' lang='lat' dir='ltr'>Poair</span> <span class='ocrx_word' id='word_1_561' title='bbox 199 3654 233 3683; x_wconf 93' lang='lat' dir='ltr'>de</span> <span class='ocrx_word' id='word_1_562' title='bbox 247 3655 337 3683; x_wconf 81' lang='lat' dir='ltr'>traiter</span> <span class='ocrx_word' id='word_1_563' title='bbox 352 3656 384 3685; x_wconf 55' lang='grc' dir='ltr'>δ’</span> <span class='ocrx_word' id='word_1_564' title='bbox 397 3655 513 3685; x_wconf 83' lang='lat' dir='ltr'>acorder</span> <span class='ocrx_word' id='word_1_565' title='bbox 528 3656 565 3686; x_wconf 90' lang='lat' dir='ltr'>de</span> <span class='ocrx_word' id='word_1_566' title='bbox 579 3665 648 3686; x_wconf 85' lang='lat' dir='ltr'>touz</span> <span class='ocrx_word' id='word_1_567' title='bbox 662 3657 699 3687; x_wconf 84' lang='lat' dir='ltr'>les</span> <span class='ocrx_word' id='word_1_568' title='bbox 712 3657 835 3688; x_wconf 92' lang='lat' dir='ltr'>Descors</span> <span class='ocrx_word' id='word_1_569' title='bbox 849 3660 881 3689; x_wconf 87' lang='lat'><strong>&amp;</strong></span> <span class='ocrx_word' id='word_1_570' title='bbox 896 3659 1025 3697; x_wconf 83' lang='lat' dir='ltr'>Debatz,</span> <span class='ocrx_word' id='word_1_571' title='bbox 1042 3661 1157 3700; x_wconf 84' lang='lat' dir='ltr'>Qere-</span> 
     </span>
     <span class='ocr_line' id='line_1_81' title="bbox 101 3688 1156 3737; baseline 0.011 -19"><span class='ocrx_word' id='word_1_572' title='bbox 101 3688 159 3726; x_wconf 83' lang='lat' dir='ltr'>les,</span> <span class='ocrx_word' id='word_1_573' title='bbox 177 3691 330 3728; x_wconf 73' lang='lat' dir='ltr'>Qiestions</span> <span class='ocrx_word' id='word_1_574' title='bbox 345 3694 378 3723; x_wconf 62' lang='grc' dir='ltr'>ὃς</span> <span class='ocrx_word' id='word_1_575' title='bbox 394 3692 622 3732; x_wconf 77' lang='lat' dir='ltr'>ControversieS,</span> <span class='ocrx_word' id='word_1_576' title='bbox 641 3705 676 3732; x_wconf 88' lang='lat' dir='ltr'>qe</span> <span class='ocrx_word' id='word_1_577' title='bbox 689 3695 766 3734; x_wconf 87' lang='lat' dir='ltr'>sont,</span> <span class='ocrx_word' id='word_1_578' title='bbox 783 3707 822 3727; x_wconf 93' lang='lat' dir='ltr'>ou</span> <span class='ocrx_word' id='word_1_579' title='bbox 837 3707 955 3737; x_wconf 85' lang='lat' dir='ltr'>purront</span> <span class='ocrx_word' id='word_1_580' title='bbox 975 3698 1061 3736; x_wconf 89' lang='lat' dir='ltr'>estre,</span> <span class='ocrx_word' id='word_1_581' title='bbox 1079 3709 1156 3730; x_wconf 89' lang='lat' dir='ltr'>entre</span> 
     </span>
     <span class='ocr_line' id='line_1_82' title="bbox 104 3725 1158 3777; baseline 0.013 -22"><span class='ocrx_word' id='word_1_582' title='bbox 104 3725 191 3756; x_wconf 83' lang='lat' dir='ltr'>Nous</span> <span class='ocrx_word' id='word_1_583' title='bbox 209 3730 240 3758; x_wconf 63' lang='grc' dir='ltr'>ὃς</span> <span class='ocrx_word' id='word_1_584' title='bbox 262 3729 287 3758; x_wconf 90' lang='lat' dir='ltr'>le</span> <span class='ocrx_word' id='word_1_585' title='bbox 309 3731 349 3760; x_wconf 84' lang='lat' dir='ltr'>dit</span> <span class='ocrx_word' id='word_1_586' title='bbox 370 3731 429 3760; x_wconf 89' lang='lat' dir='ltr'>Sire</span> <span class='ocrx_word' id='word_1_587' title='bbox 449 3731 565 3770; x_wconf 86' lang='lat' dir='ltr'>Phelip,</span> <span class='ocrx_word' id='word_1_588' title='bbox 583 3734 616 3763; x_wconf 69' lang='grc' dir='ltr'>ὃς</span> <span class='ocrx_word' id='word_1_589' title='bbox 640 3733 677 3763; x_wconf 87' lang='lat' dir='ltr'>les</span> <span class='ocrx_word' id='word_1_590' title='bbox 699 3734 758 3764; x_wconf 89' lang='lat' dir='ltr'>ditz</span> <span class='ocrx_word' id='word_1_591' title='bbox 779 3734 889 3775; x_wconf 82' lang='lat' dir='ltr'>Alliez,</span> <span class='ocrx_word' id='word_1_592' title='bbox 915 3747 967 3774; x_wconf 84' lang='lat' dir='ltr'>pur</span> <span class='ocrx_word' id='word_1_593' title='bbox 990 3747 1158 3777; x_wconf 89' lang='lat' dir='ltr'>quecunque</span> 
     </span>
     <span class='ocr_line' id='line_1_83' title="bbox 103 3764 570 3808; baseline 0.013 -14"><span class='ocrx_word' id='word_1_594' title='bbox 103 3764 183 3795; x_wconf 84' lang='lat' dir='ltr'>cause</span> <span class='ocrx_word' id='word_1_595' title='bbox 196 3766 228 3795; x_wconf 71' lang='grc' dir='ltr'>ὃ(</span> <span class='ocrx_word' id='word_1_596' title='bbox 243 3769 372 3797; x_wconf 80' lang='lat' dir='ltr'>occasion</span> <span class='ocrx_word' id='word_1_597' title='bbox 388 3779 442 3806; x_wconf 92' lang='lat' dir='ltr'>que</span> <span class='ocrx_word' id='word_1_598' title='bbox 458 3779 490 3799; x_wconf 87' lang='lat' dir='ltr'>ce</span> <span class='ocrx_word' id='word_1_599' title='bbox 503 3770 570 3808; x_wconf 89' lang='lat' dir='ltr'>soit,</span> 
     </span>
    </p>

    <p class='ocr_par' dir='ltr' id='par_1_41' title="bbox 99 3802 1159 4002">
     <span class='ocr_line' id='line_1_84' title="bbox 141 3802 1157 3853; baseline 0.012 -21"><span class='ocrx_word' id='word_1_600' title='bbox 141 3802 179 3833; x_wconf 89' lang='lat' dir='ltr'>Et</span> <span class='ocrx_word' id='word_1_601' title='bbox 193 3811 253 3833; x_wconf 91' lang='lat' dir='ltr'>tout</span> <span class='ocrx_word' id='word_1_602' title='bbox 269 3814 317 3839; x_wconf 68' lang='lat' dir='ltr'>ee,</span> <span class='ocrx_word' id='word_1_603' title='bbox 337 3807 382 3848; x_wconf 83' lang='lat' dir='ltr'>qui</span> <span class='ocrx_word' id='word_1_604' title='bbox 397 3817 445 3843; x_wconf 82' lang='lat' dir='ltr'>par</span> <span class='ocrx_word' id='word_1_605' title='bbox 462 3808 498 3837; x_wconf 86' lang='lat' dir='ltr'>les</span> <span class='ocrx_word' id='word_1_606' title='bbox 513 3808 572 3837; x_wconf 88' lang='lat' dir='ltr'>ditz</span> <span class='ocrx_word' id='word_1_607' title='bbox 584 3808 744 3847; x_wconf 84' lang='lat' dir='ltr'>Traituers,</span> <span class='ocrx_word' id='word_1_608' title='bbox 763 3810 861 3848; x_wconf 85' lang='lat' dir='ltr'>Oyut,</span> <span class='ocrx_word' id='word_1_609' title='bbox 879 3812 964 3850; x_wconf 76' lang='lat' dir='ltr'>Sept,</span> <span class='ocrx_word' id='word_1_610' title='bbox 983 3813 1040 3851; x_wconf 89' lang='lat' dir='ltr'>Sis,</span> <span class='ocrx_word' id='word_1_611' title='bbox 1059 3812 1157 3853; x_wconf 81' lang='lat' dir='ltr'>Cynk,</span> 
     </span>
     <span class='ocr_line' id='line_1_85' title="bbox 103 3841 1159 3889; baseline 0.013 -20"><span class='ocrx_word' id='word_1_612' title='bbox 103 3841 232 3879; x_wconf 82' lang='lat' dir='ltr'>Qatre,</span> <span class='ocrx_word' id='word_1_613' title='bbox 245 3851 283 3871; x_wconf 91' lang='lat' dir='ltr'>ou</span> <span class='ocrx_word' id='word_1_614' title='bbox 297 3843 380 3884; x_wconf 76' lang='lat' dir='ltr'>Trois</span> <span class='ocrx_word' id='word_1_615' title='bbox 395 3851 429 3874; x_wconf 76' lang='lat' dir='ltr'>ue</span> <span class='ocrx_word' id='word_1_616' title='bbox 444 3855 513 3882; x_wconf 71' lang='lat' dir='ltr'>cuX,</span> <span class='ocrx_word' id='word_1_617' title='bbox 533 3846 603 3876; x_wconf 86' lang='lat' dir='ltr'>serra</span> <span class='ocrx_word' id='word_1_618' title='bbox 616 3847 723 3877; x_wconf 87' lang='lat' dir='ltr'>Tretee</span> <span class='ocrx_word' id='word_1_619' title='bbox 739 3849 770 3878; x_wconf 87' lang='lat'>&amp;</span> <span class='ocrx_word' id='word_1_620' title='bbox 790 3849 922 3889; x_wconf 80' lang='lat' dir='ltr'>Acorde,</span> <span class='ocrx_word' id='word_1_621' title='bbox 940 3861 1012 3881; x_wconf 84' lang='lat' dir='ltr'>nous</span> <span class='ocrx_word' id='word_1_622' title='bbox 1033 3862 1159 3888; x_wconf 83' lang='lat' dir='ltr'>promet-</span> 
     </span>
     <span class='ocr_line' id='line_1_86' title="bbox 102 3879 1159 3924; baseline 0.012 -16"><span class='ocrx_word' id='word_1_623' title='bbox 102 3887 182 3922; x_wconf 80' lang='lat' dir='ltr'>tons,</span> <span class='ocrx_word' id='word_1_624' title='bbox 201 3889 235 3909; x_wconf 88' lang='lat' dir='ltr'>en</span> <span class='ocrx_word' id='word_1_625' title='bbox 249 3879 325 3922; x_wconf 79' lang='lat' dir='ltr'>bone</span> <span class='ocrx_word' id='word_1_626' title='bbox 340 3883 394 3921; x_wconf 69' lang='lat' dir='ltr'>ioi,</span> <span class='ocrx_word' id='word_1_627' title='bbox 413 3893 463 3918; x_wconf 88' lang='lat' dir='ltr'>pur</span> <span class='ocrx_word' id='word_1_628' title='bbox 478 3884 564 3913; x_wconf 81' lang='lat' dir='ltr'>Nous</span> <span class='ocrx_word' id='word_1_629' title='bbox 574 3908 583 3921; x_wconf 87' lang='lat'>,</span> <span class='ocrx_word' id='word_1_630' title='bbox 598 3885 630 3915; x_wconf 84' lang='lat'>&amp;</span> <span class='ocrx_word' id='word_1_631' title='bbox 647 3895 699 3922; x_wconf 88' lang='lat' dir='ltr'>pur</span> <span class='ocrx_word' id='word_1_632' title='bbox 713 3895 770 3915; x_wconf 84' lang='lat' dir='ltr'>noz</span> <span class='ocrx_word' id='word_1_633' title='bbox 784 3887 883 3924; x_wconf 65' lang='lat' dir='ltr'>Heus,</span> <span class='ocrx_word' id='word_1_634' title='bbox 899 3900 912 3917; x_wconf 78' lang='lat' dir='ltr'>a</span> <span class='ocrx_word' id='word_1_635' title='bbox 928 3891 998 3918; x_wconf 78' lang='lat' dir='ltr'>tenir</span> <span class='ocrx_word' id='word_1_636' title='bbox 1011 3890 1043 3920; x_wconf 91' lang='lat'>&amp;</span> <span class='ocrx_word' id='word_1_637' title='bbox 1058 3901 1159 3920; x_wconf 91' lang='lat' dir='ltr'>acom-</span> 
     </span>
     <span class='ocr_line' id='line_1_87' title="bbox 101 3917 1159 3964; baseline 0.013 -19"><span class='ocrx_word' id='word_1_638' title='bbox 101 3917 172 3955; x_wconf 83' lang='lat' dir='ltr'>plir,</span> <span class='ocrx_word' id='word_1_639' title='bbox 189 3919 222 3948; x_wconf 83' lang='lat'>&amp;</span> <span class='ocrx_word' id='word_1_640' title='bbox 238 3927 316 3948; x_wconf 83' lang='lat' dir='ltr'>avoir</span> <span class='ocrx_word' id='word_1_641' title='bbox 335 3922 421 3949; x_wconf 66' lang='lat' dir='ltr'>terme</span> <span class='ocrx_word' id='word_1_642' title='bbox 436 3922 469 3950; x_wconf 63' lang='grc' dir='ltr'>ὃς</span> <span class='ocrx_word' id='word_1_643' title='bbox 481 3923 623 3960; x_wconf 79' lang='lat' dir='ltr'>agreeable</span> <span class='ocrx_word' id='word_1_644' title='bbox 638 3934 652 3953; x_wconf 86' lang='lat' dir='ltr'>a</span> <span class='ocrx_word' id='word_1_645' title='bbox 675 3932 743 3953; x_wconf 76' lang='lat' dir='ltr'>touz</span> <span class='ocrx_word' id='word_1_646' title='bbox 761 3925 915 3964; x_wconf 72' lang='lat' dir='ltr'>Jouri&#39;mes,</span> <span class='ocrx_word' id='word_1_647' title='bbox 936 3927 1000 3957; x_wconf 80' lang='lat' dir='ltr'>sanz</span> <span class='ocrx_word' id='word_1_648' title='bbox 1020 3930 1102 3958; x_wconf 87' lang='lat' dir='ltr'>venir</span> <span class='ocrx_word' id='word_1_649' title='bbox 1123 3939 1159 3959; x_wconf 91' lang='lat' dir='ltr'>en</span> 
     </span>
     <span class='ocr_line' id='line_1_88' title="bbox 99 3955 1077 4002; baseline 0.012 -18"><span class='ocrx_word' id='word_1_650' title='bbox 99 3964 201 3998; x_wconf 82' lang='lat' dir='ltr'>contre</span> <span class='ocrx_word' id='word_1_651' title='bbox 216 3965 263 3992; x_wconf 77' lang='lat' dir='ltr'>par</span> <span class='ocrx_word' id='word_1_652' title='bbox 278 3955 378 3999; x_wconf 82' lang='lat' dir='ltr'>Nous,</span> <span class='ocrx_word' id='word_1_653' title='bbox 396 3967 430 3986; x_wconf 87' lang='lat' dir='ltr'>ne</span> <span class='ocrx_word' id='word_1_654' title='bbox 446 3968 493 3994; x_wconf 81' lang='lat' dir='ltr'>pai·</span> <span class='ocrx_word' id='word_1_655' title='bbox 505 3969 596 3996; x_wconf 78' lang='lat' dir='ltr'>autre,</span> <span class='ocrx_word' id='word_1_656' title='bbox 616 3970 663 3997; x_wconf 84' lang='lat' dir='ltr'>par</span> <span class='ocrx_word' id='word_1_657' title='bbox 680 3962 762 3998; x_wconf 87' lang='lat' dir='ltr'>quele</span> <span class='ocrx_word' id='word_1_658' title='bbox 776 3973 889 3994; x_wconf 81' lang='lat' dir='ltr'>manere</span> <span class='ocrx_word' id='word_1_659' title='bbox 902 3975 956 4002; x_wconf 85' lang='lat' dir='ltr'>que</span> <span class='ocrx_word' id='word_1_660' title='bbox 971 3975 1004 3995; x_wconf 90' lang='lat' dir='ltr'>ce</span> <span class='ocrx_word' id='word_1_661' title='bbox 1018 3967 1077 3996; x_wconf 86' lang='lat' dir='ltr'>soit.</span> 
     </span>
    </p>

    <p class='ocr_par' dir='ltr' id='par_1_42' title="bbox 101 3993 1160 4071">
     <span class='ocr_line' id='line_1_89' title="bbox 140 3993 1160 4037; baseline 0.013 -14"><span class='ocrx_word' id='word_1_662' title='bbox 140 3993 184 4037; x_wconf 68' lang='lat' dir='ltr'>lzn</span> <span class='ocrx_word' id='word_1_663' title='bbox 198 3994 425 4032; x_wconf 79' lang='lat' dir='ltr'>Tcsmoignance</span> <span class='ocrx_word' id='word_1_664' title='bbox 438 3996 472 4024; x_wconf 89' lang='lat' dir='ltr'>de</span> <span class='ocrx_word' id='word_1_665' title='bbox 486 3996 509 4026; x_wconf 90' lang='lat' dir='ltr'>la</span> <span class='ocrx_word' id='word_1_666' title='bbox 521 3999 600 4034; x_wconf 91' lang='lat' dir='ltr'>quele</span> <span class='ocrx_word' id='word_1_667' title='bbox 616 4000 700 4029; x_wconf 87' lang='lat' dir='ltr'>chose</span> <span class='ocrx_word' id='word_1_668' title='bbox 713 4010 784 4030; x_wconf 79' lang='lat' dir='ltr'>nous</span> <span class='ocrx_word' id='word_1_669' title='bbox 798 4012 886 4032; x_wconf 83' lang='lat' dir='ltr'>avons</span> <span class='ocrx_word' id='word_1_670' title='bbox 901 4004 948 4034; x_wconf 69' lang='lat' dir='ltr'>fait</span> <span class='ocrx_word' id='word_1_671' title='bbox 972 4014 1070 4035; x_wconf 83' lang='lat' dir='ltr'>mettre</span> <span class='ocrx_word' id='word_1_672' title='bbox 1093 4015 1160 4036; x_wconf 88' lang='lat' dir='ltr'>nos-</span> 
     </span>
     <span class='ocr_line' id='line_1_90' title="bbox 101 4031 462 4071; baseline 0 -10"><span class='ocrx_word' id='word_1_673' title='bbox 101 4039 142 4061; x_wconf 82' lang='lat' dir='ltr'>tre</span> <span class='ocrx_word' id='word_1_674' title='bbox 157 4031 217 4060; x_wconf 57' lang='lat' dir='ltr'>§eal</span> <span class='ocrx_word' id='word_1_675' title='bbox 231 4042 244 4060; x_wconf 83' lang='lat' dir='ltr'>a</span> <span class='ocrx_word' id='word_1_676' title='bbox 260 4042 303 4061; x_wconf 83' lang='lat' dir='ltr'>ces</span> <span class='ocrx_word' id='word_1_677' title='bbox 320 4032 462 4071; x_wconf 78' lang='lat' dir='ltr'>presentes.</span> 
     </span>
    </p>

    <p class='ocr_par' dir='ltr' id='par_1_43' title="bbox 103 4069 1160 4148">
     <span class='ocr_line' id='line_1_91' title="bbox 142 4069 1160 4117; baseline 0.017 -21"><span class='ocrx_word' id='word_1_678' title='bbox 142 4069 219 4111; x_wconf 58' lang='lat' dir='ltr'>pon.</span> <span class='ocrx_word' id='word_1_679' title='bbox 234 4069 337 4112; x_wconf 47' lang='lat' dir='ltr'>deygmt</span> <span class='ocrx_word' id='word_1_680' title='bbox 360 4070 461 4105; x_wconf 68' lang='lat' dir='ltr'>Caleys</span> <span class='ocrx_word' id='word_1_681' title='bbox 477 4094 486 4108; x_wconf 84' lang='lat'>,</span> <span class='ocrx_word' id='word_1_682' title='bbox 510 4071 537 4103; x_wconf 86' lang='lat' dir='ltr'>le</span> <span class='ocrx_word' id='word_1_683' title='bbox 559 4074 610 4102; x_wconf 77' lang='lat' dir='ltr'>xxii</span> <span class='ocrx_word' id='word_1_684' title='bbox 628 4075 694 4111; x_wconf 87' lang='lat' dir='ltr'>jour</span> <span class='ocrx_word' id='word_1_685' title='bbox 716 4076 894 4117; x_wconf 63' lang='lat' dir='ltr'>d’Oetobre,</span> <span class='ocrx_word' id='word_1_686' title='bbox 921 4078 987 4110; x_wconf 77' lang='lat' dir='ltr'>l&#39;An</span> <span class='ocrx_word' id='word_1_687' title='bbox 1007 4079 1043 4110; x_wconf 91' lang='lat' dir='ltr'>de</span> <span class='ocrx_word' id='word_1_688' title='bbox 1063 4080 1160 4113; x_wconf 85' lang='lat' dir='ltr'>Grace</span> 
     </span>
     <span class='ocr_line' id='line_1_92' title="bbox 103 4105 692 4148; baseline 0.008 -11"><span class='ocrx_word' id='word_1_689' title='bbox 103 4106 189 4144; x_wconf 67' lang='grc' dir='ltr'>ΜιΛ,</span> <span class='ocrx_word' id='word_1_690' title='bbox 210 4108 230 4136; x_wconf 77' lang='lat'>&#39;1</span> <span class='ocrx_word' id='word_1_691' title='bbox 242 4113 394 4147; x_wconf 53' lang='lat' dir='ltr'>rorice-niz,</span> <span class='ocrx_word' id='word_1_692' title='bbox 415 4105 575 4148; x_wconf 63' lang='lat' dir='ltr'>erenze,</span> <span class='ocrx_word' id='word_1_693' title='bbox 595 4111 692 4143; x_wconf 78' lang='lat' dir='ltr'>Siime.</span> 
     </span>
    </p>
   </div>
   <div class='ocr_carea' id='block_1_21' title="bbox 566 185 1830 238">
    <p class='ocr_par' dir='ltr' id='par_1_44' title="bbox 566 185 1830 238">
     <span class='ocr_line' id='line_1_93' title="bbox 566 185 1830 238; baseline -0.008 -3"><span class='ocrx_word' id='word_1_694' title='bbox 566 187 1375 238; x_wconf 87' lang='lat' dir='ltr'>CONVENTIONES,</span> <span class='ocrx_word' id='word_1_695' title='bbox 1434 185 1830 237; x_wconf 89' lang='lat' dir='ltr'>LITERAE,</span> 
     </span>
    </p>
   </div>
   <div class='ocr_carea' id='block_1_22' title="bbox 2296 271 2431 352">
    <p class='ocr_par' dir='ltr' id='par_1_45' title="bbox 2296 271 2431 352">
     <span class='ocr_line' id='line_1_94' title="bbox 2296 271 2431 306; baseline 0.015 -2"><span class='ocrx_word' id='word_1_696' title='bbox 2296 271 2373 305; x_wconf 86' lang='lat' dir='ltr'>Arm.</span> <span class='ocrx_word' id='word_1_697' title='bbox 2389 273 2431 306; x_wconf 93' lang='lat' dir='ltr'>D.</span> 
     </span>
     <span class='ocr_line' id='line_1_95' title="bbox 2318 314 2406 352; baseline 0.045 -11"><span class='ocrx_word' id='word_1_698' title='bbox 2318 314 2406 352; x_wconf 84' lang='lat'>1346.</span> 
     </span>
    </p>
   </div>
   <div class='ocr_carea' id='block_1_23' title="bbox 1245 351 2412 404">
    <p class='ocr_par' dir='ltr' id='par_1_46' title="bbox 1245 351 2412 404">
     <span class='ocr_line' id='line_1_96' title="bbox 1245 351 2412 404; baseline 0.001 -15"><span class='ocrx_word' id='word_1_699' title='bbox 1245 359 1494 392; x_wconf 82' lang='lat' dir='ltr'>Procuratorium</span> <span class='ocrx_word' id='word_1_700' title='bbox 1511 354 1556 388; x_wconf 83' lang='lat' dir='ltr'>ad</span> <span class='ocrx_word' id='word_1_701' title='bbox 1569 353 1766 389; x_wconf 62' lang='lat' dir='ltr'>trasiandum</span> <span class='ocrx_word' id='word_1_702' title='bbox 1781 366 1852 387; x_wconf 82' lang='lat' dir='ltr'>cum</span> <span class='ocrx_word' id='word_1_703' title='bbox 1869 351 2091 402; x_wconf 76' lang='lat' dir='ltr'>quibuftunque</span> <span class='ocrx_word' id='word_1_704' title='bbox 2107 353 2144 388; x_wconf 87' lang='lat' dir='ltr'>de</span> <span class='ocrx_word' id='word_1_705' title='bbox 2164 359 2262 404; x_wconf 83' lang='lat' dir='ltr'>Ligis.</span> <span class='ocrx_word' id='word_1_706' title='bbox 2296 351 2364 380; x_wconf 77' lang='lat' dir='ltr'><em>Edv.</em></span> <span class='ocrx_word' id='word_1_707' title='bbox 2385 362 2412 389; x_wconf 84' lang='lat'>3·</span> 
     </span>
    </p>
   </div>
   <div class='ocr_carea' id='block_1_24' title="bbox 1210 437 2430 1254">
    <p class='ocr_par' dir='ltr' id='par_1_47' title="bbox 1286 437 2414 512">
     <span class='ocr_line' id='line_1_97' title="bbox 1286 437 2414 512; baseline -0.006 -39"><span class='ocrx_word' id='word_1_708' title='bbox 1286 441 1431 511; x_wconf 75' lang='lat' dir='ltr'>Nliversis,</span> <span class='ocrx_word' id='word_1_709' title='bbox 1449 441 1595 480; x_wconf 76' lang='lat' dir='ltr'>praesentes</span> <span class='ocrx_word' id='word_1_710' title='bbox 1615 440 1734 472; x_wconf 88' lang='lat' dir='ltr'>Litteras</span> <span class='ocrx_word' id='word_1_711' title='bbox 1756 439 1935 479; x_wconf 65' lang='lat' dir='ltr'>inspesturis,</span> <span class='ocrx_word' id='word_1_712' title='bbox 1953 437 2125 479; x_wconf 82' lang='lat' dir='ltr'>Edwardus,</span> <span class='ocrx_word' id='word_1_713' title='bbox 2143 441 2205 474; x_wconf 90' lang='lat' dir='ltr'>&amp;c.</span> <span class='ocrx_word' id='word_1_714' title='bbox 2233 442 2285 474; x_wconf 86' lang='lat' dir='ltr'>Sa-</span> <span class='ocrx_word' id='word_1_715' title='bbox 2297 439 2414 512; x_wconf 44' lang='lat' dir='ltr'>{fn-320.</span> 
     </span>
     <span class='ocr_line' id='line_1_98' title="bbox 1319 489 2378 510; baseline 0.001 0"><span class='ocrx_word' id='word_1_716' title='bbox 1319 489 1406 510; x_wconf 72' lang='lat' dir='ltr'>sstem.</span> <span class='ocrx_word' id='word_1_717' title='bbox 1612 502 1614 506; x_wconf 94' lang='lat'>·</span> <span class='ocrx_word' id='word_1_718' title='bbox 2321 497 2328 503; x_wconf 92' lang='lat'>·</span> <span class='ocrx_word' id='word_1_719' title='bbox 2371 495 2378 501; x_wconf 85' lang='grc'><em>·</em></span> 
     </span>
    </p>

    <p class='ocr_par' dir='ltr' id='par_1_48' title="bbox 1250 512 2405 557">
     <span class='ocr_line' id='line_1_99' title="bbox 1250 512 2405 557; baseline 0.003 -9"><span class='ocrx_word' id='word_1_720' title='bbox 1250 518 1350 550; x_wconf 84' lang='lat' dir='ltr'>Sciatis</span> <span class='ocrx_word' id='word_1_721' title='bbox 1367 517 1447 556; x_wconf 78' lang='lat' dir='ltr'>quod</span> <span class='ocrx_word' id='word_1_722' title='bbox 1463 528 1545 557; x_wconf 68' lang='lat' dir='ltr'>nos,⁴</span> <span class='ocrx_word' id='word_1_723' title='bbox 2299 512 2405 542; x_wconf 75' lang='lat' dir='ltr'>lbidem.</span> 
     </span>
    </p>

    <p class='ocr_par' dir='ltr' id='par_1_49' title="bbox 1212 556 2401 748">
     <span class='ocr_line' id='line_1_100' title="bbox 1251 556 2401 596; baseline 0 -9"><span class='ocrx_word' id='word_1_724' title='bbox 1251 556 1301 588; x_wconf 94' lang='lat' dir='ltr'>De</span> <span class='ocrx_word' id='word_1_725' title='bbox 1319 556 1451 587; x_wconf 86' lang='lat' dir='ltr'>fidelitate</span> <span class='ocrx_word' id='word_1_726' title='bbox 1472 558 1506 589; x_wconf 89' lang='lat'>&amp;</span> <span class='ocrx_word' id='word_1_727' title='bbox 1528 557 1783 596; x_wconf 62' lang='lat' dir='ltr'>circumspectione</span> <span class='ocrx_word' id='word_1_728' title='bbox 1803 556 1941 596; x_wconf 61' lang='lat' dir='ltr'>provida,</span> <span class='ocrx_word' id='word_1_729' title='bbox 1967 556 2140 588; x_wconf 65' lang='lat' dir='ltr'>diled’torum</span> <span class='ocrx_word' id='word_1_730' title='bbox 2159 558 2195 590; x_wconf 76' lang='grc' dir='ltr'>δε</span> <span class='ocrx_word' id='word_1_731' title='bbox 2216 557 2287 590; x_wconf 88' lang='lat' dir='ltr'>fide-</span> <span class='ocrx_word' id='word_1_732' title='bbox 2300 561 2337 581; x_wconf 76' lang='lat' dir='ltr'>m·</span> <span class='ocrx_word' id='word_1_733' title='bbox 2357 561 2401 587; x_wconf 85' lang='lat'>¹9·</span> 
     </span>
     <span class='ocr_line' id='line_1_101' title="bbox 1213 594 2286 636; baseline 0.003 -10"><span class='ocrx_word' id='word_1_734' title='bbox 1213 595 1283 626; x_wconf 88' lang='lat' dir='ltr'>lium</span> <span class='ocrx_word' id='word_1_735' title='bbox 1298 594 1462 626; x_wconf 82' lang='lat' dir='ltr'>nostrorum</span> <span class='ocrx_word' id='word_1_736' title='bbox 1471 620 1480 632; x_wconf 82' lang='lat'>,</span> <span class='ocrx_word' id='word_1_737' title='bbox 1494 595 1646 625; x_wconf 87' lang='lat' dir='ltr'>Willielmi</span> <span class='ocrx_word' id='word_1_738' title='bbox 1659 595 1708 627; x_wconf 82' lang='lat' dir='ltr'>filz</span> <span class='ocrx_word' id='word_1_739' title='bbox 1721 596 1834 636; x_wconf 86' lang='lat' dir='ltr'>Waryn</span> <span class='ocrx_word' id='word_1_740' title='bbox 1871 597 1905 627; x_wconf 66' lang='grc' dir='ltr'>ὃς</span> <span class='ocrx_word' id='word_1_741' title='bbox 1921 594 2068 626; x_wconf 85' lang='lat' dir='ltr'>Wolfardi</span> <span class='ocrx_word' id='word_1_742' title='bbox 2081 596 2118 626; x_wconf 89' lang='lat' dir='ltr'>de</span> <span class='ocrx_word' id='word_1_743' title='bbox 2132 596 2286 636; x_wconf 80' lang='lat' dir='ltr'>Gysteiles,</span> 
     </span>
     <span class='ocr_line' id='line_1_102' title="bbox 1213 619 2285 674; baseline 0.003 -10"><span class='ocrx_word' id='word_1_744' title='bbox 1213 634 1363 672; x_wconf 78' lang='lat' dir='ltr'>Militum,</span> <span class='ocrx_word' id='word_1_745' title='bbox 1380 633 1510 672; x_wconf 82' lang='lat' dir='ltr'>Magistri</span> <span class='ocrx_word' id='word_1_746' title='bbox 1530 633 1681 664; x_wconf 82' lang='lat' dir='ltr'>Michaelis</span> <span class='ocrx_word' id='word_1_747' title='bbox 1704 633 1740 664; x_wconf 88' lang='lat' dir='ltr'>de</span> <span class='ocrx_word' id='word_1_748' title='bbox 1761 619 1958 674; x_wconf 64' lang='lat' dir='ltr'>Northburgh</span> <span class='ocrx_word' id='word_1_749' title='bbox 1996 633 2136 665; x_wconf 63' lang='lat' dir='ltr'>Dodtoris</span> <span class='ocrx_word' id='word_1_750' title='bbox 2151 635 2196 667; x_wconf 88' lang='lat' dir='ltr'>Le</span> <span class='ocrx_word' id='word_1_751' title='bbox 2235 646 2285 674; x_wconf 82' lang='lat' dir='ltr'>m,</span> 
     </span>
     <span class='ocr_line' id='line_1_103' title="bbox 1213 656 2286 742; baseline 0.003 -39"><span class='ocrx_word' id='word_1_752' title='bbox 1213 671 1355 742; x_wconf 54' lang='lat' dir='ltr'>Canffiiici</span> <span class='ocrx_word' id='word_1_753' title='bbox 1379 670 1602 711; x_wconf 79' lang='lat' dir='ltr'>Lichfeldensis,</span> <span class='ocrx_word' id='word_1_754' title='bbox 1621 672 1655 703; x_wconf 92' lang='lat'>&amp;</span> <span class='ocrx_word' id='word_1_755' title='bbox 1675 672 1798 704; x_wconf 87' lang='lat' dir='ltr'>Roberti</span> <span class='ocrx_word' id='word_1_756' title='bbox 1817 672 1854 704; x_wconf 89' lang='lat' dir='ltr'>de</span> <span class='ocrx_word' id='word_1_757' title='bbox 1876 656 1998 704; x_wconf 49' lang='lat' dir='ltr'>Fordio</span> <span class='ocrx_word' id='word_1_758' title='bbox 2023 672 2126 704; x_wconf 80' lang='lat' dir='ltr'>Militis</span> <span class='ocrx_word' id='word_1_759' title='bbox 2139 698 2151 712; x_wconf 90' lang='lat'>,</span> <span class='ocrx_word' id='word_1_760' title='bbox 2176 676 2286 713; x_wconf 76' lang='lat' dir='ltr'>penitis</span> 
     </span>
     <span class='ocr_line' id='line_1_104' title="bbox 1212 719 1410 748; baseline -0.005 -6"><span class='ocrx_word' id='word_1_761' title='bbox 1212 721 1270 742; x_wconf 92' lang='lat' dir='ltr'>con</span> <span class='ocrx_word' id='word_1_762' title='bbox 1310 719 1410 748; x_wconf 84' lang='lat' dir='ltr'>entes,</span> 
     </span>
    </p>

    <p class='ocr_par' dir='ltr' id='par_1_50' title="bbox 1211 748 2285 945">
     <span class='ocr_line' id='line_1_105' title="bbox 1251 748 2285 789; baseline 0.003 -9"><span class='ocrx_word' id='word_1_763' title='bbox 1251 749 1298 781; x_wconf 92' lang='lat' dir='ltr'>Ad</span> <span class='ocrx_word' id='word_1_764' title='bbox 1314 748 1510 780; x_wconf 65' lang='lat' dir='ltr'>Trmstandum</span> <span class='ocrx_word' id='word_1_765' title='bbox 1525 750 1558 780; x_wconf 91' lang='lat'>&amp;</span> <span class='ocrx_word' id='word_1_766' title='bbox 1573 748 1823 780; x_wconf 82' lang='lat' dir='ltr'>concordandum</span> <span class='ocrx_word' id='word_1_767' title='bbox 1836 749 1873 781; x_wconf 91' lang='lat' dir='ltr'>de</span> <span class='ocrx_word' id='word_1_768' title='bbox 1896 749 1976 789; x_wconf 88' lang='lat' dir='ltr'>Ligis</span> <span class='ocrx_word' id='word_1_769' title='bbox 1995 750 2029 781; x_wconf 91' lang='lat'>&amp;</span> <span class='ocrx_word' id='word_1_770' title='bbox 2051 750 2194 782; x_wconf 87' lang='lat' dir='ltr'>Amicitiis</span> <span class='ocrx_word' id='word_1_771' title='bbox 2211 752 2285 784; x_wconf 84' lang='lat' dir='ltr'>inter</span> 
     </span>
     <span class='ocr_line' id='line_1_106' title="bbox 1212 787 2283 831; baseline 0.003 -12"><span class='ocrx_word' id='word_1_772' title='bbox 1212 788 1300 827; x_wconf 89' lang='lat' dir='ltr'>Nos,</span> <span class='ocrx_word' id='word_1_773' title='bbox 1316 798 1370 826; x_wconf 90' lang='lat' dir='ltr'>pro</span> <span class='ocrx_word' id='word_1_774' title='bbox 1386 787 1504 826; x_wconf 88' lang='lat' dir='ltr'>Nobis,</span> <span class='ocrx_word' id='word_1_775' title='bbox 1524 788 1651 826; x_wconf 83' lang='lat' dir='ltr'>Liberis,</span> <span class='ocrx_word' id='word_1_776' title='bbox 1669 789 1702 818; x_wconf 69' lang='grc' dir='ltr'>ὃς</span> <span class='ocrx_word' id='word_1_777' title='bbox 1724 787 1896 819; x_wconf 84' lang='lat' dir='ltr'>Haeredibus</span> <span class='ocrx_word' id='word_1_778' title='bbox 1915 789 2035 827; x_wconf 84' lang='lat' dir='ltr'>nostris,</span> <span class='ocrx_word' id='word_1_779' title='bbox 2055 799 2090 820; x_wconf 83' lang='lat' dir='ltr'>ex</span> <span class='ocrx_word' id='word_1_780' title='bbox 2111 790 2169 821; x_wconf 74' lang='lat' dir='ltr'>una</span> <span class='ocrx_word' id='word_1_781' title='bbox 2188 800 2283 831; x_wconf 86' lang='lat' dir='ltr'>parte,</span> 
     </span>
     <span class='ocr_line' id='line_1_107' title="bbox 1211 826 2284 867; baseline 0.004 -10"><span class='ocrx_word' id='word_1_782' title='bbox 1211 827 1247 858; x_wconf 91' lang='lat'>&amp;</span> <span class='ocrx_word' id='word_1_783' title='bbox 1267 826 1452 865; x_wconf 85' lang='lat' dir='ltr'>quoscunque</span> <span class='ocrx_word' id='word_1_784' title='bbox 1471 826 1617 864; x_wconf 88' lang='lat' dir='ltr'>Principes</span> <span class='ocrx_word' id='word_1_785' title='bbox 1641 828 1675 857; x_wconf 87' lang='lat'>&amp;</span> <span class='ocrx_word' id='word_1_786' title='bbox 1689 826 1835 865; x_wconf 83' lang='lat' dir='ltr'>Nobiles,</span> <span class='ocrx_word' id='word_1_787' title='bbox 1854 827 1939 857; x_wconf 83' lang='lat' dir='ltr'>etiam</span> <span class='ocrx_word' id='word_1_788' title='bbox 1959 828 1981 858; x_wconf 85' lang='lat' dir='ltr'>fi</span> <span class='ocrx_word' id='word_1_789' title='bbox 1998 827 2138 867; x_wconf 86' lang='lat' dir='ltr'>Imperiali</span> <span class='ocrx_word' id='word_1_790' title='bbox 2156 830 2203 860; x_wconf 92' lang='lat' dir='ltr'>vel</span> <span class='ocrx_word' id='word_1_791' title='bbox 2222 829 2284 861; x_wconf 89' lang='lat' dir='ltr'>Re-</span> 
     </span>
     <span class='ocr_line' id='line_1_108' title="bbox 1212 864 2283 908; baseline 0.003 -13"><span class='ocrx_word' id='word_1_792' title='bbox 1212 865 1268 903; x_wconf 89' lang='lat' dir='ltr'>gali</span> <span class='ocrx_word' id='word_1_793' title='bbox 1283 865 1409 903; x_wconf 88' lang='lat' dir='ltr'>fulgeant</span> <span class='ocrx_word' id='word_1_794' title='bbox 1424 864 1588 904; x_wconf 69' lang='lat' dir='ltr'>Dignstaoe,</span> <span class='ocrx_word' id='word_1_795' title='bbox 1607 875 1660 903; x_wconf 88' lang='lat' dir='ltr'>pro</span> <span class='ocrx_word' id='word_1_796' title='bbox 1673 865 1751 905; x_wconf 85' lang='lat' dir='ltr'>ipsis,</span> <span class='ocrx_word' id='word_1_797' title='bbox 1770 865 1900 903; x_wconf 83' lang='lat' dir='ltr'>Liberis,</span> <span class='ocrx_word' id='word_1_798' title='bbox 1918 865 1952 896; x_wconf 92' lang='lat'>&amp;</span> <span class='ocrx_word' id='word_1_799' title='bbox 1972 864 2145 898; x_wconf 86' lang='lat' dir='ltr'>Haeredibus</span> <span class='ocrx_word' id='word_1_800' title='bbox 2165 867 2233 908; x_wconf 88' lang='lat' dir='ltr'>suis,</span> <span class='ocrx_word' id='word_1_801' title='bbox 2248 877 2283 900; x_wconf 83' lang='lat' dir='ltr'>ex</span> 
     </span>
     <span class='ocr_line' id='line_1_109' title="bbox 1212 902 2153 945; baseline 0.003 -11"><span class='ocrx_word' id='word_1_802' title='bbox 1212 903 1264 935; x_wconf 73' lang='lat' dir='ltr'>alia</span> <span class='ocrx_word' id='word_1_803' title='bbox 1277 903 1494 942; x_wconf 84' lang='lat' dir='ltr'>contrahendis,</span> <span class='ocrx_word' id='word_1_804' title='bbox 1512 904 1546 935; x_wconf 70' lang='grc' dir='ltr'>ὃς</span> <span class='ocrx_word' id='word_1_805' title='bbox 1562 905 1666 934; x_wconf 87' lang='lat' dir='ltr'>mutuis</span> <span class='ocrx_word' id='word_1_806' title='bbox 1682 904 1798 934; x_wconf 86' lang='lat' dir='ltr'>Auxiliis</span> <span class='ocrx_word' id='word_1_807' title='bbox 1812 904 1880 934; x_wconf 88' lang='lat' dir='ltr'>hinc</span> <span class='ocrx_word' id='word_1_808' title='bbox 1895 902 1962 933; x_wconf 77' lang='lat' dir='ltr'>inde</span> <span class='ocrx_word' id='word_1_809' title='bbox 1974 905 2153 945; x_wconf 71' lang='lat' dir='ltr'>praestandis,</span> 
     </span>
    </p>

    <p class='ocr_par' dir='ltr' id='par_1_51' title="bbox 1251 941 2217 985">
     <span class='ocr_line' id='line_1_110' title="bbox 1251 941 2217 985; baseline 0.003 -11"><span class='ocrx_word' id='word_1_810' title='bbox 1251 942 1298 974; x_wconf 89' lang='lat' dir='ltr'>Ac</span> <span class='ocrx_word' id='word_1_811' title='bbox 1311 944 1396 974; x_wconf 86' lang='lat' dir='ltr'>etiarn</span> <span class='ocrx_word' id='word_1_812' title='bbox 1408 942 1445 974; x_wconf 90' lang='lat' dir='ltr'>de</span> <span class='ocrx_word' id='word_1_813' title='bbox 1457 942 1612 974; x_wconf 86' lang='lat' dir='ltr'>Securitate</span> <span class='ocrx_word' id='word_1_814' title='bbox 1626 952 1690 981; x_wconf 79' lang='lat' dir='ltr'>quae</span> <span class='ocrx_word' id='word_1_815' title='bbox 1707 945 1811 973; x_wconf 82' lang='lat' dir='ltr'>mutuo</span> <span class='ocrx_word' id='word_1_816' title='bbox 1825 941 1885 972; x_wconf 83' lang='lat' dir='ltr'>fieri</span> <span class='ocrx_word' id='word_1_817' title='bbox 1897 942 1997 972; x_wconf 87' lang='lat' dir='ltr'>debeat</span> <span class='ocrx_word' id='word_1_818' title='bbox 2010 943 2039 972; x_wconf 88' lang='lat' dir='ltr'>in</span> <span class='ocrx_word' id='word_1_819' title='bbox 2054 943 2107 975; x_wconf 81' lang='lat' dir='ltr'>bac</span> <span class='ocrx_word' id='word_1_820' title='bbox 2121 953 2217 985; x_wconf 86' lang='lat' dir='ltr'>parte,</span> 
     </span>
    </p>

    <p class='ocr_par' dir='ltr' id='par_1_52' title="bbox 1210 979 2430 1098">
     <span class='ocr_line' id='line_1_111' title="bbox 1251 979 2430 1025; baseline 0.003 -13"><span class='ocrx_word' id='word_1_821' title='bbox 1251 982 1270 1001; x_wconf 64' lang='lat'>³*</span> <span class='ocrx_word' id='word_1_822' title='bbox 1289 981 1328 1013; x_wconf 92' lang='lat' dir='ltr'>Et</span> <span class='ocrx_word' id='word_1_823' title='bbox 1339 981 1373 1012; x_wconf 87' lang='lat' dir='ltr'>ad</span> <span class='ocrx_word' id='word_1_824' title='bbox 1389 991 1439 1021; x_wconf 91' lang='lat' dir='ltr'>ea,</span> <span class='ocrx_word' id='word_1_825' title='bbox 1458 991 1523 1020; x_wconf 84' lang='lat' dir='ltr'>quae</span> <span class='ocrx_word' id='word_1_826' title='bbox 1536 981 1573 1012; x_wconf 85' lang='lat' dir='ltr'>fic</span> <span class='ocrx_word' id='word_1_827' title='bbox 1587 980 1722 1012; x_wconf 68' lang='lat' dir='ltr'>TracCtata</span> <span class='ocrx_word' id='word_1_828' title='bbox 1736 981 1841 1012; x_wconf 86' lang='lat' dir='ltr'>fuerint</span> <span class='ocrx_word' id='word_1_829' title='bbox 1854 980 1888 1011; x_wconf 89' lang='lat'>&amp;</span> <span class='ocrx_word' id='word_1_830' title='bbox 1908 979 2116 1024; x_wconf 82' lang='lat' dir='ltr'>Concordata,</span> <span class='ocrx_word' id='word_1_831' title='bbox 2132 984 2217 1015; x_wconf 89' lang='lat' dir='ltr'>nobis</span> <span class='ocrx_word' id='word_1_832' title='bbox 2238 995 2283 1015; x_wconf 90' lang='lat' dir='ltr'>re-</span> <span class='ocrx_word' id='word_1_833' title='bbox 2299 986 2314 1003; x_wconf 71' lang='lat'>⁸</span> <span class='ocrx_word' id='word_1_834' title='bbox 2327 989 2430 1025; x_wconf 87' lang='lat' dir='ltr'>V.530.</span> 
     </span>
     <span class='ocr_line' id='line_1_112' title="bbox 1211 1019 2282 1058; baseline 0.003 -7"><span class='ocrx_word' id='word_1_835' title='bbox 1211 1020 1378 1058; x_wconf 83' lang='lat' dir='ltr'>ferendum,</span> <span class='ocrx_word' id='word_1_836' title='bbox 1408 1029 1439 1051; x_wconf 90' lang='lat' dir='ltr'>ut</span> <span class='ocrx_word' id='word_1_837' title='bbox 1460 1030 1492 1050; x_wconf 87' lang='lat' dir='ltr'>ea</span> <span class='ocrx_word' id='word_1_838' title='bbox 1513 1019 1667 1058; x_wconf 84' lang='lat' dir='ltr'>poffimus,</span> <span class='ocrx_word' id='word_1_839' title='bbox 1692 1028 1778 1058; x_wconf 88' lang='lat' dir='ltr'>prout</span> <span class='ocrx_word' id='word_1_840' title='bbox 1797 1019 1911 1051; x_wconf 69' lang='lat' dir='ltr'>traetata</span> <span class='ocrx_word' id='word_1_841' title='bbox 1932 1019 2055 1058; x_wconf 78' lang='lat' dir='ltr'>fuerint,</span> <span class='ocrx_word' id='word_1_842' title='bbox 2070 1021 2224 1058; x_wconf 86' lang='lat' dir='ltr'>approbare</span> <span class='ocrx_word' id='word_1_843' title='bbox 2247 1025 2282 1056; x_wconf 68' lang='grc' dir='ltr'>ὃς</span> 
     </span>
     <span class='ocr_line' id='line_1_113' title="bbox 1210 1058 1500 1098; baseline -0.007 -7"><span class='ocrx_word' id='word_1_844' title='bbox 1210 1061 1295 1091; x_wconf 87' lang='lat' dir='ltr'>etiam</span> <span class='ocrx_word' id='word_1_845' title='bbox 1310 1058 1500 1098; x_wconf 81' lang='lat' dir='ltr'>confirmare,</span> 
     </span>
    </p>

    <p class='ocr_par' dir='ltr' id='par_1_53' title="bbox 1210 1096 2280 1205">
     <span class='ocr_line' id='line_1_114' title="bbox 1248 1096 2280 1137; baseline 0.004 -10"><span class='ocrx_word' id='word_1_846' title='bbox 1248 1097 1314 1136; x_wconf 81' lang='lat' dir='ltr'>Ipfis</span> <span class='ocrx_word' id='word_1_847' title='bbox 1336 1098 1489 1135; x_wconf 80' lang='lat' dir='ltr'>omnibus,</span> <span class='ocrx_word' id='word_1_848' title='bbox 1515 1097 1641 1135; x_wconf 84' lang='lat' dir='ltr'>Tribus,</span> <span class='ocrx_word' id='word_1_849' title='bbox 1672 1097 1706 1128; x_wconf 91' lang='lat'>&amp;</span> <span class='ocrx_word' id='word_1_850' title='bbox 1729 1096 1855 1128; x_wconf 89' lang='lat' dir='ltr'>Duobus</span> <span class='ocrx_word' id='word_1_851' title='bbox 1875 1106 1978 1127; x_wconf 86' lang='lat' dir='ltr'>eorum</span> <span class='ocrx_word' id='word_1_852' title='bbox 2018 1096 2157 1137; x_wconf 87' lang='lat' dir='ltr'>plenam,</span> <span class='ocrx_word' id='word_1_853' title='bbox 2182 1105 2280 1131; x_wconf 83' lang='lat' dir='ltr'>tenore</span> 
     </span>
     <span class='ocr_line' id='line_1_115' title="bbox 1210 1134 2085 1205; baseline -0.001 -38"><span class='ocrx_word' id='word_1_854' title='bbox 1210 1136 1407 1205; x_wconf 48' lang='lat' dir='ltr'>praesentium,</span> <span class='ocrx_word' id='word_1_855' title='bbox 1425 1137 1635 1167; x_wconf 89' lang='lat' dir='ltr'>committimus</span> <span class='ocrx_word' id='word_1_856' title='bbox 1651 1135 1684 1166; x_wconf 89' lang='lat'>&amp;</span> <span class='ocrx_word' id='word_1_857' title='bbox 1698 1135 1885 1167; x_wconf 88' lang='lat' dir='ltr'>concedimus</span> <span class='ocrx_word' id='word_1_858' title='bbox 1901 1134 1975 1166; x_wconf 88' lang='lat' dir='ltr'>Pote</span> <span class='ocrx_word' id='word_1_859' title='bbox 2001 1143 2085 1167; x_wconf 82' lang='lat' dir='ltr'>atem.</span> 
     </span>
    </p>

    <p class='ocr_par' dir='ltr' id='par_1_54' title="bbox 1262 1176 1470 1206">
     <span class='ocr_line' id='line_1_116' title="bbox 1262 1176 1470 1206; baseline 0.005 -1"><span class='ocrx_word' id='word_1_860' title='bbox 1262 1185 1281 1205; x_wconf 91' lang='lat' dir='ltr'>n</span> <span class='ocrx_word' id='word_1_861' title='bbox 1294 1176 1372 1204; x_wconf 88' lang='lat' dir='ltr'>cu&#39;us</span> <span class='ocrx_word' id='word_1_862' title='bbox 1407 1176 1470 1206; x_wconf 88' lang='lat' dir='ltr'>&amp;c.</span> 
     </span>
    </p>

    <p class='ocr_par' dir='ltr' id='par_1_55' title="bbox 1283 1185 2229 1254">
     <span class='ocr_line' id='line_1_117' title="bbox 1283 1185 2229 1254; baseline 0.001 -10"><span class='ocrx_word' id='word_1_863' title='bbox 1283 1185 1471 1254; x_wconf 59' lang='lat' dir='ltr'>Tejste’Rege</span> <span class='ocrx_word' id='word_1_864' title='bbox 1480 1214 1558 1252; x_wconf 84' lang='lat' dir='ltr'>juxta</span> <span class='ocrx_word' id='word_1_865' title='bbox 1571 1212 1713 1244; x_wconf 81' lang='lat' dir='ltr'>Calesium</span> <span class='ocrx_word' id='word_1_866' title='bbox 1722 1237 1733 1253; x_wconf 94' lang='lat'>,</span> <span class='ocrx_word' id='word_1_867' title='bbox 1749 1212 1888 1245; x_wconf 79' lang='lat' dir='ltr'>vicesimo</span> <span class='ocrx_word' id='word_1_868' title='bbox 1901 1211 2009 1244; x_wconf 69' lang='lat' dir='ltr'>oCtavo</span> <span class='ocrx_word' id='word_1_869' title='bbox 2022 1212 2069 1244; x_wconf 90' lang='lat' dir='ltr'>die</span> <span class='ocrx_word' id='word_1_870' title='bbox 2082 1213 2229 1246; x_wconf 62' lang='lat' dir='ltr'>octobris.</span> 
     </span>
    </p>
   </div>
   <div class='ocr_carea' id='block_1_25' title="bbox 1231 1337 2258 1437">
    <p class='ocr_par' dir='ltr' id='par_1_56' title="bbox 1231 1337 2258 1437">
     <span class='ocr_line' id='line_1_118' title="bbox 1231 1337 2258 1382; baseline 0.003 -9"><span class='ocrx_word' id='word_1_871' title='bbox 1231 1343 1281 1376; x_wconf 84' lang='lat' dir='ltr'>De</span> <span class='ocrx_word' id='word_1_872' title='bbox 1294 1338 1452 1373; x_wconf 66' lang='lat' dir='ltr'>traslando</span> <span class='ocrx_word' id='word_1_873' title='bbox 1469 1351 1538 1373; x_wconf 83' lang='lat' dir='ltr'>cum</span> <span class='ocrx_word' id='word_1_874' title='bbox 1556 1342 1694 1373; x_wconf 82' lang='lat' dir='ltr'>Inimicis</span> <span class='ocrx_word' id='word_1_875' title='bbox 1711 1337 1748 1373; x_wconf 88' lang='lat' dir='ltr'>de</span> <span class='ocrx_word' id='word_1_876' title='bbox 1768 1341 1888 1382; x_wconf 60' lang='lat' dir='ltr'>Senia,</span> <span class='ocrx_word' id='word_1_877' title='bbox 1908 1338 1952 1373; x_wconf 86' lang='lat' dir='ltr'>ad</span> <span class='ocrx_word' id='word_1_878' title='bbox 1970 1338 2076 1374; x_wconf 87' lang='lat' dir='ltr'>Fidem</span> <span class='ocrx_word' id='word_1_879' title='bbox 2090 1343 2128 1380; x_wconf 60' lang='grc' dir='ltr'>ᾤ’</span> <span class='ocrx_word' id='word_1_880' title='bbox 2147 1344 2258 1376; x_wconf 83' lang='lat' dir='ltr'>Pacem</span> 
     </span>
     <span class='ocr_line' id='line_1_119' title="bbox 1544 1386 1944 1437; baseline 0.003 -14"><span class='ocrx_word' id='word_1_881' title='bbox 1544 1391 1632 1437; x_wconf 83' lang='lat' dir='ltr'>Regis</span> <span class='ocrx_word' id='word_1_882' title='bbox 1650 1391 1752 1423; x_wconf 84' lang='lat' dir='ltr'>venire</span> <span class='ocrx_word' id='word_1_883' title='bbox 1766 1386 1944 1424; x_wconf 75' lang='lat' dir='ltr'>volentibus.</span> 
     </span>
    </p>
   </div>
   <div class='ocr_carea' id='block_1_26' title="bbox 1200 1474 2429 2479">
    <p class='ocr_par' dir='ltr' id='par_1_57' title="bbox 1200 1474 2429 2479">
     <span class='ocr_line' id='line_1_120' title="bbox 1212 1474 2427 1532; baseline 0.006 -26"><span class='ocrx_word' id='word_1_884' title='bbox 1212 1474 1331 1532; x_wconf 79' lang='lat' dir='ltr'>REX</span> <span class='ocrx_word' id='word_1_885' title='bbox 1348 1477 1516 1516; x_wconf 82' lang='lat' dir='ltr'>Univerfis,</span> <span class='ocrx_word' id='word_1_886' title='bbox 1534 1476 1568 1507; x_wconf 86' lang='lat' dir='ltr'>ad</span> <span class='ocrx_word' id='word_1_887' title='bbox 1585 1485 1675 1515; x_wconf 87' lang='lat' dir='ltr'>quos,</span> <span class='ocrx_word' id='word_1_888' title='bbox 1692 1475 1752 1507; x_wconf 70' lang='grc' dir='ltr'>ὅτε.</span> <span class='ocrx_word' id='word_1_889' title='bbox 1767 1474 1903 1506; x_wconf 84' lang='lat' dir='ltr'>Salutem.</span> <span class='ocrx_word' id='word_1_890' title='bbox 2294 1479 2371 1513; x_wconf 85' lang='lat' dir='ltr'>Ann.</span> <span class='ocrx_word' id='word_1_891' title='bbox 2385 1481 2427 1515; x_wconf 90' lang='lat' dir='ltr'>D.</span> 
     </span>
     <span class='ocr_line' id='line_1_121' title="bbox 1309 1515 2410 1561; baseline 0.006 -16"><span class='ocrx_word' id='word_1_892' title='bbox 1309 1516 1406 1547; x_wconf 85' lang='lat' dir='ltr'>Sciatis</span> <span class='ocrx_word' id='word_1_893' title='bbox 1420 1516 1500 1555; x_wconf 79' lang='lat' dir='ltr'>quod</span> <span class='ocrx_word' id='word_1_894' title='bbox 1521 1515 1589 1546; x_wconf 88' lang='lat' dir='ltr'>Nos</span> <span class='ocrx_word' id='word_1_895' title='bbox 2320 1523 2410 1561; x_wconf 80' lang='lat'><em>1346.</em></span> 
     </span>
     <span class='ocr_line' id='line_1_122' title="bbox 1250 1539 2408 1600; baseline 0.006 -18"><span class='ocrx_word' id='word_1_896' title='bbox 1250 1551 1299 1584; x_wconf 92' lang='lat' dir='ltr'>De</span> <span class='ocrx_word' id='word_1_897' title='bbox 1324 1554 1467 1586; x_wconf 86' lang='lat' dir='ltr'>Fidelitate</span> <span class='ocrx_word' id='word_1_898' title='bbox 1487 1539 1605 1594; x_wconf 55' lang='lat' dir='ltr'>probatd</span> <span class='ocrx_word' id='word_1_899' title='bbox 1623 1553 1657 1584; x_wconf 89' lang='lat'>&amp;</span> <span class='ocrx_word' id='word_1_900' title='bbox 1679 1552 1949 1598; x_wconf 71' lang='lat' dir='ltr'>Circumspefflone</span> <span class='ocrx_word' id='word_1_901' title='bbox 1970 1553 2091 1593; x_wconf 65' lang='lat' dir='ltr'>providi</span> <span class='ocrx_word' id='word_1_902' title='bbox 2103 1579 2113 1594; x_wconf 90' lang='lat'>,</span> <span class='ocrx_word' id='word_1_903' title='bbox 2139 1553 2277 1600; x_wconf 66' lang='lat' dir='ltr'>Dilefsto-</span> <span class='ocrx_word' id='word_1_904' title='bbox 2291 1562 2345 1589; x_wconf 79' lang='lat' dir='ltr'>An.</span> <span class='ocrx_word' id='word_1_905' title='bbox 2362 1572 2408 1592; x_wconf 85' lang='lat'>20.</span> 
     </span>
     <span class='ocr_line' id='line_1_123' title="bbox 1209 1591 2373 1636; baseline 0.006 -15"><span class='ocrx_word' id='word_1_906' title='bbox 1209 1599 1273 1621; x_wconf 90' lang='lat' dir='ltr'>rum</span> <span class='ocrx_word' id='word_1_907' title='bbox 1293 1593 1327 1623; x_wconf 88' lang='lat'>&amp;</span> <span class='ocrx_word' id='word_1_908' title='bbox 1348 1594 1488 1625; x_wconf 85' lang='lat' dir='ltr'>Fidelium</span> <span class='ocrx_word' id='word_1_909' title='bbox 1504 1592 1687 1631; x_wconf 80' lang='lat' dir='ltr'>nostrorum,</span> <span class='ocrx_word' id='word_1_910' title='bbox 1705 1591 1830 1623; x_wconf 83' lang='lat' dir='ltr'>Gilberu</span> <span class='ocrx_word' id='word_1_911' title='bbox 1843 1592 1879 1623; x_wconf 89' lang='lat' dir='ltr'>de</span> <span class='ocrx_word' id='word_1_912' title='bbox 1892 1591 2083 1624; x_wconf 81' lang='lat' dir='ltr'>Umframviu</span> <span class='ocrx_word' id='word_1_913' title='bbox 2104 1593 2229 1626; x_wconf 80' lang='lat' dir='ltr'>Comitis</span> <span class='ocrx_word' id='word_1_914' title='bbox 2242 1594 2279 1626; x_wconf 90' lang='lat' dir='ltr'>de</span> <span class='ocrx_word' id='word_1_915' title='bbox 2293 1602 2323 1627; x_wconf 74' lang='grc' dir='ltr'>Ε.</span> <span class='ocrx_word' id='word_1_916' title='bbox 2345 1609 2373 1636; x_wconf 85' lang='lat'>3·</span> 
     </span>
     <span class='ocr_line' id='line_1_124' title="bbox 1208 1628 2427 1673; baseline 0.005 -12"><span class='ocrx_word' id='word_1_917' title='bbox 1208 1628 1342 1671; x_wconf 81' lang='lat' dir='ltr'>Anegos,</span> <span class='ocrx_word' id='word_1_918' title='bbox 1368 1632 1489 1664; x_wconf 88' lang='lat' dir='ltr'>Henrici</span> <span class='ocrx_word' id='word_1_919' title='bbox 1511 1631 1547 1662; x_wconf 94' lang='lat' dir='ltr'>de</span> <span class='ocrx_word' id='word_1_920' title='bbox 1566 1630 1676 1673; x_wconf 90' lang='lat' dir='ltr'>Percy,</span> <span class='ocrx_word' id='word_1_921' title='bbox 1701 1632 1735 1663; x_wconf 91' lang='lat'>&amp;</span> <span class='ocrx_word' id='word_1_922' title='bbox 1754 1630 1902 1670; x_wconf 86' lang='lat' dir='ltr'>Radulphi</span> <span class='ocrx_word' id='word_1_923' title='bbox 1926 1631 1963 1662; x_wconf 90' lang='lat' dir='ltr'>de</span> <span class='ocrx_word' id='word_1_924' title='bbox 1982 1631 2102 1671; x_wconf 87' lang='lat' dir='ltr'>Nevill,</span> <span class='ocrx_word' id='word_1_925' title='bbox 2129 1632 2280 1665; x_wconf 87' lang='lat' dir='ltr'>confiden-</span> <span class='ocrx_word' id='word_1_926' title='bbox 2294 1642 2361 1666; x_wconf 75' lang='lat' dir='ltr'>scot.</span> <span class='ocrx_word' id='word_1_927' title='bbox 2381 1649 2427 1668; x_wconf 89' lang='lat'>20.</span> 
     </span>
     <span class='ocr_line' id='line_1_125' title="bbox 1207 1675 2429 1707; baseline 0.007 -9"><span class='ocrx_word' id='word_1_928' title='bbox 1207 1675 1264 1705; x_wconf 82' lang='lat' dir='ltr'>tes,</span> <span class='ocrx_word' id='word_1_929' title='bbox 2295 1680 2326 1705; x_wconf 77' lang='grc' dir='ltr'>Ε.</span> <span class='ocrx_word' id='word_1_930' title='bbox 2361 1700 2368 1706; x_wconf 91' lang='grc'><strong>.</strong></span> <span class='ocrx_word' id='word_1_931' title='bbox 2389 1688 2429 1707; x_wconf 85' lang='lat' dir='ltr'>m.</span> 
     </span>
     <span class='ocr_line' id='line_1_126' title="bbox 1245 1687 2355 1753; baseline 0.006 -15"><span class='ocrx_word' id='word_1_932' title='bbox 1245 1708 1292 1738; x_wconf 91' lang='lat' dir='ltr'>Ad</span> <span class='ocrx_word' id='word_1_933' title='bbox 1307 1708 1502 1741; x_wconf 65' lang='lat' dir='ltr'>Traftandum</span> <span class='ocrx_word' id='word_1_934' title='bbox 1519 1719 1587 1741; x_wconf 92' lang='lat' dir='ltr'>cum</span> <span class='ocrx_word' id='word_1_935' title='bbox 1599 1708 1732 1739; x_wconf 82' lang='lat' dir='ltr'>universis</span> <span class='ocrx_word' id='word_1_936' title='bbox 1747 1709 1781 1741; x_wconf 87' lang='lat'>&amp;</span> <span class='ocrx_word' id='word_1_937' title='bbox 1796 1708 1906 1749; x_wconf 65' lang='lat' dir='ltr'>singulis</span> <span class='ocrx_word' id='word_1_938' title='bbox 1927 1708 2097 1741; x_wconf 90' lang='lat' dir='ltr'>Adversariis</span> <span class='ocrx_word' id='word_1_939' title='bbox 2118 1711 2223 1743; x_wconf 88' lang='lat' dir='ltr'>nostris</span> <span class='ocrx_word' id='word_1_940' title='bbox 2242 1711 2280 1743; x_wconf 88' lang='lat' dir='ltr'>de</span> <span class='ocrx_word' id='word_1_941' title='bbox 2294 1725 2326 1753; x_wconf 86' lang='lat'>4.</span> <span class='ocrx_word' id='word_1_942' title='bbox 2342 1687 2355 1715; x_wconf 69' lang='lat'><em>3</em></span> 
     </span>
     <span class='ocr_line' id='line_1_127' title="bbox 1206 1745 2280 1788; baseline 0.007 -13"><span class='ocrx_word' id='word_1_943' title='bbox 1206 1745 1321 1785; x_wconf 88' lang='lat' dir='ltr'>Scotia,</span> <span class='ocrx_word' id='word_1_944' title='bbox 1338 1750 1542 1787; x_wconf 87' lang='lat' dir='ltr'>cujuscumque</span> <span class='ocrx_word' id='word_1_945' title='bbox 1554 1746 1641 1779; x_wconf 78' lang='lat' dir='ltr'>statiis</span> <span class='ocrx_word' id='word_1_946' title='bbox 1655 1747 1700 1778; x_wconf 85' lang='lat' dir='ltr'>seu</span> <span class='ocrx_word' id='word_1_947' title='bbox 1717 1747 1890 1779; x_wconf 88' lang='lat' dir='ltr'>conditionis</span> <span class='ocrx_word' id='word_1_948' title='bbox 1912 1747 2032 1788; x_wconf 83' lang='lat' dir='ltr'>fuerint,</span> <span class='ocrx_word' id='word_1_949' title='bbox 2051 1750 2100 1788; x_wconf 86' lang='lat' dir='ltr'>qui</span> <span class='ocrx_word' id='word_1_950' title='bbox 2121 1749 2156 1780; x_wconf 89' lang='lat' dir='ltr'>ad</span> <span class='ocrx_word' id='word_1_951' title='bbox 2176 1750 2280 1782; x_wconf 88' lang='lat' dir='ltr'>Fidem</span> 
     </span>
     <span class='ocr_line' id='line_1_128' title="bbox 1206 1783 1773 1825; baseline 0 -9"><span class='ocrx_word' id='word_1_952' title='bbox 1206 1785 1239 1816; x_wconf 89' lang='lat'>&amp;</span> <span class='ocrx_word' id='word_1_953' title='bbox 1257 1783 1362 1816; x_wconf 77' lang='lat' dir='ltr'>Pacem</span> <span class='ocrx_word' id='word_1_954' title='bbox 1378 1787 1484 1818; x_wconf 88' lang='lat' dir='ltr'>nostras</span> <span class='ocrx_word' id='word_1_955' title='bbox 1500 1788 1597 1818; x_wconf 89' lang='lat' dir='ltr'>venire</span> <span class='ocrx_word' id='word_1_956' title='bbox 1611 1786 1773 1825; x_wconf 90' lang='lat' dir='ltr'>voluerint,</span> 
     </span>
     <span class='ocr_line' id='line_1_129' title="bbox 1244 1823 2279 1865; baseline 0.007 -12"><span class='ocrx_word' id='word_1_957' title='bbox 1244 1823 1282 1854; x_wconf 89' lang='lat' dir='ltr'>Et</span> <span class='ocrx_word' id='word_1_958' title='bbox 1297 1826 1330 1855; x_wconf 92' lang='lat' dir='ltr'>ad</span> <span class='ocrx_word' id='word_1_959' title='bbox 1348 1826 1434 1865; x_wconf 84' lang='lat' dir='ltr'>ipsos,</span> <span class='ocrx_word' id='word_1_960' title='bbox 1453 1827 1486 1857; x_wconf 73' lang='grc' dir='ltr'>ὃ(</span> <span class='ocrx_word' id='word_1_961' title='bbox 1501 1835 1603 1856; x_wconf 89' lang='lat' dir='ltr'>eorum</span> <span class='ocrx_word' id='word_1_962' title='bbox 1619 1825 1794 1864; x_wconf 85' lang='lat' dir='ltr'>quemlibet,</span> <span class='ocrx_word' id='word_1_963' title='bbox 1812 1824 1846 1855; x_wconf 92' lang='lat' dir='ltr'>ad</span> <span class='ocrx_word' id='word_1_964' title='bbox 1860 1824 2024 1864; x_wconf 87' lang='lat' dir='ltr'>hujusmodi</span> <span class='ocrx_word' id='word_1_965' title='bbox 2044 1825 2145 1857; x_wconf 88' lang='lat' dir='ltr'>Fidem</span> <span class='ocrx_word' id='word_1_966' title='bbox 2167 1827 2202 1858; x_wconf 89' lang='lat'>&amp;</span> <span class='ocrx_word' id='word_1_967' title='bbox 2222 1826 2279 1860; x_wconf 83' lang='lat' dir='ltr'>Pa-</span> 
     </span>
     <span class='ocr_line' id='line_1_130' title="bbox 1205 1862 2278 1908; baseline 0.007 -17"><span class='ocrx_word' id='word_1_968' title='bbox 1205 1871 1271 1905; x_wconf 81' lang='lat' dir='ltr'>cem</span> <span class='ocrx_word' id='word_1_969' title='bbox 1287 1863 1394 1905; x_wconf 81' lang='lat' dir='ltr'>nostras</span> <span class='ocrx_word' id='word_1_970' title='bbox 1409 1865 1508 1903; x_wconf 89' lang='lat' dir='ltr'>(prout</span> <span class='ocrx_word' id='word_1_971' title='bbox 1522 1865 1610 1902; x_wconf 81' lang='lat' dir='ltr'>magis</span> <span class='ocrx_word' id='word_1_972' title='bbox 1627 1862 1756 1908; x_wconf 80' lang='lat' dir='ltr'>expedire</span> <span class='ocrx_word' id='word_1_973' title='bbox 1765 1863 2167 1908; x_wconf 31' lang='lat' dir='ltr'>*videbitur-eisdem,Comiti</span> <span class='ocrx_word' id='word_1_974' title='bbox 2173 1865 2278 1906; x_wconf 87' lang='lat' dir='ltr'>,Heu-</span> 
     </span>
     <span class='ocr_line' id='line_1_131' title="bbox 1205 1902 2279 1988; baseline 0.005 -18"><span class='ocrx_word' id='word_1_975' title='bbox 1205 1911 1286 1971; x_wconf 57' lang='lat' dir='ltr'>ncgt’</span> <span class='ocrx_word' id='word_1_976' title='bbox 1299 1903 1340 1972; x_wconf 57' lang='lat' dir='ltr'>disc</span> <span class='ocrx_word' id='word_1_977' title='bbox 1348 1902 2117 1984; x_wconf 42' lang='lat' dir='ltr'>{agreriglrffiggffgggoeeffiggffiaedqmuffitffcfiifflhe²</span> <span class='ocrx_word' id='word_1_978' title='bbox 2135 1952 2194 1988; x_wconf 45' lang='lat' dir='ltr'>per·</span> <span class='ocrx_word' id='word_1_979' title='bbox 2205 1944 2279 1982; x_wconf 87' lang='lat' dir='ltr'>ipsos</span> 
     </span>
     <span class='ocr_line' id='line_1_132' title="bbox 1204 1978 2278 2019; baseline 0.005 -10"><span class='ocrx_word' id='word_1_980' title='bbox 1204 1987 1303 2010; x_wconf 75' lang='lat' dir='ltr'>contra</span> <span class='ocrx_word' id='word_1_981' title='bbox 1324 1990 1378 2011; x_wconf 86' lang='lat' dir='ltr'>nos</span> <span class='ocrx_word' id='word_1_982' title='bbox 1400 1980 1495 2019; x_wconf 62' lang='lat' dir='ltr'>factis,</span> <span class='ocrx_word' id='word_1_983' title='bbox 1517 1979 1757 2010; x_wconf 82' lang='lat' dir='ltr'>Pardonationem</span> <span class='ocrx_word' id='word_1_984' title='bbox 1779 1979 1911 2018; x_wconf 86' lang='lat' dir='ltr'>plenam,</span> <span class='ocrx_word' id='word_1_985' title='bbox 1929 1980 1962 2011; x_wconf 91' lang='lat'>&amp;</span> <span class='ocrx_word' id='word_1_986' title='bbox 1985 1978 2083 2013; x_wconf 79' lang='lat' dir='ltr'>Carras</span> <span class='ocrx_word' id='word_1_987' title='bbox 2104 1981 2278 2015; x_wconf 78' lang='lat' dir='ltr'>sufficientes</span> 
     </span>
     <span class='ocr_line' id='line_1_133' title="bbox 1205 2017 1872 2057; baseline 0.001 -10"><span class='ocrx_word' id='word_1_988' title='bbox 1205 2018 1284 2055; x_wconf 81' lang='lat' dir='ltr'>super</span> <span class='ocrx_word' id='word_1_989' title='bbox 1298 2019 1371 2057; x_wconf 91' lang='lat' dir='ltr'>hoc,</span> <span class='ocrx_word' id='word_1_990' title='bbox 1389 2020 1508 2050; x_wconf 88' lang='lat' dir='ltr'>nomine</span> <span class='ocrx_word' id='word_1_991' title='bbox 1523 2018 1622 2049; x_wconf 84' lang='lat' dir='ltr'>nostro</span> <span class='ocrx_word' id='word_1_992' title='bbox 1635 2017 1872 2056; x_wconf 86' lang='lat' dir='ltr'>concedendum,</span> 
     </span>
     <span class='ocr_line' id='line_1_134' title="bbox 1242 2056 2276 2097; baseline 0.005 -10"><span class='ocrx_word' id='word_1_993' title='bbox 1242 2056 1281 2087; x_wconf 87' lang='lat' dir='ltr'>Et</span> <span class='ocrx_word' id='word_1_994' title='bbox 1295 2057 1328 2087; x_wconf 91' lang='lat' dir='ltr'>ad</span> <span class='ocrx_word' id='word_1_995' title='bbox 1344 2068 1392 2096; x_wconf 86' lang='lat' dir='ltr'>ea,</span> <span class='ocrx_word' id='word_1_996' title='bbox 1408 2067 1472 2097; x_wconf 86' lang='lat' dir='ltr'>quae</span> <span class='ocrx_word' id='word_1_997' title='bbox 1486 2058 1524 2089; x_wconf 84' lang='lat' dir='ltr'>fic</span> <span class='ocrx_word' id='word_1_998' title='bbox 1539 2057 1677 2088; x_wconf 65' lang='lat' dir='ltr'>Trastata</span> <span class='ocrx_word' id='word_1_999' title='bbox 1689 2058 1810 2096; x_wconf 81' lang='lat' dir='ltr'>fuerint,</span> <span class='ocrx_word' id='word_1_1000' title='bbox 1826 2066 2008 2097; x_wconf 91' lang='lat' dir='ltr'>quacumque</span> <span class='ocrx_word' id='word_1_1001' title='bbox 2022 2056 2178 2091; x_wconf 86' lang='lat' dir='ltr'>Securitate</span> <span class='ocrx_word' id='word_1_1002' title='bbox 2190 2069 2276 2092; x_wconf 90' lang='lat' dir='ltr'>com-</span> 
     </span>
     <span class='ocr_line' id='line_1_135' title="bbox 1204 2096 1511 2136; baseline 0.003 -10"><span class='ocrx_word' id='word_1_1003' title='bbox 1204 2097 1310 2134; x_wconf 88' lang='lat' dir='ltr'>petenti</span> <span class='ocrx_word' id='word_1_1004' title='bbox 1323 2096 1493 2127; x_wconf 87' lang='lat' dir='ltr'>firmandum</span> <span class='ocrx_word' id='word_1_1005' title='bbox 1501 2120 1511 2136; x_wconf 90' lang='lat'>,</span> 
     </span>
     <span class='ocr_line' id='line_1_136' title="bbox 1250 2133 2276 2175; baseline 0.004 -11"><span class='ocrx_word' id='word_1_1006' title='bbox 1250 2133 1363 2166; x_wconf 87' lang='lat' dir='ltr'>Eisdem</span> <span class='ocrx_word' id='word_1_1007' title='bbox 1375 2158 1386 2173; x_wconf 91' lang='lat'>,</span> <span class='ocrx_word' id='word_1_1008' title='bbox 1410 2135 1544 2174; x_wconf 84' lang='lat' dir='ltr'>Comiti&#39;,</span> <span class='ocrx_word' id='word_1_1009' title='bbox 1570 2134 1704 2166; x_wconf 87' lang='lat' dir='ltr'>Henrico</span> <span class='ocrx_word' id='word_1_1010' title='bbox 1718 2159 1728 2173; x_wconf 91' lang='lat'>,</span> <span class='ocrx_word' id='word_1_1011' title='bbox 1752 2135 1787 2166; x_wconf 91' lang='lat'>&amp;</span> <span class='ocrx_word' id='word_1_1012' title='bbox 1808 2133 1965 2172; x_wconf 83' lang='lat' dir='ltr'>Radulpho</span> <span class='ocrx_word' id='word_1_1013' title='bbox 1979 2158 1990 2175; x_wconf 91' lang='lat'>,</span> <span class='ocrx_word' id='word_1_1014' title='bbox 2015 2135 2050 2168; x_wconf 88' lang='lat'>&amp;</span> <span class='ocrx_word' id='word_1_1015' title='bbox 2069 2146 2173 2168; x_wconf 86' lang='lat' dir='ltr'>eorum</span> <span class='ocrx_word' id='word_1_1016' title='bbox 2190 2137 2276 2168; x_wconf 69' lang='lat' dir='ltr'>cuili-&#39;</span> 
     </span>
     <span class='ocr_line' id='line_1_137' title="bbox 1204 2172 2276 2213; baseline 0.004 -9"><span class='ocrx_word' id='word_1_1017' title='bbox 1204 2173 1271 2211; x_wconf 84' lang='lat' dir='ltr'>bet,</span> <span class='ocrx_word' id='word_1_1018' title='bbox 1296 2183 1395 2205; x_wconf 89' lang='lat' dir='ltr'>tenore</span> <span class='ocrx_word' id='word_1_1019' title='bbox 1414 2174 1609 2213; x_wconf 71' lang='lat' dir='ltr'>praesentium,</span> <span class='ocrx_word' id='word_1_1020' title='bbox 1634 2172 1833 2205; x_wconf 78' lang='lat' dir='ltr'>concedimus</span> <span class='ocrx_word' id='word_1_1021' title='bbox 1853 2174 1886 2206; x_wconf 76' lang='grc' dir='ltr'>δε</span> <span class='ocrx_word' id='word_1_1022' title='bbox 1907 2172 2127 2208; x_wconf 80' lang='lat' dir='ltr'>Committimus</span> <span class='ocrx_word' id='word_1_1023' title='bbox 2146 2175 2276 2208; x_wconf 85' lang='lat' dir='ltr'>Potesta-</span> 
     </span>
     <span class='ocr_line' id='line_1_138' title="bbox 1204 2220 2278 2298; baseline 0.003 -16"><span class='ocrx_word' id='word_1_1024' title='bbox 1204 2220 1350 2283; x_wconf 50' lang='lat' dir='ltr'>terfistum</span> <span class='ocrx_word' id='word_1_1025' title='bbox 1364 2252 1485 2283; x_wconf 91' lang='lat' dir='ltr'>habituri</span> <span class='ocrx_word' id='word_1_1026' title='bbox 1499 2252 1532 2284; x_wconf 90' lang='lat'>&amp;</span> <span class='ocrx_word' id='word_1_1027' title='bbox 1548 2250 1829 2296; x_wconf 36' lang='lat' dir='ltr'>Gratum-quicquid</span> <span class='ocrx_word' id='word_1_1028' title='bbox 1846 2251 1949 2296; x_wconf 78' lang='lat' dir='ltr'>iidem,</span> <span class='ocrx_word' id='word_1_1029' title='bbox 1967 2251 2095 2297; x_wconf 72' lang='lat' dir='ltr'>Comes,</span> <span class='ocrx_word' id='word_1_1030' title='bbox 2114 2251 2278 2298; x_wconf 75' lang='lat' dir='ltr'>Henricus,’</span> 
     </span>
     <span class='ocr_line' id='line_1_139' title="bbox 1202 2289 2277 2332; baseline 0.003 -10"><span class='ocrx_word' id='word_1_1031' title='bbox 1202 2291 1236 2322; x_wconf 88' lang='lat'>&amp;</span> <span class='ocrx_word' id='word_1_1032' title='bbox 1257 2289 1441 2330; x_wconf 87' lang='lat' dir='ltr'>Radulphus,</span> <span class='ocrx_word' id='word_1_1033' title='bbox 1461 2292 1507 2322; x_wconf 88' lang='lat' dir='ltr'>vel</span> <span class='ocrx_word' id='word_1_1034' title='bbox 1529 2301 1628 2322; x_wconf 89' lang='lat' dir='ltr'>eorum</span> <span class='ocrx_word' id='word_1_1035' title='bbox 1650 2291 1767 2330; x_wconf 84' lang='lat' dir='ltr'>aliquis,</span> <span class='ocrx_word' id='word_1_1036' title='bbox 1787 2290 1925 2330; x_wconf 83' lang='lat' dir='ltr'>fecerint,</span> <span class='ocrx_word' id='word_1_1037' title='bbox 1940 2290 1987 2323; x_wconf 90' lang='lat' dir='ltr'>vel</span> <span class='ocrx_word' id='word_1_1038' title='bbox 2006 2290 2122 2331; x_wconf 81' lang='lat' dir='ltr'>secent,</span> <span class='ocrx_word' id='word_1_1039' title='bbox 2143 2302 2175 2324; x_wconf 85' lang='lat' dir='ltr'>m</span> <span class='ocrx_word' id='word_1_1040' title='bbox 2199 2302 2277 2332; x_wconf 78' lang='lat' dir='ltr'>prae-</span> 
     </span>
     <span class='ocr_line' id='line_1_140' title="bbox 1203 2328 1882 2375; baseline 0 -15"><span class='ocrx_word' id='word_1_1041' title='bbox 1203 2328 1306 2368; x_wconf 87' lang='lat' dir='ltr'>miffis,</span> <span class='ocrx_word' id='word_1_1042' title='bbox 1324 2330 1499 2374; x_wconf 23' lang='lat' dir='ltr'>&amp;Uquolibet</span> <span class='ocrx_word' id='word_1_1043' title='bbox 1511 2329 1744 2374; x_wconf 42' lang='lat' dir='ltr'>praemissorum..</span> <span class='ocrx_word' id='word_1_1044' title='bbox 1875 2368 1882 2375; x_wconf 87' lang='lat'><strong>.</strong></span> 
     </span>
     <span class='ocr_line' id='line_1_141' title="bbox 1238 2367 2276 2452; baseline 0.006 -15"><span class='ocrx_word' id='word_1_1045' title='bbox 1238 2367 1502 2452; x_wconf 57' lang='grc' dir='ltr'>τέῗιέἘὲἓἈΞῖἓζ</span> <span class='ocrx_word' id='word_1_1046' title='bbox 1515 2367 1894 2452; x_wconf 45' lang='grc' dir='ltr'>ἳῑῖἷέἳῗὲὲὲξῖἒὲιᾶῑῑὲἓῖῑ</span> <span class='ocrx_word' id='word_1_1047' title='bbox 1903 2367 2185 2449; x_wconf 36' lang='lat' dir='ltr'>&amp;siwinus</span> <span class='ocrx_word' id='word_1_1048' title='bbox 2198 2409 2276 2448; x_wconf 82' lang='lat' dir='ltr'>apud</span> 
     </span>
     <span class='ocr_line' id='line_1_142' title="bbox 1200 2445 1712 2479; baseline -0.002 -1"><span class='ocrx_word' id='word_1_1049' title='bbox 1200 2445 1328 2479; x_wconf 82' lang='lat' dir='ltr'>Westm.</span> <span class='ocrx_word' id='word_1_1050' title='bbox 1347 2445 1490 2478; x_wconf 79' lang='lat' dir='ltr'>tricesimo</span> <span class='ocrx_word' id='word_1_1051' title='bbox 1503 2445 1547 2478; x_wconf 82' lang='lat' dir='ltr'>die</span> <span class='ocrx_word' id='word_1_1052' title='bbox 1562 2446 1712 2479; x_wconf 68' lang='lat' dir='ltr'>octobris.</span> 
     </span>
    </p>
   </div>
   <div class='ocr_carea' id='block_1_27' title="bbox 1729 2524 2006 2565">
    <p class='ocr_par' dir='ltr' id='par_1_58' title="bbox 1729 2524 2006 2565">
     <span class='ocr_line' id='line_1_143' title="bbox 1729 2524 2006 2565; baseline 0.004 -10"><span class='ocrx_word' id='word_1_1053' title='bbox 1729 2525 1784 2555; x_wconf 79' lang='lat' dir='ltr'>Per</span> <span class='ocrx_word' id='word_1_1054' title='bbox 1802 2524 1885 2565; x_wconf 75' lang='lat' dir='ltr'>ipficm</span> <span class='ocrx_word' id='word_1_1055' title='bbox 1901 2526 2006 2565; x_wconf 82' lang='lat' dir='ltr'>Regem.</span> 
     </span>
    </p>
   </div>
   <div class='ocr_carea' id='block_1_28' title="bbox 1835 2601 2140 2640">
    <p class='ocr_par' dir='ltr' id='par_1_59' title="bbox 1835 2601 2140 2640">
     <span class='ocr_line' id='line_1_144' title="bbox 1835 2601 2140 2640; baseline -0.02 -6"><span class='ocrx_word' id='word_1_1056' title='bbox 1835 2605 1881 2634; x_wconf 77' lang='lat' dir='ltr'>Et</span> <span class='ocrx_word' id='word_1_1057' title='bbox 1898 2609 1960 2633; x_wconf 76' lang='lat' dir='ltr'>erat</span> <span class='ocrx_word' id='word_1_1058' title='bbox 1978 2601 2140 2640; x_wconf 57' lang='lat' dir='ltr'>:ri-fflicatm</span> 
     </span>
    </p>
   </div>
   <div class='ocr_carea' id='block_1_29' title="bbox 1197 2723 2268 2822">
    <p class='ocr_par' dir='ltr' id='par_1_60' title="bbox 1197 2723 2268 2822">
     <span class='ocr_line' id='line_1_145' title="bbox 1197 2723 2268 2775; baseline 0 -13"><span class='ocrx_word' id='word_1_1059' title='bbox 1197 2731 1247 2762; x_wconf 87' lang='lat' dir='ltr'>De</span> <span class='ocrx_word' id='word_1_1060' title='bbox 1259 2731 1354 2762; x_wconf 82' lang='lat' dir='ltr'>Scotis</span> <span class='ocrx_word' id='word_1_1061' title='bbox 1366 2739 1455 2775; x_wconf 84' lang='lat' dir='ltr'>prope</span> <span class='ocrx_word' id='word_1_1062' title='bbox 1473 2729 1662 2762; x_wconf 87' lang='lat' dir='ltr'>Dunelmum</span> <span class='ocrx_word' id='word_1_1063' title='bbox 1680 2727 1876 2770; x_wconf 70' lang='lat' dir='ltr'>expugnati-s,</span> <span class='ocrx_word' id='word_1_1064' title='bbox 1903 2727 1939 2763; x_wconf 53' lang='grc' dir='ltr'><strong><em>ὠ</em></strong></span> <span class='ocrx_word' id='word_1_1065' title='bbox 1959 2723 1996 2757; x_wconf 72' lang='lat' dir='ltr'>de</span> <span class='ocrx_word' id='word_1_1066' title='bbox 2021 2724 2173 2758; x_wconf 65' lang='lat' dir='ltr'>Traffatu</span> <span class='ocrx_word' id='word_1_1067' title='bbox 2195 2737 2268 2760; x_wconf 79' lang='lat' dir='ltr'>cum</span> 
     </span>
     <span class='ocr_line' id='line_1_146' title="bbox 1485 2772 1971 2822; baseline -0.002 -15"><span class='ocrx_word' id='word_1_1068' title='bbox 1485 2775 1631 2822; x_wconf 86' lang='lat' dir='ltr'>Johanne</span> <span class='ocrx_word' id='word_1_1069' title='bbox 1646 2773 1682 2806; x_wconf 87' lang='lat' dir='ltr'>de</span> <span class='ocrx_word' id='word_1_1070' title='bbox 1701 2773 1814 2818; x_wconf 77' lang='lat' dir='ltr'>Infidis</span> <span class='ocrx_word' id='word_1_1071' title='bbox 1832 2772 1971 2806; x_wconf 83' lang='lat' dir='ltr'>ineundo.</span> 
     </span>
    </p>
   </div>
   <div class='ocr_carea' id='block_1_30' title="bbox 1189 2857 2414 4053">
    <p class='ocr_par' dir='ltr' id='par_1_61' title="bbox 1198 2857 2414 2975">
     <span class='ocr_line' id='line_1_147' title="bbox 1198 2857 2414 2919; baseline -0.002 -26"><span class='ocrx_word' id='word_1_1072' title='bbox 1198 2860 1316 2919; x_wconf 76' lang='lat' dir='ltr'>REX</span> <span class='ocrx_word' id='word_1_1073' title='bbox 1326 2885 1335 2900; x_wconf 96' lang='lat'>,</span> <span class='ocrx_word' id='word_1_1074' title='bbox 1351 2860 1472 2892; x_wconf 75' lang='lat' dir='ltr'>Dilecto</span> <span class='ocrx_word' id='word_1_1075' title='bbox 1487 2861 1521 2892; x_wconf 90' lang='lat'>&amp;</span> <span class='ocrx_word' id='word_1_1076' title='bbox 1536 2859 1625 2890; x_wconf 89' lang='lat' dir='ltr'>Fideli</span> <span class='ocrx_word' id='word_1_1077' title='bbox 1638 2859 1688 2890; x_wconf 87' lang='lat' dir='ltr'>suo</span> <span class='ocrx_word' id='word_1_1078' title='bbox 1697 2882 1707 2897; x_wconf 93' lang='lat'>,</span> <span class='ocrx_word' id='word_1_1079' title='bbox 1721 2857 1854 2890; x_wconf 83' lang='lat' dir='ltr'>Waltero</span> <span class='ocrx_word' id='word_1_1080' title='bbox 1867 2857 1903 2889; x_wconf 88' lang='lat' dir='ltr'>dc</span> <span class='ocrx_word' id='word_1_1081' title='bbox 1917 2857 2163 2900; x_wconf 84' lang='lat' dir='ltr'>Bermyngeham,</span> <span class='ocrx_word' id='word_1_1082' title='bbox 2178 2858 2266 2898; x_wconf 86' lang='lat' dir='ltr'>Justi-</span> <span class='ocrx_word' id='word_1_1083' title='bbox 2282 2857 2359 2889; x_wconf 89' lang='lat' dir='ltr'>Ann.</span> <span class='ocrx_word' id='word_1_1084' title='bbox 2373 2857 2414 2895; x_wconf 84' lang='lat' dir='ltr'>D.</span> 
     </span>
     <span class='ocr_line' id='line_1_148' title="bbox 1275 2898 2391 2937; baseline -0.004 -7"><span class='ocrx_word' id='word_1_1085' title='bbox 1275 2902 1361 2930; x_wconf 89' lang='lat' dir='ltr'>ciario</span> <span class='ocrx_word' id='word_1_1086' title='bbox 1374 2901 1422 2931; x_wconf 88' lang='lat' dir='ltr'>suo</span> <span class='ocrx_word' id='word_1_1087' title='bbox 1439 2899 1605 2936; x_wconf 83' lang='lat' dir='ltr'>Hiberniae,</span> <span class='ocrx_word' id='word_1_1088' title='bbox 1624 2898 1759 2929; x_wconf 86' lang='lat' dir='ltr'>Salutem.</span> <span class='ocrx_word' id='word_1_1089' title='bbox 2303 2898 2391 2937; x_wconf 85' lang='lat'>1346.</span> 
     </span>
     <span class='ocr_line' id='line_1_149' title="bbox 1267 2935 2397 2975; baseline -0.001 -6"><span class='ocrx_word' id='word_1_1090' title='bbox 1267 2939 1361 2969; x_wconf 86' lang='lat' dir='ltr'>ualiter</span> <span class='ocrx_word' id='word_1_1091' title='bbox 1380 2939 1459 2969; x_wconf 91' lang='lat' dir='ltr'>Scoti</span> <span class='ocrx_word' id='word_1_1092' title='bbox 1497 2936 1609 2968; x_wconf 87' lang='lat' dir='ltr'>Inimici</span> <span class='ocrx_word' id='word_1_1093' title='bbox 1632 2938 1666 2968; x_wconf 90' lang='lat'>&amp;</span> <span class='ocrx_word' id='word_1_1094' title='bbox 1688 2935 1819 2966; x_wconf 69' lang='lat' dir='ltr'>Rebellee</span> <span class='ocrx_word' id='word_1_1095' title='bbox 1831 2935 1938 2975; x_wconf 87' lang='lat' dir='ltr'>nostri,</span> <span class='ocrx_word' id='word_1_1096' title='bbox 1957 2946 2028 2967; x_wconf 88' lang='lat' dir='ltr'>cum</span> <span class='ocrx_word' id='word_1_1097' title='bbox 2044 2936 2145 2975; x_wconf 87' lang='lat' dir='ltr'>grandi</span> <span class='ocrx_word' id='word_1_1098' title='bbox 2158 2936 2265 2969; x_wconf 77' lang='lat' dir='ltr'>Excer-</span> <span class='ocrx_word' id='word_1_1099' title='bbox 2279 2939 2332 2964; x_wconf 78' lang='lat' dir='ltr'>An.</span> <span class='ocrx_word' id='word_1_1100' title='bbox 2350 2946 2397 2963; x_wconf 86' lang='lat'>20-</span> 
     </span>
    </p>

    <p class='ocr_par' dir='ltr' id='par_1_62' title="bbox 1195 2961 2386 3101">
     <span class='ocr_line' id='line_1_150' title="bbox 1195 2961 2358 3016; baseline 0 -9"><span class='ocrx_word' id='word_1_1101' title='bbox 1195 2977 1254 3007; x_wconf 91' lang='lat' dir='ltr'>citu</span> <span class='ocrx_word' id='word_1_1102' title='bbox 1301 2986 1405 3016; x_wconf 82' lang='lat' dir='ltr'>egnum</span> <span class='ocrx_word' id='word_1_1103' title='bbox 1419 2961 1549 3007; x_wconf 73' lang='lat' dir='ltr'>nostrum</span> <span class='ocrx_word' id='word_1_1104' title='bbox 1563 2975 1678 3015; x_wconf 87' lang='lat' dir='ltr'>Angliae</span> <span class='ocrx_word' id='word_1_1105' title='bbox 1692 2984 1781 3012; x_wconf 87' lang='lat' dir='ltr'>nuper</span> <span class='ocrx_word' id='word_1_1106' title='bbox 1801 2974 1940 3006; x_wconf 84' lang='lat' dir='ltr'>hostiliter</span> <span class='ocrx_word' id='word_1_1107' title='bbox 1961 2975 2137 3014; x_wconf 87' lang='lat' dir='ltr'>invaserunt,</span> <span class='ocrx_word' id='word_1_1108' title='bbox 2155 2976 2265 3007; x_wconf 88' lang='lat' dir='ltr'>Homi-</span> <span class='ocrx_word' id='word_1_1109' title='bbox 2279 2979 2309 3003; x_wconf 81' lang='lat' dir='ltr'>E·</span> <span class='ocrx_word' id='word_1_1110' title='bbox 2331 2984 2358 3012; x_wconf 85' lang='lat'>3-</span> 
     </span>
     <span class='ocr_line' id='line_1_151' title="bbox 1195 3011 2386 3054; baseline 0.001 -9"><span class='ocrx_word' id='word_1_1111' title='bbox 1195 3015 1285 3053; x_wconf 84' lang='lat' dir='ltr'>cidia,</span> <span class='ocrx_word' id='word_1_1112' title='bbox 1305 3015 1452 3054; x_wconf 89' lang='lat' dir='ltr'>Incendia,</span> <span class='ocrx_word' id='word_1_1113' title='bbox 1471 3013 1636 3054; x_wconf 81' lang='lat' dir='ltr'>sacrilegia,</span> <span class='ocrx_word' id='word_1_1114' title='bbox 1654 3014 1689 3045; x_wconf 87' lang='lat'>&amp;</span> <span class='ocrx_word' id='word_1_1115' title='bbox 1700 3013 1751 3043; x_wconf 86' lang='lat' dir='ltr'>alia</span> <span class='ocrx_word' id='word_1_1116' title='bbox 1766 3011 1845 3044; x_wconf 80' lang='lat' dir='ltr'>Mala</span> <span class='ocrx_word' id='word_1_1117' title='bbox 1859 3015 1893 3044; x_wconf 67' lang='grc' dir='ltr'>ὅτ</span> <span class='ocrx_word' id='word_1_1118' title='bbox 1909 3013 2045 3045; x_wconf 87' lang='lat' dir='ltr'>Facinora</span> <span class='ocrx_word' id='word_1_1119' title='bbox 2063 3015 2213 3046; x_wconf 77' lang='lat' dir='ltr'>innumera</span> <span class='ocrx_word' id='word_1_1120' title='bbox 2234 3017 2265 3046; x_wconf 90' lang='lat' dir='ltr'>in</span> <span class='ocrx_word' id='word_1_1121' title='bbox 2281 3014 2386 3042; x_wconf 75' lang='lat' dir='ltr'>ibidem.</span> 
     </span>
     <span class='ocr_line' id='line_1_152' title="bbox 1195 3054 2109 3101; baseline -0.003 -17"><span class='ocrx_word' id='word_1_1122' title='bbox 1195 3054 1297 3084; x_wconf 87' lang='lat' dir='ltr'>eodem</span> <span class='ocrx_word' id='word_1_1123' title='bbox 1313 3054 1419 3101; x_wconf 77' lang='lat' dir='ltr'>Regno</span> <span class='ocrx_word' id='word_1_1124' title='bbox 1441 3061 1649 3092; x_wconf 79' lang='lat' dir='ltr'>perpetrantes,</span> <span class='ocrx_word' id='word_1_1125' title='bbox 1779 3091 1785 3096; x_wconf 93' lang='lat'><em>.</em></span> <span class='ocrx_word' id='word_1_1126' title='bbox 1899 3091 1904 3097; x_wconf 36' lang='lat'><em>¹</em></span> <span class='ocrx_word' id='word_1_1127' title='bbox 2063 3091 2068 3096; x_wconf 31' lang='grc' dir='ltr'>ι</span> <span class='ocrx_word' id='word_1_1128' title='bbox 2103 3091 2109 3097; x_wconf 44' lang='grc'><em>·</em></span> 
     </span>
    </p>

    <p class='ocr_par' dir='ltr' id='par_1_63' title="bbox 1189 3088 2266 3355">
     <span class='ocr_line' id='line_1_153' title="bbox 1230 3088 2266 3131; baseline 0 -8"><span class='ocrx_word' id='word_1_1129' title='bbox 1230 3092 1277 3123; x_wconf 92' lang='lat' dir='ltr'>Ac</span> <span class='ocrx_word' id='word_1_1130' title='bbox 1290 3093 1409 3123; x_wconf 82' lang='lat' dir='ltr'>demum</span> <span class='ocrx_word' id='word_1_1131' title='bbox 1419 3115 1428 3131; x_wconf 92' lang='lat'>,</span> <span class='ocrx_word' id='word_1_1132' title='bbox 1447 3102 1495 3130; x_wconf 88' lang='lat' dir='ltr'>per</span> <span class='ocrx_word' id='word_1_1133' title='bbox 1511 3091 1619 3122; x_wconf 89' lang='lat' dir='ltr'>Fideles</span> <span class='ocrx_word' id='word_1_1134' title='bbox 1634 3089 1762 3128; x_wconf 88' lang='lat' dir='ltr'>nostros,</span> <span class='ocrx_word' id='word_1_1135' title='bbox 1777 3099 1807 3120; x_wconf 90' lang='lat' dir='ltr'>1n</span> <span class='ocrx_word' id='word_1_1136' title='bbox 1821 3088 1943 3129; x_wconf 79' lang='lat' dir='ltr'>Praelio,</span> <span class='ocrx_word' id='word_1_1137' title='bbox 1957 3100 2026 3122; x_wconf 90' lang='lat' dir='ltr'>cum</span> <span class='ocrx_word' id='word_1_1138' title='bbox 2040 3089 2122 3121; x_wconf 69' lang='lat' dir='ltr'>dietis</span> <span class='ocrx_word' id='word_1_1139' title='bbox 2138 3089 2266 3124; x_wconf 88' lang='lat' dir='ltr'>Inimicis</span> 
     </span>
     <span class='ocr_line' id='line_1_154' title="bbox 1189 3127 2266 3170; baseline 0.002 -9"><span class='ocrx_word' id='word_1_1140' title='bbox 1189 3133 1266 3170; x_wconf 76' lang='lat' dir='ltr'>juxta</span> <span class='ocrx_word' id='word_1_1141' title='bbox 1283 3131 1466 3161; x_wconf 88' lang='lat' dir='ltr'>Dunelmum</span> <span class='ocrx_word' id='word_1_1142' title='bbox 1479 3128 1653 3167; x_wconf 76' lang='lat' dir='ltr'>commisso,</span> <span class='ocrx_word' id='word_1_1143' title='bbox 1672 3127 1782 3160; x_wconf 76' lang='lat' dir='ltr'>Divina</span> <span class='ocrx_word' id='word_1_1144' title='bbox 1794 3129 1882 3168; x_wconf 78' lang='lat' dir='ltr'>gratia</span> <span class='ocrx_word' id='word_1_1145' title='bbox 1894 3129 2017 3166; x_wconf 63' lang='lat' dir='ltr'>devicti,</span> <span class='ocrx_word' id='word_1_1146' title='bbox 2035 3129 2069 3160; x_wconf 92' lang='lat'>&amp;</span> <span class='ocrx_word' id='word_1_1147' title='bbox 2083 3130 2266 3168; x_wconf 85' lang='lat' dir='ltr'>quamplures</span> 
     </span>
     <span class='ocr_line' id='line_1_155' title="bbox 1193 3166 2265 3207; baseline 0.001 -7"><span class='ocrx_word' id='word_1_1148' title='bbox 1193 3180 1294 3200; x_wconf 86' lang='lat' dir='ltr'>corum</span> <span class='ocrx_word' id='word_1_1149' title='bbox 1308 3169 1466 3207; x_wconf 69' lang='lat' dir='ltr'>interfeffi,</span> <span class='ocrx_word' id='word_1_1150' title='bbox 1484 3169 1518 3200; x_wconf 90' lang='lat'>&amp;</span> <span class='ocrx_word' id='word_1_1151' title='bbox 1532 3169 1576 3198; x_wconf 86' lang='lat' dir='ltr'>alii</span> <span class='ocrx_word' id='word_1_1152' title='bbox 1590 3168 1752 3206; x_wconf 84' lang='lat' dir='ltr'>confugati,</span> <span class='ocrx_word' id='word_1_1153' title='bbox 1770 3176 1803 3197; x_wconf 84' lang='lat' dir='ltr'>ac</span> <span class='ocrx_word' id='word_1_1154' title='bbox 1816 3166 1915 3197; x_wconf 89' lang='lat' dir='ltr'>David</span> <span class='ocrx_word' id='word_1_1155' title='bbox 1930 3166 1966 3197; x_wconf 90' lang='lat' dir='ltr'>de</span> <span class='ocrx_word' id='word_1_1156' title='bbox 1990 3166 2057 3198; x_wconf 89' lang='lat' dir='ltr'>Brus</span> <span class='ocrx_word' id='word_1_1157' title='bbox 2075 3169 2265 3206; x_wconf 71' lang='lat' dir='ltr'>(praetendens</span> 
     </span>
     <span class='ocr_line' id='line_1_156' title="bbox 1195 3204 2264 3248; baseline 0 -9"><span class='ocrx_word' id='word_1_1158' title='bbox 1195 3209 1222 3239; x_wconf 92' lang='lat' dir='ltr'>se</span> <span class='ocrx_word' id='word_1_1159' title='bbox 1238 3209 1350 3247; x_wconf 84' lang='lat' dir='ltr'>Regem</span> <span class='ocrx_word' id='word_1_1160' title='bbox 1367 3207 1485 3243; x_wconf 84' lang='lat' dir='ltr'>Scotiae)</span> <span class='ocrx_word' id='word_1_1161' title='bbox 1501 3206 1658 3244; x_wconf 74' lang='lat' dir='ltr'>diversique</span> <span class='ocrx_word' id='word_1_1162' title='bbox 1671 3204 1821 3242; x_wconf 79' lang='lat' dir='ltr'>Comites,</span> <span class='ocrx_word' id='word_1_1163' title='bbox 1836 3206 1873 3248; x_wconf 27' lang='grc' dir='ltr'>’ὃς</span> <span class='ocrx_word' id='word_1_1164' title='bbox 1889 3205 1933 3235; x_wconf 88' lang='lat' dir='ltr'>alii</span> <span class='ocrx_word' id='word_1_1165' title='bbox 1952 3204 2120 3245; x_wconf 81' lang='lat' dir='ltr'>Magnates,</span> <span class='ocrx_word' id='word_1_1166' title='bbox 2138 3207 2264 3246; x_wconf 85' lang='lat' dir='ltr'>ejusdem</span> 
     </span>
     <span class='ocr_line' id='line_1_157' title="bbox 1193 3242 2263 3285; baseline 0.001 -8"><span class='ocrx_word' id='word_1_1167' title='bbox 1193 3247 1292 3277; x_wconf 81' lang='lat' dir='ltr'>Terrae</span> <span class='ocrx_word' id='word_1_1168' title='bbox 1312 3246 1434 3285; x_wconf 79' lang='lat' dir='ltr'>Scotiae,</span> <span class='ocrx_word' id='word_1_1169' title='bbox 1454 3245 1562 3276; x_wconf 88' lang='lat' dir='ltr'>ibidem</span> <span class='ocrx_word' id='word_1_1170' title='bbox 1584 3244 1620 3274; x_wconf 91' lang='lat' dir='ltr'>de</span> <span class='ocrx_word' id='word_1_1171' title='bbox 1641 3242 1754 3275; x_wconf 70' lang='lat' dir='ltr'>Guerra</span> <span class='ocrx_word' id='word_1_1172' title='bbox 1768 3251 1842 3283; x_wconf 79' lang='lat' dir='ltr'>capti</span> <span class='ocrx_word' id='word_1_1173' title='bbox 1856 3243 1986 3284; x_wconf 83' lang='lat' dir='ltr'>fuerunt,</span> <span class='ocrx_word' id='word_1_1174' title='bbox 2005 3245 2105 3284; x_wconf 84' lang='lat' dir='ltr'>vobis,</span> <span class='ocrx_word' id='word_1_1175' title='bbox 2124 3253 2155 3276; x_wconf 93' lang='lat' dir='ltr'>ut</span> <span class='ocrx_word' id='word_1_1176' title='bbox 2169 3246 2263 3278; x_wconf 78' lang='lat' dir='ltr'>credi-</span> 
     </span>
     <span class='ocr_line' id='line_1_158' title="bbox 1193 3282 1667 3355; baseline -0.008 -39"><span class='ocrx_word' id='word_1_1177' title='bbox 1193 3295 1273 3355; x_wconf 45' lang='lat' dir='ltr'>‘mlii’</span> <span class='ocrx_word' id='word_1_1178' title='bbox 1292 3286 1472 3324; x_wconf 86' lang='lat' dir='ltr'>incognitum</span> <span class='ocrx_word' id='word_1_1179' title='bbox 1489 3293 1550 3314; x_wconf 89' lang='lat' dir='ltr'>non</span> <span class='ocrx_word' id='word_1_1180' title='bbox 1565 3282 1667 3313; x_wconf 83' lang='lat' dir='ltr'>existit.</span> 
     </span>
    </p>

    <p class='ocr_par' dir='ltr' id='par_1_64' title="bbox 1270 3334 1302 3354">
     <span class='ocr_line' id='line_1_159' title="bbox 1270 3334 1302 3354; baseline 0 0"><span class='ocrx_word' id='word_1_1181' title='bbox 1270 3334 1302 3354; x_wconf 93' lang='lat' dir='ltr'>os</span> 
     </span>
    </p>

    <p class='ocr_par' dir='ltr' id='par_1_65' title="bbox 1193 3347 2273 3510">
     <span class='ocr_line' id='line_1_160' title="bbox 1232 3347 2273 3399; baseline 0.001 -6"><span class='ocrx_word' id='word_1_1182' title='bbox 1232 3347 1320 3393; x_wconf 79' lang='lat' dir='ltr'>Circa&#39;</span> <span class='ocrx_word' id='word_1_1183' title='bbox 1332 3361 1446 3392; x_wconf 84' lang='lat' dir='ltr'>finalem</span> <span class='ocrx_word' id='word_1_1184' title='bbox 1462 3359 1681 3399; x_wconf 86' lang='lat' dir='ltr'>Expeditionem</span> <span class='ocrx_word' id='word_1_1185' title='bbox 1696 3359 1818 3391; x_wconf 86' lang='lat' dir='ltr'>Guerrae</span> <span class='ocrx_word' id='word_1_1186' title='bbox 1834 3360 1939 3392; x_wconf 88' lang='lat' dir='ltr'>nostrae</span> <span class='ocrx_word' id='word_1_1187' title='bbox 1961 3359 2047 3392; x_wconf 68' lang='lat' dir='ltr'>distae</span> <span class='ocrx_word' id='word_1_1188' title='bbox 2066 3360 2168 3393; x_wconf 87' lang='lat' dir='ltr'>Terrae</span> <span class='ocrx_word' id='word_1_1189' title='bbox 2188 3360 2273 3399; x_wconf 55' lang='lat' dir='ltr'>Sco—⁴,</span> 
     </span>
     <span class='ocr_line' id='line_1_161' title="bbox 1193 3398 2263 3438; baseline 0.001 -6"><span class='ocrx_word' id='word_1_1190' title='bbox 1193 3402 1240 3432; x_wconf 79' lang='lat' dir='ltr'>tiae</span> <span class='ocrx_word' id='word_1_1191' title='bbox 1253 3401 1370 3438; x_wconf 88' lang='lat' dir='ltr'>soliciti,</span> <span class='ocrx_word' id='word_1_1192' title='bbox 1387 3399 1561 3430; x_wconf 89' lang='lat' dir='ltr'>attendentes</span> <span class='ocrx_word' id='word_1_1193' title='bbox 1574 3408 1607 3429; x_wconf 79' lang='lat' dir='ltr'>ex</span> <span class='ocrx_word' id='word_1_1194' title='bbox 1629 3398 1725 3430; x_wconf 85' lang='lat' dir='ltr'>ediens</span> <span class='ocrx_word' id='word_1_1195' title='bbox 1740 3399 1797 3429; x_wconf 83' lang='lat' dir='ltr'>effe</span> <span class='ocrx_word' id='word_1_1196' title='bbox 1812 3409 1880 3429; x_wconf 90' lang='lat' dir='ltr'>cum</span> <span class='ocrx_word' id='word_1_1197' title='bbox 1900 3399 2033 3438; x_wconf 88' lang='lat' dir='ltr'>Johanne</span> <span class='ocrx_word' id='word_1_1198' title='bbox 2053 3399 2089 3431; x_wconf 92' lang='lat' dir='ltr'>de</span> <span class='ocrx_word' id='word_1_1199' title='bbox 2110 3400 2206 3432; x_wconf 85' lang='lat' dir='ltr'>Infulis</span> <span class='ocrx_word' id='word_1_1200' title='bbox 2224 3402 2263 3433; x_wconf 86' lang='lat' dir='ltr'>de</span> 
     </span>
     <span class='ocr_line' id='line_1_162' title="bbox 1195 3436 2261 3477; baseline 0.002 -7"><span class='ocrx_word' id='word_1_1201' title='bbox 1195 3439 1311 3477; x_wconf 75' lang='lat' dir='ltr'>Scotia,</span> <span class='ocrx_word' id='word_1_1202' title='bbox 1330 3438 1366 3468; x_wconf 93' lang='lat' dir='ltr'>de</span> <span class='ocrx_word' id='word_1_1203' title='bbox 1385 3437 1528 3470; x_wconf 91' lang='lat' dir='ltr'>veniendo</span> <span class='ocrx_word' id='word_1_1204' title='bbox 1546 3438 1580 3469; x_wconf 91' lang='lat' dir='ltr'>ad</span> <span class='ocrx_word' id='word_1_1205' title='bbox 1628 3447 1710 3469; x_wconf 88' lang='lat' dir='ltr'>acem</span> <span class='ocrx_word' id='word_1_1206' title='bbox 1732 3439 1766 3469; x_wconf 89' lang='lat'>&amp;</span> <span class='ocrx_word' id='word_1_1207' title='bbox 1789 3436 1993 3470; x_wconf 81' lang='lat' dir='ltr'>obedientiam</span> <span class='ocrx_word' id='word_1_1208' title='bbox 2012 3437 2138 3477; x_wconf 86' lang='lat' dir='ltr'>nostras,</span> <span class='ocrx_word' id='word_1_1209' title='bbox 2155 3440 2261 3472; x_wconf 83' lang='lat' dir='ltr'>habere</span> 
     </span>
     <span class='ocr_line' id='line_1_163' title="bbox 1195 3478 1364 3510; baseline -0.018 0"><span class='ocrx_word' id='word_1_1210' title='bbox 1195 3478 1364 3510; x_wconf 66' lang='lat' dir='ltr'>Tra-statum</span> 
     </span>
    </p>

    <p class='ocr_par' dir='ltr' id='par_1_66' title="bbox 1195 3501 2265 3632">
     <span class='ocr_line' id='line_1_164' title="bbox 1234 3501 2265 3554; baseline 0.001 -7"><span class='ocrx_word' id='word_1_1211' title='bbox 1234 3517 1324 3548; x_wconf 90' lang='lat' dir='ltr'>Vobis</span> <span class='ocrx_word' id='word_1_1212' title='bbox 1343 3501 1508 3546; x_wconf 58' lang='lat' dir='ltr'>mandamus</span> <span class='ocrx_word' id='word_1_1213' title='bbox 1529 3514 1626 3554; x_wconf 78' lang='lat' dir='ltr'>quod,</span> <span class='ocrx_word' id='word_1_1214' title='bbox 1652 3514 1747 3546; x_wconf 56' lang='lat' dir='ltr'>habit&amp;</span> <span class='ocrx_word' id='word_1_1215' title='bbox 1765 3514 1833 3545; x_wconf 78' lang='lat' dir='ltr'>inde</span> <span class='ocrx_word' id='word_1_1216' title='bbox 1854 3515 2053 3546; x_wconf 86' lang='lat' dir='ltr'>deliberatione</span> <span class='ocrx_word' id='word_1_1217' title='bbox 2072 3525 2141 3547; x_wconf 91' lang='lat' dir='ltr'>cum</span> <span class='ocrx_word' id='word_1_1218' title='bbox 2163 3516 2265 3548; x_wconf 84' lang='lat' dir='ltr'>Peritis</span> 
     </span>
     <span class='ocr_line' id='line_1_165' title="bbox 1195 3553 2264 3595; baseline 0.001 -9"><span class='ocrx_word' id='word_1_1219' title='bbox 1195 3555 1232 3586; x_wconf 91' lang='lat' dir='ltr'>de</span> <span class='ocrx_word' id='word_1_1220' title='bbox 1256 3554 1393 3585; x_wconf 90' lang='lat' dir='ltr'>Concilio</span> <span class='ocrx_word' id='word_1_1221' title='bbox 1415 3553 1514 3584; x_wconf 91' lang='lat' dir='ltr'>nostro</span> <span class='ocrx_word' id='word_1_1222' title='bbox 1531 3556 1560 3584; x_wconf 88' lang='lat' dir='ltr'>in</span> <span class='ocrx_word' id='word_1_1223' title='bbox 1574 3554 1698 3594; x_wconf 88' lang='lat' dir='ltr'>partibus</span> <span class='ocrx_word' id='word_1_1224' title='bbox 1709 3553 1824 3592; x_wconf 83' lang='lat' dir='ltr'>vestris,</span> <span class='ocrx_word' id='word_1_1225' title='bbox 1843 3564 1910 3584; x_wconf 90' lang='lat' dir='ltr'>cum</span> <span class='ocrx_word' id='word_1_1226' title='bbox 1925 3554 2042 3594; x_wconf 86' lang='lat' dir='ltr'>praefato</span> <span class='ocrx_word' id='word_1_1227' title='bbox 2051 3553 2202 3595; x_wconf 88' lang='lat' dir='ltr'>Johanne,</span> <span class='ocrx_word' id='word_1_1228' title='bbox 2218 3556 2264 3587; x_wconf 89' lang='lat' dir='ltr'>su-</span> 
     </span>
     <span class='ocr_line' id='line_1_166' title="bbox 1195 3592 2210 3632; baseline 0.001 -8"><span class='ocrx_word' id='word_1_1229' title='bbox 1195 3604 1245 3632; x_wconf 84' lang='lat' dir='ltr'>per</span> <span class='ocrx_word' id='word_1_1230' title='bbox 1261 3592 1405 3631; x_wconf 66' lang='lat' dir='ltr'>praemiffis</span> <span class='ocrx_word' id='word_1_1231' title='bbox 1418 3593 1469 3624; x_wconf 88' lang='lat' dir='ltr'>viis</span> <span class='ocrx_word' id='word_1_1232' title='bbox 1480 3594 1514 3624; x_wconf 89' lang='lat'>&amp;</span> <span class='ocrx_word' id='word_1_1233' title='bbox 1526 3593 1635 3630; x_wconf 87' lang='lat' dir='ltr'>modis,</span> <span class='ocrx_word' id='word_1_1234' title='bbox 1654 3592 1755 3630; x_wconf 90' lang='lat' dir='ltr'>quibus</span> <span class='ocrx_word' id='word_1_1235' title='bbox 1770 3592 1900 3630; x_wconf 85' lang='lat' dir='ltr'>expedire</span> <span class='ocrx_word' id='word_1_1236' title='bbox 1914 3592 2053 3630; x_wconf 85' lang='lat' dir='ltr'>videritis,</span> <span class='ocrx_word' id='word_1_1237' title='bbox 2072 3594 2210 3632; x_wconf 64' lang='lat' dir='ltr'>traetetis,</span> 
     </span>
    </p>

    <p class='ocr_par' dir='ltr' id='par_1_67' title="bbox 1195 3629 2265 3778">
     <span class='ocr_line' id='line_1_167' title="bbox 1233 3629 2265 3670; baseline 0.003 -9"><span class='ocrx_word' id='word_1_1238' title='bbox 1233 3631 1272 3662; x_wconf 82' lang='lat' dir='ltr'>Et</span> <span class='ocrx_word' id='word_1_1239' title='bbox 1289 3642 1336 3669; x_wconf 77' lang='lat' dir='ltr'>ea,</span> <span class='ocrx_word' id='word_1_1240' title='bbox 1356 3641 1421 3669; x_wconf 80' lang='lat' dir='ltr'>quae</span> <span class='ocrx_word' id='word_1_1241' title='bbox 1434 3641 1483 3669; x_wconf 87' lang='lat' dir='ltr'>per</span> <span class='ocrx_word' id='word_1_1242' title='bbox 1494 3641 1547 3661; x_wconf 90' lang='lat' dir='ltr'>vos</span> <span class='ocrx_word' id='word_1_1243' title='bbox 1561 3631 1596 3661; x_wconf 86' lang='lat' dir='ltr'>slc</span> <span class='ocrx_word' id='word_1_1244' title='bbox 1611 3631 1746 3661; x_wconf 61' lang='lat' dir='ltr'>Tractata</span> <span class='ocrx_word' id='word_1_1245' title='bbox 1760 3630 1817 3662; x_wconf 84' lang='lat' dir='ltr'>five</span> <span class='ocrx_word' id='word_1_1246' title='bbox 1830 3629 2013 3661; x_wconf 89' lang='lat' dir='ltr'>Concordata</span> <span class='ocrx_word' id='word_1_1247' title='bbox 2039 3631 2144 3662; x_wconf 88' lang='lat' dir='ltr'>fuerint</span> <span class='ocrx_word' id='word_1_1248' title='bbox 2177 3639 2265 3670; x_wconf 86' lang='lat' dir='ltr'>prout</span> 
     </span>
     <span class='ocr_line' id='line_1_168' title="bbox 1195 3656 2264 3708; baseline 0.001 -8"><span class='ocrx_word' id='word_1_1249' title='bbox 1195 3681 1248 3708; x_wconf 88' lang='lat' dir='ltr'>pro</span> <span class='ocrx_word' id='word_1_1250' title='bbox 1265 3671 1364 3708; x_wconf 88' lang='lat' dir='ltr'>majori</span> <span class='ocrx_word' id='word_1_1251' title='bbox 1378 3669 1502 3699; x_wconf 85' lang='lat' dir='ltr'>Honore</span> <span class='ocrx_word' id='word_1_1252' title='bbox 1514 3670 1547 3701; x_wconf 73' lang='grc' dir='ltr'>δε</span> <span class='ocrx_word' id='word_1_1253' title='bbox 1560 3668 1733 3700; x_wconf 88' lang='lat' dir='ltr'>Commodo</span> <span class='ocrx_word' id='word_1_1254' title='bbox 1746 3668 1865 3708; x_wconf 87' lang='lat' dir='ltr'>nostris,</span> <span class='ocrx_word' id='word_1_1255' title='bbox 1884 3679 1917 3700; x_wconf 88' lang='lat' dir='ltr'>ac</span> <span class='ocrx_word' id='word_1_1256' title='bbox 1931 3667 2121 3706; x_wconf 77' lang='lat' dir='ltr'>Expeditione</span> <span class='ocrx_word' id='word_1_1257' title='bbox 2139 3656 2264 3701; x_wconf 65' lang='lat' dir='ltr'>Cuerrae</span> 
     </span>
     <span class='ocr_line' id='line_1_169' title="bbox 1198 3707 2264 3776; baseline 0.002 -38"><span class='ocrx_word' id='word_1_1258' title='bbox 1198 3708 1358 3776; x_wconf 48' lang='lat' dir='ltr'>praedicitag</span> <span class='ocrx_word' id='word_1_1259' title='bbox 1376 3708 1457 3738; x_wconf 85' lang='lat' dir='ltr'>vobis</span> <span class='ocrx_word' id='word_1_1260' title='bbox 1470 3709 1569 3738; x_wconf 89' lang='lat' dir='ltr'>melius</span> <span class='ocrx_word' id='word_1_1261' title='bbox 1580 3708 1669 3738; x_wconf 90' lang='lat' dir='ltr'>visum</span> <span class='ocrx_word' id='word_1_1262' title='bbox 1681 3707 1781 3745; x_wconf 89' lang='lat' dir='ltr'>fuerit,</span> <span class='ocrx_word' id='word_1_1263' title='bbox 1800 3708 1921 3738; x_wconf 89' lang='lat' dir='ltr'>nomine</span> <span class='ocrx_word' id='word_1_1264' title='bbox 1935 3707 2036 3738; x_wconf 81' lang='lat' dir='ltr'>nostro</span> <span class='ocrx_word' id='word_1_1265' title='bbox 2050 3707 2152 3739; x_wconf 79' lang='lat' dir='ltr'>firmari</span> <span class='ocrx_word' id='word_1_1266' title='bbox 2164 3710 2199 3740; x_wconf 87' lang='lat'>&amp;</span> <span class='ocrx_word' id='word_1_1267' title='bbox 2220 3719 2264 3740; x_wconf 86' lang='lat' dir='ltr'>as-</span> 
     </span>
     <span class='ocr_line' id='line_1_170' title="bbox 1197 3747 1443 3778; baseline -0.008 0"><span class='ocrx_word' id='word_1_1268' title='bbox 1197 3748 1314 3778; x_wconf 82' lang='lat' dir='ltr'>securari</span> <span class='ocrx_word' id='word_1_1269' title='bbox 1357 3747 1443 3776; x_wconf 83' lang='lat' dir='ltr'>ciatis.</span> 
     </span>
    </p>

    <p class='ocr_par' dir='ltr' id='par_1_68' title="bbox 1197 3783 2410 3899">
     <span class='ocr_line' id='line_1_171' title="bbox 1235 3783 2262 3822; baseline 0.001 -7"><span class='ocrx_word' id='word_1_1270' title='bbox 1235 3785 1288 3822; x_wconf 83' lang='lat' dir='ltr'>Et,</span> <span class='ocrx_word' id='word_1_1271' title='bbox 1308 3785 1326 3814; x_wconf 81' lang='lat' dir='ltr'>si</span> <span class='ocrx_word' id='word_1_1272' title='bbox 1343 3784 1433 3814; x_wconf 84' lang='lat' dir='ltr'>forsan</span> <span class='ocrx_word' id='word_1_1273' title='bbox 1455 3783 1534 3814; x_wconf 90' lang='lat' dir='ltr'>idem</span> <span class='ocrx_word' id='word_1_1274' title='bbox 1552 3783 1697 3822; x_wconf 89' lang='lat' dir='ltr'>Johannes</span> <span class='ocrx_word' id='word_1_1275' title='bbox 1717 3784 1872 3815; x_wconf 89' lang='lat' dir='ltr'>rationabili</span> <span class='ocrx_word' id='word_1_1276' title='bbox 1891 3783 2036 3814; x_wconf 67' lang='lat' dir='ltr'>Trae‘tatui</span> <span class='ocrx_word' id='word_1_1277' title='bbox 2056 3784 2136 3822; x_wconf 88' lang='lat' dir='ltr'>super</span> <span class='ocrx_word' id='word_1_1278' title='bbox 2149 3785 2206 3816; x_wconf 90' lang='lat' dir='ltr'>hoc</span> <span class='ocrx_word' id='word_1_1279' title='bbox 2219 3793 2262 3816; x_wconf 57' lang='lat' dir='ltr'>aa·</span> 
     </span>
     <span class='ocr_line' id='line_1_172' title="bbox 1197 3822 2410 3871; baseline -0.002 -17"><span class='ocrx_word' id='word_1_1280' title='bbox 1197 3824 1296 3854; x_wconf 89' lang='lat' dir='ltr'>sentire</span> <span class='ocrx_word' id='word_1_1281' title='bbox 1313 3823 1330 3841; x_wconf 66' lang='grc'>*</span> <span class='ocrx_word' id='word_1_1282' title='bbox 1345 3822 1482 3860; x_wconf 89' lang='lat' dir='ltr'>noluerit,</span> <span class='ocrx_word' id='word_1_1283' title='bbox 1499 3831 1567 3853; x_wconf 91' lang='lat' dir='ltr'>tunc</span> <span class='ocrx_word' id='word_1_1284' title='bbox 1581 3823 1687 3860; x_wconf 87' lang='lat' dir='ltr'>ipsum,</span> <span class='ocrx_word' id='word_1_1285' title='bbox 1705 3832 1738 3853; x_wconf 89' lang='lat' dir='ltr'>ac</span> <span class='ocrx_word' id='word_1_1286' title='bbox 1750 3822 1896 3853; x_wconf 86' lang='lat' dir='ltr'>Homines</span> <span class='ocrx_word' id='word_1_1287' title='bbox 1910 3824 1988 3860; x_wconf 87' lang='lat' dir='ltr'>suos,</span> <span class='ocrx_word' id='word_1_1288' title='bbox 2007 3823 2036 3852; x_wconf 88' lang='lat' dir='ltr'>in</span> <span class='ocrx_word' id='word_1_1289' title='bbox 2050 3830 2187 3866; x_wconf 82' lang='lat' dir='ltr'>quantum</span> <span class='ocrx_word' id='word_1_1290' title='bbox 2206 3831 2262 3861; x_wconf 83' lang='lat' dir='ltr'>po-</span> <span class='ocrx_word' id='word_1_1291' title='bbox 2275 3830 2410 3871; x_wconf 41' lang='grc' dir='ltr'>»ἵνά-ΞΗ</span> 
     </span>
     <span class='ocr_line' id='line_1_173' title="bbox 1199 3859 2157 3899; baseline -0.002 -7"><span class='ocrx_word' id='word_1_1292' title='bbox 1199 3863 1300 3899; x_wconf 76' lang='lat' dir='ltr'>teritis,</span> <span class='ocrx_word' id='word_1_1293' title='bbox 1319 3862 1487 3899; x_wconf 79' lang='lat' dir='ltr'>expugnari,</span> <span class='ocrx_word' id='word_1_1294' title='bbox 1505 3871 1539 3891; x_wconf 90' lang='lat' dir='ltr'>ac</span> <span class='ocrx_word' id='word_1_1295' title='bbox 1553 3861 1589 3890; x_wconf 91' lang='lat' dir='ltr'>de</span> <span class='ocrx_word' id='word_1_1296' title='bbox 1604 3859 1718 3891; x_wconf 65' lang='lat' dir='ltr'>Guerrfi</span> <span class='ocrx_word' id='word_1_1297' title='bbox 1731 3862 1839 3897; x_wconf 80' lang='lat' dir='ltr'>gravari</span> <span class='ocrx_word' id='word_1_1298' title='bbox 1852 3861 1886 3890; x_wconf 86' lang='lat'>&amp;</span> <span class='ocrx_word' id='word_1_1299' title='bbox 1900 3861 2025 3898; x_wconf 85' lang='lat' dir='ltr'>opprimi</span> <span class='ocrx_word' id='word_1_1300' title='bbox 2035 3861 2157 3899; x_wconf 73' lang='lat' dir='ltr'>faciatis3</span> 
     </span>
    </p>

    <p class='ocr_par' dir='ltr' id='par_1_69' title="bbox 1200 3898 2263 3974">
     <span class='ocr_line' id='line_1_174' title="bbox 1237 3898 2263 3939; baseline -0.001 -10"><span class='ocrx_word' id='word_1_1301' title='bbox 1237 3899 1306 3929; x_wconf 86' lang='lat' dir='ltr'>Nos</span> <span class='ocrx_word' id='word_1_1302' title='bbox 1319 3899 1355 3929; x_wconf 91' lang='lat' dir='ltr'>de</span> <span class='ocrx_word' id='word_1_1303' title='bbox 1368 3909 1420 3937; x_wconf 77' lang='lat' dir='ltr'>eo,</span> <span class='ocrx_word' id='word_1_1304' title='bbox 1439 3899 1518 3936; x_wconf 90' lang='lat' dir='ltr'>quod</span> <span class='ocrx_word' id='word_1_1305' title='bbox 1531 3899 1611 3939; x_wconf 88' lang='lat' dir='ltr'>super</span> <span class='ocrx_word' id='word_1_1306' title='bbox 1625 3898 1772 3936; x_wconf 84' lang='lat' dir='ltr'>praemiffis</span> <span class='ocrx_word' id='word_1_1307' title='bbox 1787 3899 1924 3937; x_wconf 83' lang='lat' dir='ltr'>feceritis,</span> <span class='ocrx_word' id='word_1_1308' title='bbox 1942 3908 2010 3929; x_wconf 89' lang='lat' dir='ltr'>cum</span> <span class='ocrx_word' id='word_1_1309' title='bbox 2030 3898 2185 3937; x_wconf 79' lang='lat' dir='ltr'>celeritate,</span> <span class='ocrx_word' id='word_1_1310' title='bbox 2204 3898 2263 3939; x_wconf 62' lang='lat' dir='ltr'>qua</span> 
     </span>
     <span class='ocr_line' id='line_1_175' title="bbox 1200 3936 1779 3974; baseline -0.005 -5"><span class='ocrx_word' id='word_1_1311' title='bbox 1200 3938 1358 3969; x_wconf 81' lang='lat' dir='ltr'>commode</span> <span class='ocrx_word' id='word_1_1312' title='bbox 1374 3937 1432 3966; x_wconf 87' lang='lat' dir='ltr'>fieri</span> <span class='ocrx_word' id='word_1_1313' title='bbox 1448 3939 1568 3974; x_wconf 86' lang='lat' dir='ltr'>poterit,</span> <span class='ocrx_word' id='word_1_1314' title='bbox 1587 3936 1779 3968; x_wconf 84' lang='lat' dir='ltr'>certificantes.</span> 
     </span>
    </p>

    <p class='ocr_par' dir='ltr' id='par_1_70' title="bbox 1201 3973 2265 4053">
     <span class='ocr_line' id='line_1_176' title="bbox 1238 3973 2265 4017; baseline 0.001 -12"><span class='ocrx_word' id='word_1_1315' title='bbox 1238 3975 1328 4006; x_wconf 87' lang='lat' dir='ltr'>Teste</span> <span class='ocrx_word' id='word_1_1316' title='bbox 1349 3975 1507 4013; x_wconf 86' lang='lat' dir='ltr'>Leonello,</span> <span class='ocrx_word' id='word_1_1317' title='bbox 1526 3976 1599 4006; x_wconf 89' lang='lat' dir='ltr'>Filio</span> <span class='ocrx_word' id='word_1_1318' title='bbox 1621 3975 1709 4014; x_wconf 87' lang='lat' dir='ltr'>Regis</span> <span class='ocrx_word' id='word_1_1319' title='bbox 1723 3973 1884 4014; x_wconf 84' lang='lat' dir='ltr'>cariffimo,</span> <span class='ocrx_word' id='word_1_1320' title='bbox 1901 3973 2032 4005; x_wconf 90' lang='lat' dir='ltr'>Custode</span> <span class='ocrx_word' id='word_1_1321' title='bbox 2043 3973 2174 4014; x_wconf 82' lang='lat' dir='ltr'>Angliae,</span> <span class='ocrx_word' id='word_1_1322' title='bbox 2190 3973 2265 4017; x_wconf 82' lang='lat' dir='ltr'>apud</span> 
     </span>
     <span class='ocr_line' id='line_1_177' title="bbox 1201 4013 1718 4053; baseline -0.006 -7"><span class='ocrx_word' id='word_1_1323' title='bbox 1201 4013 1327 4046; x_wconf 87' lang='lat' dir='ltr'>Westm.</span> <span class='ocrx_word' id='word_1_1324' title='bbox 1345 4022 1443 4053; x_wconf 87' lang='lat' dir='ltr'>quarto</span> <span class='ocrx_word' id='word_1_1325' title='bbox 1456 4013 1503 4045; x_wconf 85' lang='lat' dir='ltr'>die</span> <span class='ocrx_word' id='word_1_1326' title='bbox 1522 4013 1718 4048; x_wconf 86' lang='lat' dir='ltr'>Novembris.</span> 
     </span>
    </p>
   </div>
   <div class='ocr_carea' id='block_1_31' title="bbox 1646 4084 2274 4188">
    <p class='ocr_par' dir='ltr' id='par_1_71' title="bbox 1646 4084 2274 4188">
     <span class='ocr_line' id='line_1_178' title="bbox 1646 4084 2163 4129; baseline 0.006 -10"><span class='ocrx_word' id='word_1_1327' title='bbox 1646 4091 1697 4120; x_wconf 80' lang='lat' dir='ltr'>Per</span> <span class='ocrx_word' id='word_1_1328' title='bbox 1709 4087 1791 4129; x_wconf 74' lang='lat' dir='ltr'>ipsum</span> <span class='ocrx_word' id='word_1_1329' title='bbox 1802 4087 1941 4128; x_wconf 76' lang='lat' dir='ltr'>custodem</span> <span class='ocrx_word' id='word_1_1330' title='bbox 1953 4084 1993 4124; x_wconf 64' lang='grc' dir='ltr'>ό·</span> <span class='ocrx_word' id='word_1_1331' title='bbox 2008 4088 2163 4128; x_wconf 70' lang='lat' dir='ltr'>Concilium,</span> 
     </span>
     <span class='ocr_line' id='line_1_179' title="bbox 2218 4156 2274 4188; baseline 0 0"><span class='ocrx_word' id='word_1_1332' title='bbox 2218 4156 2274 4188; x_wconf 76' lang='lat' dir='ltr'>Pro</span> 
     </span>
    </p>
   </div>
  </div>
 </body>
</html>
