2562 4279
45 196 115 227 Ann
133 194 173 225 D.

67 242 153 273 1335·

42 273 110 302 Edu.
132 282 160 310 3.

39 609 117 642 Arm.
131 612 170 643 D.

38 660 151 724 ..ιζῗξῗ

39 731 69 754 Ε.
90 738 101 764 3

39 750 149 802 Vasc.·9.

36 807 68 830 Ε.
83 814 108 840 3.
130 814 168 832 m.

33 1660 110 1692 Ann.
125 1659 167 1690 D.

30 1707 146 1773 11212335

29 1798 119 1851 ciaus'.

31 1863 58 1889 9.
77 1857 104 1880 E.
118 1862 143 1890 3.

31 1901 67 1920 m.
79 1901 120 1928 19·
134 1892 160 1920 d.

28 2779 105 2810 Ann.
115 2776 155 2808 D.

26 2824 131 2891 2523}-

26 2915 133 2967 Pan-9.

27 2978 159 3010 E.3.p.1.

28 3021 66 3039 m.
87 3021 109 3038 ι.

29 3052 46 3066 ”
63 3052 116 3079 IV.

29 3089 96 3125 649.

201 106 278 147 128

202 188 300 226 causti,
319 185 425 217 restitui
439 183 544 214 faciatis
557 183 586 212 in
600 179 813 224 Thesaurariam
826 177 953 208 nostram
967 176 1164 216 reportandas,
1178 182 1266 214 prout

200 229 239 259 eis
256 237 305 263 per
320 224 388 255 Nos
402 223 511 261 plenius
524 220 565 250 est
579 219 746 258 injunCtum.
839 255 844 259 .

238 264 328 297 Teste
342 261 426 299 Rege
441 259 513 298 apud
526 258 659 289 Eborum
668 279 678 294 ,
696 256 804 286 oe‘tavo
817 252 863 284 die
871 253 960 293 Junii.

680 333 733 361 Per
747 329 830 370 ipfitm
839 333 934 368 Regem
948 329 985 366 ὠ
1002 328 1155 361 Concilium.

265 463 314 495 De
340 458 544 506 Compefitione
572 468 641 489 cum
666 453 889 502 Archiepiscopo
905 453 1085 502 Burdegaliae
1101 452 1192 499 fhper

540 504 750 538 Emolumenta
772 506 912 550 Cunagii.

197 593 315 650 REX
352 591 475 623 Dileffis
491 591 525 622 δε
540 589 682 621 Fidelibus
695 590 761 629 fiiis,
779 589 902 620 Olivero
915 588 951 619 de
965 586 1103 627 Ingham,
1118 583 1261 616 Senescal-

325 618 334 631 Ἰ

275 633 304 663 lo
322 633 371 662 suo
386 630 552 668 Vasconiae,
571 629 604 660 &
617 629 764 660 Nicholao
778 628 955 666 Ususmaris,
974 624 1195 657 Constabulario
1210 623 1260 654 suo

191 669 381 709 Burdegaliae‚
400 669 534 700 Salutem.
1172 702 1177 706 η
1223 701 1228 706 ¹

230 709 311 754 Cum
327 709 435 753 *Literae
456 706 575 745 nostrae,
594 705 829 737 Confirmatoriae
851 704 993 742 qu'usdam
1017 701 1258 740 Compositionis,

192 758 282 786 nuper
295 757 370 778 lnlt‘le
383 755 454 777 inter
468 744 547 790 Vos,
566 745 678 783 praefate
691 745 863 788 Senescallel,
881 744 915 774 &
934 742 1097 797 Jrohannem
1104 739 1259 809 &Trgcvffii

189 783 1161 886 {ssisspissssssffffssfdssitssfflffi“fflfiu‘llffifssi’131513}3323&
1182 815 1258 846 Ter-

190 872 241 932 ἒξ
257 864 367 933 {1323ssss
369 860 619 938 ἓὲῧὲῗέῒεῗῗιῗ
622 862 734 930 ‘5353
743 858 917 936 effi?
923 855 1258 933 gtvfiicitssrfinjssff‘ss‘ssssf

189 940 319 1010 stalls'b’bis
334 977 501 1009 mandamus
517 975 597 1015 quod
612 961 679 1014 erga
694 976 845 1014 praedietos
854 998 865 1015 ,
886 971 1138 1016 Archiepiscopum
1150 971 1184 1002 &
1199 968 1258 1000 Ca-

189 1018 328 1056 pitulum,
348 1028 400 1056 pro
416 1017 522 1060 viribus
536 1013 723 1058 insistatis„ut
738 1025 787 1053 per
801 1015 857 1044 suas
873 1013 1014 1057 declarent
1034 1009 1258 1079 LEeraslhgtggg

192 1066 263 1125 31⁰3&
269 1055 699 1137 ἳὲἱῖιὲξῖῗῖὲὲῗὲῗξὲἑῗὲἒὲΐ,
708 1052 951 1130 [ἰὲῗέῗὸῖῗὶἓέῖ
962 1058 1257 1125 ἓῖἑῗᾍεωὲοηςεηω

189 1143 310 1177 eorum,
331 1133 376 1163 vel
396 1132 483 1162 ialtim
504 1131 626 1168 secrete,
642 1129 680 1160 de
699 1129 886 1161 Confessione
913 1128 977 1167 sua,
995 1128 1015 1158 si
1027 1128 1085 1158 hoc
1100 1125 1256 1163 fateantur,

186 1170 680 1250 Pugilfusffpfiginliilgr[prgfnltiittelris
701 1207 758 1238 suas
779 1207 936 1244 declarare,
953 1205 1000 1236 vel
1012 1204 1100 1236 saltim
1112 1212 1255 1243 recogno-

187 1249 439 1291 scere-noluerint,
458 1257 526 1291 tunc
542 1246 620 1284 super
633 1245 776 1284 praemiffis
792 1246 896 1290 facietis
912 1251 1007 1288 prout.
1019 1240 1253 1286 vob-is,'praefate

185 1287 360 1325 Senelcalle‚
379 1289 411 1319 ὃς
430 1285 572 1322 Magistro
585 1284 716 1315 Gerardo
731 1284 766 1314 de
780 1284 891 1321 podio,
912 1283 1009 1322 Judici
1024 1280 1131 1324 Majori
1151 1279 1252 1311 Duca-

187 1325 495 1396 ffi'srnci'tstrllpraedifficl
507 1323 575 1393 {igis
592 1333 639 1361 per
652 1322 779 1392 ”gstsiJm
793 1322 962 1400 (cllonffiliurn
976 1319 1128 1351 informati.

255 1374 271 1395 e
298 1374 314 1395 e
357 1374 408 1404 ege
420 1374 475 1402 apu
553 1371 655 1399 orum,
692 1371 785 1392 ecuno
825 1371 851 1392 ie
884 1370 951 1391 unu.

923 1440 976 1468 Per
994 1434 1147 1467 Concilium.

424 1564 483 1599 Ad
500 1566 608 1611 Regem
627 1563 768 1608 Castellae,
798 1563 834 1597 de
853 1562 1024 1597 Credentia.

190 1651 406 1715 MAgnifico
425 1650 573 1690 Principi,
589 1650 725 1682 Domino
750 1649 888 1688 Alfonso,
907 1647 966 1678 Dei
982 1648 1086 1685 gratia,
1105 1645 1252 1684 Castellae‚

286 1691 439 1731 LegioniS,
463 1691 584 1728 Toleti,
609 1689 748 1726 Galiciae,
766 1688 888 1725 Sibiliae,
905 1686 1083 1724 Cordubiae,
1102 1684 1253 1723 Muriciae,

189 1729 359 1769 Gehennae,
376 1739 458 1767 atque
474 1729 632 1768 Algarbiae,
651 1727 741 1766 Regi,
761 1737 794 1757 ac
809 1725 973 1757 Comitatus
987 1724 1096 1755 Molini
1107 1723 1253 1762 Domino,

187 1769 295 1800 Amico
311 1769 360 1800 suo
374 1766 534 1805 carissimo,
553 1765 722 1804 Edwardus,
741 1765 841 1796 eadem
854 1763 957 1804 gratia,
976 1763 1036 1795 &c.
1050 1762 1178 1793 feelicem
1190 1771 1252 1801 reg-

184 1807 270 1838 nandi
285 1808 405 1847 gloriam
419 1816 486 1837 cum
500 1806 602 1836 Salute.

222 1846 305 1878 Dum
333 1848 362 1876 in
391 1853 477 1882 gratae
499 1844 660 1875 reducimus
681 1841 910 1873 considerationis
931 1841 1060 1871 examine
1080 1839 1252 1871 Diledtionis

183 1885 296 1915 sincerae
311 1883 495 1915 constantiam
510 1883 544 1914 ὅ(
558 1882 758 1913 Subventionis
774 1879 1031 1921 promptitudinem
1041 1903 1051 1917 ,
1064 1879 1183 1918 quibus,
1203 1888 1252 1909 ce-

179 1922 263 1954 lebris
279 1923 445 1959 memorire,
462 1921 661 1960 progenitores
676 1919 761 1951 vestri
775 1920 809 1951 &
822 1918 912 1949 nostri
933 1918 960 1949 se
982 1926 1082 1948 mutuo
1126 1927 1251 1949 raevene-

181 1970 263 2000 runt,
282 1960 496 1992 desiderabiliter
508 1961 665 1998 appetimus
678 1959 742 1989 haec
758 1960 829 1988 inter
846 1957 906 1987 Vos
921 1957 954 1988 ὃ(
969 1956 1037 1987 Νο5
1050 1966 1089 1986 no
1129 1958 1150 1986 is
1175 1965 1251 1987 tem-

180 2002 297 2039 poribus
311 2000 457 2039 adaugeri,
476 1999 625 2030 voluntarii
648 1997 756 2036 semper
776 1998 810 2028 &
831 1997 915 2036 parati
935 1994 1071 2034 perficere
1092 1994 1171 2032 Quae
1191 1994 1249 2034 pla-

178 2041 269 2071 centia
283 2040 444 2070 noverimus
461 2039 535 2068 votis
548 2036 663 2075 vestris,

216 2077 270 2116 Er,
290 2087 320 2109 ut
333 2076 418 2108 statiis
433 2075 592 2106 desiderat-ae
605 2075 796 2112 Prosperitatis
809 2073 908 2105 vestrae
931 2074 1060 2105 votivam
1081 2073 1163 2103 citius
1183 2082 1247 2103 cer-

176 2117 327 2148 titudinem
345 2117 513 2152 habeamus,
532 2114 624 2145 Ecce!
653 2114 786 2145 Dilettos
806 2113 838 2143 &
863 2111 970 2143 Fideles
991 2111 1123 2150 nostros,
1150 2111 1247 2141 Berar-

175 2155 246 2186 dum
260 2156 296 2186 de
310 2156 334 2186 la
350 2155 429 2193 Bret‚
450 2154 644 2185 Willielmum
657 2153 761 2183 Filium
775 2151 904 2191 Waryn,
923 2152 957 2182 δε
984 2150 1157 2188 Magistrum
1181 2148 1245 2180 Ge-

174 2194 290 2225 tardum
305 2194 340 2225 de
358 2194 467 2231 Pute0,
486 2192 632 2230 Majorem
645 2191 780 2231 Judicem
796 2190 928 2221 Ducatiis
942 2190 1031 2220 nostri
1049 2189 1194 2227 praedie'ti,
1212 2189 1247 2220 &

175 2231 262 2264 Duos
278 2243 397 2271 eorum,
417 2231 451 2262 ad
466 2231 660 2262 insinuandum
675 2230 775 2261 vestrae
799 2228 1022 2269 Magnificentiae
1042 2227 1136 2258 Status
1157 2226 1247 2258 nostri

176 2272 385 2302 continentiam
401 2270 450 2309 (de
467 2280 521 2309 qua
536 2280 611 2300 nova
632 2270 738 2300 foelicia
757 2269 891 2306 libenter,
911 2276 941 2298 ut
962 2266 1151 2305 confidimus,
1168 2265 1248 2296 audi-

176 2311 250 2347 retis)
266 2311 299 2340 ad
317 2321 368 2341 vos
393 2310 525 2340 duximus
544 2308 788 2345 transmittendos,
809 2307 964 2346 Quorum,
984 2306 1017 2336 ὃς
1040 2304 1179 2336 Duorum
1198 2314 1247 2335 eo-

178 2359 262 2387 rum,
276 2349 420 2380 Relationi
435 2347 521 2377 fidem
536 2346 690 2378 Credulam
705 2348 733 2376 in
750 2346 801 2376 hiis
817 2346 938 2383 petimus
951 2343 1095 2381 adhiberi,
1105 2353 1153 2383 per
1163 2343 1248 2383 Qos

178 2389 263 2417 etiam
284 2388 353 2418 velit
374 2385 463 2417 vestra
486 2386 620 2415 Serenitas
642 2386 723 2415 nobis
740 2384 776 2414 de
792 2383 869 2414 Statu
883 2382 978 2414 vestro
993 2381 1135 2413 Placentia
1150 2383 1248 2413 rescri-

179 2425 265 2463 bere,
281 2427 314 2457 &
329 2433 395 2456 vota
409 2424 500 2455 vestra
521 2423 682 2453 fiducialiter
697 2424 810 2461 aperire.

215 2463 277 2493 Vos
291 2463 338 2493 diu
354 2463 501 2493 conservet
517 2463 546 2491 in
565 2460 708 2499 Prosperis
721 2461 883 2491 Clementia
897 2459 1056 2491 Salvatoris.

213 2501 291 2532 Data
307 2501 380 2542 apud
398 2500 530 2531 Eborum
539 2522 549 2539 ,
564 2500 683 2531 decimo
696 2507 794 2539 quarto
808 2499 854 2530 die
863 2498 950 2537 junii.

208 2628 455 2659 Procuratorium
476 2623 520 2657 ad
535 2622 750 2664 traazndum,
776 2634 844 2655 cum
865 2625 942 2669 Rege
960 2620 1105 2665 Caistena,
1121 2622 1214 2668 fitper

612 2669 814 2717 Sponshlibus.

249 2759 397 2797 Niversis,
416 2758 564 2797 praesentes
579 2758 698 2789 Litteras
711 2757 759 2787 ins
773 2756 892 2793 edturis,
911 2752 1084 2790 Edwardus,
1104 2752 1162 2783 Dei
1185 2762 1247 2792 gra-

177 2836 221 2868 Sal
268 2798 323 2836 tia,
346 2798 408 2828 Rex
430 2798 561 2837 AngHae,
580 2797 726 2828 Dominus
779 2795 911 2833 iberniae,
927 2794 960 2825 &
984 2792 1054 2823 Dux
1071 2792 1248 2831 Aquitaniae,

224 2845 310 2867 utem.

213 2875 262 2906 De
273 2874 525 2912 circumspefflone
539 2873 659 2912 provida
673 2874 706 2904 ὃς
720 2871 851 2903 fidelitate
864 2870 998 2910 probata,
1014 2868 1198 2900 Diledtorum
1212 2869 1246 2900 &

178 2913 318 2944 Fidelium
334 2913 517 2951 nostrorum,
536 2912 646 2943 Berardi
659 2911 696 2941 de
709 2911 734 2941 la
748 2911 858 2948 Brette,
873 2909 1025 2939 Willielmi
1046 2908 1095 2938 fitz
1116 2907 1246 2947 Waryn,

177 2954 211 2984 &
235 2951 366 2992 Magistri
391 2951 513 2987 Gerardi
536 2952 554 2970 ²*
578 2950 614 2980 de
628 2950 738 2988 Puteo,
754 2949 863 2988 Judicis
879 2948 996 2987 Majoris
1011 2945 1143 2977 Ducatsis
1158 2946 1247 2977 nostri

178 2991 309 3030 praediciti
318 3015 327 3029 ,
347 2990 471 3029 plenarie
486 2988 661 3020 confidentes
669 3012 678 3026 ,

217 3030 263 3060 Ad
287 3029 464 3061 traetandum
486 3030 519 3059 ὃς
541 3025 777 3058 concordandum
801 3036 888 3064 cum,
909 3025 1070 3064 Magnifico
1095 3022 1245 3062 Principe,

180 3068 316 3099 Domino
339 3068 475 3105 Alfonso,
495 3067 551 3097 Dei
565 3065 668 3105 gratia,
687 3063 835 3101 Castellae,
854 3065 1003 3104 Legionis,
1021 3062 1140 3100 Toleri,
1161 3062 1245 3092 Gali-

177 3108 231 3138 ciae
245 3130 255 3146 ,
278 3107 381 3137 Sibiliae
398 3130 407 3145 ,
432 3105 614 3142 Cordubiae,
640 3103 779 3140 Murciae,
805 3103 972 3141 Gehennae,
996 3111 1081 3139 atque
1102 3101 1245 3140 Algarbiae

176 3146 275 3185 Rege,
291 3156 323 3175 ac
346 3144 510 3175 Comitatus
532 3142 639 3173 Molini
661 3141 810 3178 Domino,
835 3141 944 3171 Amico
963 3139 1063 3170 nostro
1083 3139 1242 3178 cariffimo,

175 3184 222 3215 seu
239 3184 385 3221 Deputatis
398 3185 433 3214 ab
446 3183 565 3219 eodem,
583 3181 662 3218 super
675 3180 851 3217 Sponsalibus
861 3202 870 3218 ‚
890 3181 959 3209 inter
973 3179 1075 3208 Filium
1093 3178 1243 3215 Primoge-

175 3225 269 3253 nitum
283 3223 350 3252 dieti
365 3222 450 3261 Regis
463 3220 611 3258 Castellae,
630 3219 663 3249 &
680 3217 824 3249 lsabellam
841 3217 1065 3254 Primogenitain
1076 3216 1175 3247 Filiam
1189 3226 1244 3247 no-

176 3261 262 3292 stram
278 3260 443 3291 cariffimam
452 3284 460 3297 ‚
480 3257 679 3290 contrahendis
687 3280 697 3295 ,

214 3299 346 3330 Necnon
364 3298 443 3336 super
466 3298 547 3328 Dore
560 3320 569 3334 ,
594 3297 640 3326 seu
663 3295 804 3326 Dotalitio
819 3317 829 3333 ‚
851 3304 884 3325 ac
905 3293 1076 3324 Donatione
1094 3315 1104 3330 ,
1127 3300 1242 3331 propter

177 3338 303 3377 Nuptias
320 3340 349 3368 in
363 3337 416 3368 hac
429 3345 505 3375 parte
519 3333 697 3372 assignanda,

213 3377 252 3408 Et
266 3377 300 3407 ad
313 3387 360 3412 ea,
380 3385 443 3414 quae
458 3375 494 3406 sic
508 3374 641 3404 Tractata
655 3374 687 3403 δε
709 3370 893 3402 Concordata
910 3370 1041 3408 fuerunt,
1060 3378 1242 3408 quacumque

178 3415 309 3446 firmitate
321 3414 481 3446 vallandam
496 3413 529 3444 &
545 3410 730 3448 firmandum,

216 3454 376 3491 Praedietis,
396 3452 531 3489 Berardo,
550 3449 712 3480 Willielmo
725 3449 758 3479 &
775 3447 923 3485 Gerardo,
939 3447 973 3477 &
990 3445 1114 3476 Duobus
1128 3455 1242 3484 eorum,

177 3492 290 3529 plenam
303 3501 402 3522 tenore
421 3490 600 3530 praesentium
622 3488 831 3519 committimus
851 3486 885 3517 &
907 3485 1093 3516 concedimus
1112 3483 1242 3514 Potesta-

178 3539 251 3561 tem·

217 3553 419 3599 Piomittentes
435 3567 504 3598 Nos
518 3566 626 3597 Ratum
641 3565 674 3595 &
690 3563 834 3601 Gratum,
853 3569 987 3601 quatenus
1000 3561 1034 3592 ad
1057 3571 1110 3591 nos
1128 3561 1242 3599 attinet,

178 3606 319 3637 habituros
335 3606 469 3644 quicquid
483 3616 532 3646 per
547 3603 691 3643 praefat0s‚
710 3601 880 3638 Berardum,
898 3600 1110 3638 Willielmum,
1128 3599 1162 3629 &
1177 3598 1241 3629 Ge-

179 3644 308 3683 tardum,
325 3646 358 3676 ὃς
375 3645 458 3675 Duos
472 3653 589 3680 eoi-um,
606 3642 793 3679 Traetatum‚
811 3638 1032 3673 Concordatum
1045 3661 1057 3677 ,
1074 3637 1242 3676 Firmatum,

179 3683 213 3713 &
228 3682 382 3721 Vallatum,
401 3683 481 3713 fuerit
494 3684 523 3712 in
537 3679 691 3720 praemissis.

218 3719 250 3749 In
265 3722 360 3758 cujus,
379 3722 439 3753 &c.

254 3756 321 3789 Dat.
335 3759 409 3800 apud
423 3759 569 3798 Eborum,
586 3758 703 3790 decimo
715 3764 814 3797 quarto
826 3755 872 3787 die
889 3753 978 3795 Junii.

660 84 1472 138 coNVENTioNEs‚

1527 85 1914 134 LITERAE,

2385 167 2506 199 Ann.D

2412 192 2515 247 133ss

1411 258 1461 289 De
1481 255 1633 289 conduma
1646 267 1702 302 pro
1722 257 1910 301 Marcfiallo
1928 259 2050 290 Comitis
2065 256 2258 303 Juliacensis.
2381 249 2448 276 Edv.
2469 257 2497 284 3·

1302 340 1438 397 REX,
1456 341 1700 380 Vicecomitibus,
1716 340 1890 380 Majoribus‚
1908 341 2033 380 Ballivis,
2051 341 2208 381 Ministris,
2231 343 2265 374 &
2285 344 2364 375 Om-
2380 357 2422 381 An
2448 363 2465 389 9

1380 380 1462 411 nibus
1481 380 1538 411 aliis
1558 380 1699 411 Fidelibus
1720 379 1792 418 suis,
1807 381 1866 410 tarn
1884 380 1955 411 infra
1978 380 2148 421 Libertates,
2167 382 2255 420 quarn
2272 391 2362 422 extra,
2378 396 2400 420 Ε
2427 376 2433 382 ’
2469 374 2477 382 ’

1294 415 1435 484 ἐἀὲᾳοξ,
1451 419 1527 488 &ed
1537 418 1672 450 Salutem.
2377 403 2487 465 Facie.

1358 464 1433 487 cratis
1448 467 1508 494 quo
1534 480 1544 496 ,

1315 531 1320 537 ⁸
1336 492 1419 524 Cfim
1438 494 1638 538 Theodoricus
1659 495 1816 527 Schinman
1839 494 1943 533 Miles,
1962 494 2159 534 Marescallus,
2177 496 2297 528 Nobilis
2311 496 2364 528 Vi-
2377 472 2484 536 einp&
2510 504 2514 507 '

1297 541 1338 570 ri,
1355 531 1480 564 Comitis
1496 533 1659 573 Juliacenfis
1681 535 1690 572 (
1713 535 1743 564 ui
1768 534 1801 564 ad
1825 544 1878 564 nos
1896 544 1987 572 nuper
2008 536 2038 564 in
2061 535 2195 574 Angliam
2215 537 2306 573 venit)
2329 536 2365 567 ad
2401 527 2407 534 ⁸
2444 529 2451 537 ⁸
2486 529 2493 535 ⁹

1298 570 1422 601 eundem
1442 570 1594 604 Comitem
1609 573 1682 603 infra
1727 582 1833 612 egnum
1846 572 1978 603 nostrum
1992 573 2023 603 in
2035 575 2169 611 proximo
2190 574 2222 605 fit
2237 574 2365 606 accessu-

1297 618 1343 639 rus
1358 632 1368 646 ,

1299 686 1304 690 ,
1333 647 1512 687 Suscepimus
1527 649 1557 679 in
1571 648 1790 679 Protefflonem
1804 651 1837 681 ὃς
1858 649 2064 680 Defensionem
2085 650 2229 690 nostram,
2246 662 2364 683 necnon

1295 695 1324 729 in
1339 686 1444 718 salvum
1460 687 1494 718 &
1507 686 1636 718 securum
1650 686 1844 731 Condudum
1864 689 2010 727 nostrum,
2027 689 2198 727 praedictum
2220 691 2364 722 Theodo-

1296 734 1403 768 ticum,
1422 736 1478 770 una
1493 735 1562 756 curn
1577 725 1694 755 Familia
1708 725 1773 765 sua,
1791 726 1879 765 Equis
1900 728 1934 758 &
1954 727 2097 758 Hernesiis
2118 729 2183 765 suis,
2201 730 2231 759 in
2253 730 2291 760 sic
2313 740 2365 762 ve-

1295 763 1403 807 niendo
1426 763 1497 794 infra
1519 763 1657 804 Regnum
1676 763 1825 804 nostrum,
1846 766 1954 797 ibidem
1972 767 2129 806 morando,
2147 768 2181 798 &
2203 769 2306 799 exinde
2326 768 2363 800 ad

1295 811 1350 840 pro
1371 812 1409 847 ria
1425 802 1587 833 redeundo:

1295 879 1329 911 ἃ
1359 849 1370 871 t
1384 839 1451 872 ideo
1463 841 1545 873 vobis
1560 841 1742 878 mandamus,
1756 843 1818 874 &c.
1836 842 1913 874 Non
1927 844 2097 883 inferentes,
2110 846 2170 877 &c-
2190 844 2227 876 Et
2245 845 2264 876 fi
2280 845 2359 886 quid,

1331 889 1357 910 c.

1332 917 1367 948 In
1382 918 1477 957 cujus,
1495 919 1558 950 &c-
1577 919 1663 959 usque
1675 919 1711 950 ad
1726 918 1841 951 Festum
1850 918 1950 952 saneti
1974 921 2141 961 Michaelis,
2159 923 2295 962 proximo
2313 923 2360 954 fu-

1295 964 1409 994 turum,
1427 956 1579 989 duraturas.

1332 995 1422 1027 Teste
1434 994 1518 1037 Rege
1529 996 1602 1036 apud
1614 995 1762 1036 Eborum,
1780 996 1897 1028 decimo
1913 998 2015 1037 quinto
2026 998 2072 1030 die
2080 999 2167 1038 Junii.

1984 1075 2039 1104 Per
2054 1075 2136 1116 ipfiam
2150 1080 2254 1116 Regem.

1293 1202 1343 1234 De
1369 1202 1524 1234 Comitatu
1550 1205 1715 1236 Provincia
1738 1204 1917 1236 Donationis
1932 1212 1988 1248 per
2003 1203 2186 1237 Alianoram
2205 1207 2357 1252 quondam

1644 1255 1793 1299 Reginam
1810 1250 2014 1296 Confirmatio.

1294 1333 1413 1392 REX
1431 1335 1596 1376 Omnibus,
1612 1336 1648 1369 ad
1661 1347 1748 1376 quos,
1766 1337 1827 1369 &c.
1847 1336 1981 1368 Salutem.
2370 1334 2446 1368 Ann.
2460 1336 2502 1371 D.

1390 1375 1556 1415 Inspeximus
1579 1379 1693 1406 Litera5
1713 1378 1859 1413 Parentes,
1876 1387 1962 1417 quas,
1979 1375 2054 1406 bonae
2067 1380 2216 1415 memoriae,
2235 1376 2355 1408 Aliana·
2366 1385 2478 1441 51335.

2393 1426 2419 1444 n.
2436 1427 2466 1452 9.

2370 1456 2401 1481 E.

1328 1489 1478 1536 Univetsis
1490 1491 1602 1524 Sanc'tae
1626 1492 1728 1524 Matris
1746 1491 1882 1523 Ecclesiae
1904 1491 1996 1531 Filiis‚
2012 1493 2160 1532 praesentes
2183 1492 2292 1524 Literas
2312 1494 2358 1524 in-
2370 1465 2482 1529 Paf‘p.

1289 1527 1423 1565 speeturis
1464 1531 1511 1562 vel
1534 1531 1686 1570 audituris,
1713 1531 1863 1569 Alianora,
1892 1530 1949 1561 Dei
1971 1531 2077 1571 gratia,
2095 1531 2209 1570 Regina
2229 1532 2340 1573 Angliae
2372 1534 2401 1557 Ε.
2417 1542 2442 1570 3.
2455 1541 2481 1572 p.

1289 1555 1603 1638 ss‘ssngna-Hibemiae’
1621 1571 1655 1603 &
1670 1570 1790 1602 Ducissa
1804 1570 1981 1609 Aquitaniae,
1998 1570 2096 1602 Mater
2110 1571 2216 1612 Regis,
2232 1556 2358 1603 Saluterri
2376 1577 2399 1599 ¹.
2411 1581 2446 1601 m.
2456 1582 2483 1609 7.

1390 1618 1479 1640 mino.

1327 1646 1376 1692 Ad
1388 1647 1587 1680 Univerfitatis
1602 1648 1703 1681 vestrae
1717 1649 1862 1680 Notitiam
1877 1649 2011 1680 volumus
2022 1650 2186 1690 pervenire,
2200 1649 2282 1688 quod
2289 1649 2360 1682 Nos

1290 1683 1460 1730 Fomonem
1474 1687 1578 1733 Terrae
1593 1688 1639 1719 seu
1654 1687 1819 1719 Comitatus
1834 1686 2012 1727 Provinciae,
2032 1699 2096 1727 quae
2107 1688 2176 1728 Jure
2199 1688 2360 1721 Haeredita-

1289 1733 1334 1754 rio
1358 1724 1428 1769 Nos
1449 1735 1612 1770 contingit,
1635 1728 1669 1759 ὃς
1690 1726 1826 1765 quicquid
1846 1727 1929 1757 nobis
1953 1729 2095 1765 competit
2118 1737 2152 1758 ex
2175 1727 2360 1759 Succeffione

1289 1761 1378 1808 Patris
1392 1763 1482 1809 nostri
1497 1765 1531 1796 &
1547 1765 1647 1796 Matris
1660 1765 1785 1805 nostrae,
1802 1774 1871 1796 cum
1888 1764 1976 1796 Mero
1988 1776 2021 1796 ac
2040 1765 2139 1797 Miitto
2161 1766 2304 1806 Imperio,
2322 1767 2358 1798 &

1290 1810 1375 1846 etiam
1387 1802 1607 1847 Jurisdidtione,
1626 1805 1660 1836 &
1674 1805 1809 1835 omnibus
1821 1803 1955 1842 Juribus,
1971 1804 2162 1844 omnibusque
2180 1805 2360 1837 Pertinentiis

1291 1839 1432 1885 Portioms
1446 1841 1588 1887 ejusdem,
1605 1842 1650 1874 seu
1660 1842 1712 1882 Jus
1725 1843 1772 1875 vel
1783 1842 1867 1882 Jura,
1887 1842 2045 1873 Aetionem
2059 1843 2104 1874 seu
2131 1844 2285 1883 Adiioiies,
2304 1855 2360 1875 no-

1290 1879 1334 1924 bis
1349 1890 1419 1910 com
1442 1888 1542 1912 ete-ntia
1556 1882 1584 1911 in
1606 1882 1658 1912 hac
1680 1891 1772 1920 parte,
1790 1881 1824 1911 ad
1846 1881 1998 1919 petendum
2020 1882 2054 1913 &
2077 1881 2281 1920 assequendum
2302 1883 2358 1914 hu-

1285 1919 1411 1964 jusmodi
1450 1922 1595 1964 ortionem
1610 1920 1646 1951 de
1660 1918 1811 1958 Edwardi,
1821 1919 1879 1950 Dei
1891 1920 1995 1959 gratia,
2012 1920 2041 1950 R
2080 1921 2101 1950 is
2116 1920 2227 1959 Angliae
2242 1921 2358 1952 Primo-

1308 1966 1377 2001 eniti
1394 1958 1500 1997 nostri,
1520 1968 1604 1998 atque
1627 1958 1804 1997 Eadmundi,
1823 1958 1948 1989 Comitis
1969 1958 2057 1988 Leice
2084 1959 2149 1996 riae,
2168 1960 2230 1990 Filii
2251 1960 2359 1998 nostri,

1338 1997 1421 2028 nlilio
1448 1999 1482 2029 &
1508 1997 1645 2036 Expresso
1670 1997 1816 2028 Consensu
1833 2020 1842 2035 ,
1875 1996 2021 2027 karissimis
2044 1996 2210 2034 Nepotibus
2231 1997 2333 2028 nostris
2347 2021 2358 2037 ‚

1286 2033 1417 2079 Thomae
1431 2037 1465 2068 &
1480 2035 1629 2075 Hentico,
1649 2036 1722 2067 Filiis
1737 2036 1866 2075 praedieti
1879 2034 2059 2073 Eadmundi,
2076 2043 2111 2064 ex
2122 2035 2220 2065 nostra
2240 2035 2359 2066 Libera-

1286 2073 1363 2105 litate
1376 2073 1530 2106 Donamus
1542 2076 1575 2107 &
1591 2074 1806 2114 Concedimus,
1824 2084 1857 2105 ac
1872 2073 1976 2104 Titulo
2002 2072 2177 2104 Donationis
2197 2074 2358 2104 Transferi'-

1286 2122 1349 2143 mus
1372 2114 1401 2144 in
1422 2113 1555 2153 eosdem,
1580 2115 1652 2146 inter
1671 2114 1787 2150 eofiiem
1809 2113 1944 2151 Nepotes
1967 2111 2101 2150 nostros,
2126 2112 2160 2144 &
2184 2112 2358 2144 eorumdem

1287 2150 1442 2191 Haeredes,
1460 2162 1515 2192 pro
1529 2155 1615 2192 aequis
1630 2153 1816 2184 Portionibus
1833 2151 1999 2183 dividenda:

1324 2190 1353 2221 Si
1376 2195 1448 2223 vero
1469 2193 1616 2232 contingat
1637 2193 1757 2223 alterurn
1780 2191 1926 2222 dierorum
1948 2190 2105 2229 Nepotum
2126 2189 2230 2228 absque
2248 2190 2357 2221 Liberis

1287 2228 1455 2269 Legitimis,
1473 2230 1509 2261 de
1529 2231 1577 2262 suo
1601 2231 1736 2269 Corpore
1755 2231 1923 2270 procreatis,
1941 2230 2019 2260 viam
2040 2230 2130 2260 carnis
2145 2229 2254 2266 ingredi
2277 2229 2357 2260 Uni-

1285 2269 1371 2338 gessa?
1386 2294 1395 2308 ,
1427 2269 1567 2301 accrescat
1591 2270 1707 2309 Nepoti
1731 2268 1867 2308 superstiti
1898 2278 1934 2299 eo
1954 2268 2012 2308 ipso
2037 2267 2139 2300 Portio
2159 2269 2248 2299 taliter
2269 2267 2355 2299 dece-

1306 2317 1392 2338 entis:

1325 2346 1394 2392 *.S.i
1406 2350 1478 2392 vero
1494 2348 1586 2387 (quod
1599 2348 1679 2385 absit)
1697 2347 1811 2379 Ambos
1824 2346 1959 2385 Nepotes
1993 2346 2104 2377 raefatos
2118 2345 2222 2384 absque
2243 2346 2356 2377 Liberis
2375 2345 2390 2361 *Ρ
2406 2346 2456 2373 IV.

1287 2385 1435 2430 Legitimis
1450 2388 1597 2431 contingat
1612 2388 1641 2417 in
1657 2388 1711 2430 sata
1725 2386 1878 2424 decedere,
1896 2393 1955 2417 tota
1969 2356 2070 2416 Fortio
2092 2393 2265 2422 memorata,
2284 2394 2356 2415 curn
2371 2384 2437 2419 650.

1287 2425 1423 2456 omnibus
1445 2427 1619 2463 pertinentiis
1639 2427 1721 2464 ipisus
1744 2427 1777 2457 &
1791 2425 1907 2464 Juribus
1924 2424 2103 2462 supradidtis,
2121 2423 2156 2453 &
2169 2423 2226 2453 aliis
2239 2424 2354 2460 quibus-

1287 2473 1431 2502 cumque,
1450 2464 1484 2494 ad
1495 2464 1677 2504 Johannem,
1696 2465 1811 2496 fratrem
1824 2463 2013 2502 eorumdem,
2031 2461 2162 2492 Thomae
2174 2462 2208 2491 ὃ(
2221 2460 2355 2499 Henrici‚

1285 2501 1466 2571 ἓίὶηαωῐη,
1485 2505 1634 2543 deveniat,
1661 2514 1745 2542 quam
1766 2503 1893 2534 fimiliter
1913 2501 2021 2539 eidem,
2047 2501 2077 2530 in
2098 2500 2176 2529 hunc
2198 2508 2351 2538 eventum,

1315 2541 1485 2573 oncedimus
1499 2543 1533 2574 &
1548 2542 1710 2573 Donamus.

1322 2580 1354 2611 Si
1376 2583 1447 2612 vero
1472 2581 1568 2611 Liberi
1590 2581 1698 2619 praefati
1710 2579 1872 2616 Edmundi,
1892 2577 1940 2607 filii
1953 2576 2056 2613 nostri,
2070 2576 2129 2613 jam
2141 2574 2233 2614 Nati,
2250 2577 2284 2607 ὃς
2299 2577 2353 2606 im-

1283 2619 1431 2657 posterum
1443 2618 1607 2657 Nascituri,
1625 2618 1794 2649 decederent
1810 2617 1866 2646 fine
1883 2615 2010 2652 Liberis,
2031 2614 2066 2644 de
2085 2613 2211 2652 ipsorum
2235 2613 2353 2652 Corpo-

1284 2658 1360 2689 ribus
1373 2658 1543 2695 procreatis,
1560 2657 1704 2688 Volumus
1718 2657 1751 2687 &
1766 2655 1940 2685 Ordinamus
1955 2652 2035 2691 quod
2056 2652 2136 2683 Tota
2158 2652 2234 2683 dieta
2256 2653 2352 2684 nostra

1283 2695 1464 2734 Haereditas,
1490 2705 1558 2726 cum
1581 2696 1716 2726 omnibus
1737 2693 1790 2725 suis
1810 2693 1999 2731 pertinentiis,
2024 2690 2059 2722 ad
2080 2690 2217 2722 Haeredes
2237 2692 2351 2723 nostros

1284 2733 1379 2773 Reges
1392 2734 1506 2771 Angliae
1521 2742 1682 2765 revertatur.

1322 2773 1356 2803 ln
1379 2782 1503 2811 quorum
1523 2774 1657 2803 omnium
1677 2772 1711 2803 &
1735 2771 1909 2808 singulorum
1931 2768 2129 2800 testimonium
2141 2767 2274 2805 Sigillum
2293 2778 2349 2799 no-

1286 2811 1394 2849 strum,
1413 2812 1469 2842 una
1492 2821 1560 2842 cum
1584 2811 1685 2850 Sigillis
1708 2810 1836 2850 praedi&
1857 2809 1964 2848 Regis,
1982 2807 2171 2847 Primogeniti
2185 2807 2295 2846 nostri,
2314 2808 2349 2840 &

1283 2851 1391 2889 praefati
1404 2849 1549 2881 Edmundi
1563 2850 1624 2880 Filii
1639 2848 1745 2887 nostri,
1765 2848 1944 2887 praesentibus
1956 2846 1998 2877 est
2013 2847 2175 2884 appensum.

1321 2889 1389 2920 Dat.
1418 2889 1520 2921 Mense
1543 2888 1658 2927 Madio,
1676 2887 1765 2919 Anno
1790 2886 1915 2918 Domini
1936 2885 2103 2925 Milesinio,
2121 2884 2349 2923 Ducentesimo,

1285 2928 1477 2968 Odiogefimo
1489 2929 1575 2960 seXtO.

1291 1420 1342 1450 ra,
1359 1414 1493 1452 quondam
1506 1417 1609 1453 Regina
1623 1413 1756 1454 Anghae,
1767 1413 1840 1454 fi’ci't
1852 1417 1882 1444 in
1896 1415 1953 1445 haec
1967 1415 2073 1455 verba,

1320 3005 1484 3045 Inspeximus
1498 3009 1583 3036 etiam
1599 3008 1712 3036 Literas
1735 3007 1882 3042 Parentes,
1899 3012 1984 3043 quas,
1997 3000 2104 3031 celebris
2123 3002 2271 3037 memoriae,
2288 3003 2348 3030 Do-

1282 3048 1368 3075 minus
1381 3047 1418 3075 E.
1437 3047 1570 3086 quondam
1584 3047 1645 3074 Rex
1657 3043 1772 3082 Angliae
1781 3067 1790 3082 ,
1807 3046 1894 3073 Avus
1906 3040 2008 3080 noster,
2018 3038 2090 3079 fecit
2104 3040 2134 3067 in
2149 3038 2206 3067 haec
2220 3037 2326 3077 verba,

1320 3122 1470 3154 Universis
1492 3123 1593 3153 {anctae
1618 3121 1720 3152 Matris
1740 3119 1874 3150 Ecclesiae
1889 3118 1962 3147 Filiis
1977 3115 2125 3154 praesentes
2139 3115 2245 3145 Literas
2259 3115 2349 3154 inspe-

1282 3161 1367 3191 {turis
1401 3162 1445 3192 vel
1460 3162 1607 3197 audituris,
1627 3160 1799 3195 Edwardus,
1818 3158 1876 3187 Dei
1888 3154 1991 3194 gratia,
2010 3154 2076 3185 Rex
2092 3153 2221 3192 Angli-e,
2238 3153 2349 3185 Domi-

1282 3209 1333 3230 nus
1347 3185 1513 3238 Hiberniae,
1531 3201 1564 3231 &
1582 3200 1652 3229 Dux
1668 3198 1845 3235 Aquitaniae,
1864 3194 1989 3224 Salutem
2000 3193 2029 3222 iii
2045 3192 2190 3223 Domino.

1320 3238 1448 3269 Noverit
1463 3238 1639 3269 Universitas
1651 3235 1741 3266 vestra
1755 3234 1835 3273 quod
1850 3233 1919 3263 Nos
1934 3232 2131 3262 Donationem
2141 3254 2151 3270 ,

1320 3276 1418 3315 Qiam
1440 3275 1592 3308 reverenda
1611 3274 1745 3304 Domina
1767 3273 1914 3308 Alianoi-a,
1942 3270 2000 3300 Dei
2023 3269 2125 3310 gratia,
2151 3269 2265 3308 Regina
2287 3269 2349 3300 An-

1280 3314 1365 3351 gliae,
1385 3314 1482 3345 Mater
1495 3313 1608 3352 nostra,
1626 3313 1710 3350 fecit,
1729 3311 1874 3341 kariffimis
1887 3309 2111 3348 Consanguineis
2126 3308 2243 3346 nostris,
2261 3307 2348 3339 Tho-

1283 3362 1339 3382 mae
1359 3354 1392 3383 δε
1414 3352 1546 3383 Henrico
1566 3362 1599 3382 ac
1611 3351 1750 3390 Johanni,
1769 3351 1844 3380 Filiis
1857 3348 2004 3380 Edmundi
2019 3346 2144 3377 Comitis
2162 3347 2203 3377 Le
2223 3346 2349 3384 cestriae,

1283 3390 1385 3421 Fratris
1397 3391 1504 3429 nostri,
1523 3391 1559 3421 de
1574 3390 1722 3421 Comitatu
1739 3389 1920 3425 Provinciae,
1937 3388 1971 3418 ὅτ,
1988 3386 2088 3417 Rebus
2103 3386 2179 3424 aliis,
2214 3396 2230 3415 e
2242 3385 2348 3415 Haere-

1280 3428 1364 3459 ditate
1380 3429 1532 3460 Parentum
1544 3429 1686 3467 praedic‘tae
1702 3428 1803 3459 Matris
1818 3426 1939 3463 nostrae,

1318 3467 1482 3499 Secundum
1501 3469 1582 3506 ipsius
1605 3467 1778 3498 Donationis
1799 3465 1942 3504 formam,
1960 3473 2012 3502 pro
2033 3462 2150 3501 Nobis,
2167 3463 2201 3493 &
2213 3458 2347 3490 Haeredi-

1283 3505 1335 3537 bus
1347 3506 1466 3546 nostris,
1484 3507 1590 3538 Raram
1601 3507 1739 3537 habemus
1755 3506 1852 3543 pariter
1871 3504 1903 3535 ὃ(
1921 3505 2087 3540 Acceptam.

1317 3544 1354 3613 11}
1363 3546 1442 3584 cujus
1457 3547 1496 3576 rei
1511 3545 1708 3577 testimonium
1727 3543 1860 3581 Sigillum
1880 3541 2012 3573 nostrum
2033 3538 2210 3579 praesentibus
2231 3535 2273 3566 est
2296 3546 2349 3574 ap-

1280 3593 1336 3620 pen
1349 3594 1407 3614 um.

1318 3622 1386 3653 Dat.
1408 3622 1510 3653 Mense
1531 3622 1652 3658 Madio,
1672 3621 1759 3651 Anno
1782 3619 1905 3650 Domini
1928 3616 2100 3653 Millesim0‚
2118 3612 2346 3651 Ducentesimo,

1280 3659 1471 3701 Ostogelimo
1486 3661 1579 3699 sexto,
1598 3661 1631 3691 &
1646 3661 1741 3700 Regni
1755 3659 1845 3689 nostri
1863 3656 2101 3698 Qartodecimo.

1317 3739 1376 3766 Nos
1397 3744 1488 3767 autem
1512 3740 1712 3775 Donationem‚
1738 3734 1940 3777 Conceffionem,
1959 3729 2173 3770 Translationem
2207 3725 2344 3766 Ratifica-

1279 3778 1394 3813 tionem,
1419 3775 1457 3810 ὠ·
1477 3779 1714 3814 Acceptationem,
1733 3775 1877 3813 praedi-'Clas
1898 3775 1987 3801 Ratas
2006 3768 2134 3811 habentes
2157 3748 2195 3799 &³-
2217 3767 2341 3803 Grata&

1279 3824 1325 3842 eas
1334 3822 1384 3852 pro
1398 3814 1485 3844 Nobis
1496 3813 1534 3850 ᾤ’
1549 3814 1708 3844 Haeredibus
1723 3812 1833 3852 nostris,
1850 3816 1984 3850 quantum
1998 3810 2027 3836 in
2041 3804 2129 3835 Nobis
2153 3802 2207 3842 est,
2223 3804 2342 3841 praefato

1280 3853 1413 3890 Henrico,
1431 3852 1469 3888 ὠ·
1482 3853 1641 3884 Haerea'ibus
1649 3852 1725 3891 strix,
1743 3851 1911 3881 concedimus
1923 3845 1961 3882 &¹
1980 3843 2191 3886 Confirmamus,
2201 3844 2272 3882 Jirut
2288 3845 2342 3873 Li-

1281 3897 1348 3919 terae
1357 3892 1496 3928 praedillae
1505 3891 1611 3931 pleniias
1625 3891 1770 3931 testantur.

1319 3931 1355 3959 In
1365 3929 1437 3967 cujus
1445 3955 1454 3968 ‚
1471 3930 1523 3965 &c

1354 3967 1425 4007 Teste
1440 3971 1508 4007 Rege
1521 3954 1596 4009 apud
1605 3964 1801 4004 Newbourgh,
1819 3964 1915 3994 decimo
1920 3959 2001 4029 [ἵξετ’
2007 3956 2227 4036 {suguilis—gem

2296 4035 2343 4064 De
