2562 4279
14 244 90 277 Ann.
100 243 150 274 D,-

32 282 117 322 1338.

12 324 78 352 Ἐάν.
101 333 126 360 3.

706 158 816 198 ET
898 155 1166 198 ACTA
1247 153 1716 195 PUBLICA.

197 244 243 275 Ac
267 244 375 275 dietum
394 243 573 275 Thesaurum
593 245 742 274 inventum
754 267 763 281 ,
785 253 835 282 per
855 242 946 274 visum
959 241 1080 280 ejusdem
1097 239 1218 277 Clerici,

162 291 237 313 extra
249 283 350 314 Solum
365 284 474 314 trahere
488 283 591 320 possint
604 293 656 320 pro
671 283 725 312 sus:
739 282 819 312 libito
835 281 1001 318 voluntatis,

200 320 241 352 Ita
259 321 339 360 quod
362 329 457 352 totum
478 323 639 358 Argentum
652 344 661 359 ,
686 321 722 350 1ic
737 320 891 357 purgatum
906 320 939 349 δε
952 316 1166 353 Peraffinatum,
1181 315 1216 345 ad

163 359 264 390 Cunea
277 360 387 398 nostra,
407 361 440 391 &
454 359 610 389 Haeredum
623 358 788 389 nostrorum
799 381 807 396 ,
825 357 961 388 deferatur
974 381 983 394 ,
1001 355 1124 386 Custodi
1134 377 1144 391 ,
1162 354 1218 384 sive

164 398 356 436 Custodibus,
374 397 508 435 Cambii,
526 398 571 428 vel
586 397 777 428 Cambiorum
794 395 959 426 nostrorum
972 418 982 432 ,
999 402 1045 424 aut
1059 391 1218 422 Haeredum

165 436 331 467 nostrorum
346 461 355 475 ‚
380 446 429 474 per
450 436 613 466 Indenturas
628 460 636 472 ,
661 437 732 465 inter
754 435 843 473 ipsum
857 433 1003 463 Clericum
1019 431 1165 468 nostrum,
1185 431 1218 460 &

165 476 295 513 praefatos
316 474 458 505 Custodes
472 499 481 512 ,
505 475 560 504 sive
576 473 737 504 Custodem
754 498 763 511 ,
789 472 854 502 inde
876 470 1081 508 conficiendas,
1100 469 1220 498 liberan-

165 515 255 553 dum,
272 513 307 543 ad
322 512 473 544 Monetam
489 513 554 542 inde
568 511 752 542 Cudenduni.

203 551 240 583 Et
260 551 341 591 quod
364 551 461 590 singuli
480 549 680 581 Dominorum
703 548 904 587 praediCtorum
919 557 1021 577 omnes
1042 546 1175 583 Sumptus
1188 545 1221 575 δε

166 590 289 628 Custus,
308 591 357 627 qui
371 591 400 619 in
412 589 555 627 praemiffis
570 589 729 627 apponendi
743 588 862 624 fuerint,
876 586 912 616 de
926 586 976 616 suo
992 586 1108 624 proprio
1120 584 1223 614 faciant

168 630 202 660 &
217 639 231 658 a
271 636 357 659 onant

207 638 456 706 Qiipodque'tertia
475 675 535 703 pars
550 665 681 695 Monetae
695 686 704 702 ,
726 663 763 693 sic
782 662 895 701 Cuffae,
913 662 1027 700 Nobis,
1045 663 1078 692 &
1093 658 1224 690 Haeredi-

170 706 224 736 bus
238 704 338 735 nostris
351 729 361 742 ,
379 712 533 741 remaneat,
551 704 584 734 &
600 702 677 732 Duae
692 711 780 742 partes
797 701 917 740 ejusdem
933 701 1069 731 Dominis
1086 701 1224 738 (quorum

171 744 274 775 Solum
287 742 355 773 illud
368 742 461 779 fuerit)
474 742 625 772 liberentur
633 763 643 779 ,

209 781 248 812 Et
260 782 341 820 quod
354 789 447 811 totum
462 779 572 809 Aurum
585 778 751 816 praedictum
767 801 777 816 ,
801 778 838 809 sic
852 778 1009 815 Purgatum
1024 777 1057 808 &
1073 773 1226 805 Peraffina-

171 829 253 858 turn,
270 821 303 851 ὅ(
317 819 474 849 Thesaurus
488 819 635 854 inventus,
654 827 702 854 per
718 817 865 854 praefatum
882 817 1029 847 Clericum
1044 839 1053 853 ,
1072 816 1105 845 &
1119 814 1227 843 Domi-

2258 170 2305 209 31

1255 237 1395 282 Clerum,
1413 240 1515 270 vestrae
1529 239 1707 278 Provinciae,
1725 238 1798 277 apud
1812 238 1967 270 Ecclesiam
1984 239 2077 271 Sandii
2096 238 2175 270 Pauli
2191 239 2312 270 Londo-
2328 234 2402 266 Ann-
2415 236 2470 266 Dr

1259 287 1334 321 nise,
1352 279 1380 321 in
1397 278 1529 308 Crastino
1549 279 1645 308 Sanffi
1661 278 1800 317 Jeronimi
1821 280 1953 316 proximo
1974 279 2088 317 futuro,
2106 279 2260 309 convocari
2274 279 2314 309 fa·
2349 276 2431 314 1338.

1260 324 1353 354 cratis,
1372 324 1406 346 ita
1426 317 1505 360 quod
1526 317 1584 346 tam
1606 317 1676 346 dieti
1698 316 1830 354 Episcopi
1850 318 1937 355 quam
1952 316 2066 348 Decani
2078 319 2111 348 ὅτ.
2127 316 2239 347 Priores
2254 316 2312 347 Ca-
2328 315 2392 342 Eav.
2413 323 2439 349 Ξ-

1260 354 1426 384 thedralium
1441 354 1645 391 ecclesiarum,
1663 354 1695 384 ὃ(
1710 355 1911 386 Archidiaconi
1924 366 1956 386 ac
1972 356 2111 393 Abbates,
2129 355 2262 393 Exempti
2277 356 2312 386 &-

1262 391 1336 435 Non
1357 391 1490 429 Exempti
1505 415 1523 435 ,q
1540 403 1609 430 quos
1629 392 1756 429 expedire
1778 392 1899 423 videritis
1912 418 1921 432 ,
1941 396 1973 425 &
1990 395 2134 432 quodlibet
2147 394 2312 432 Capitulum

1260 430 1398 474 didiarum
1418 430 1606 460 Ecclenarum
1622 430 1831 461 Cathedralium
1853 441 1902 469 per
1916 442 2022 470 unum,
2040 433 2073 463 ὃς
2087 432 2187 463 Clerus
2202 431 2313 470 cujussi-

1262 469 1310 499 bet
1325 468 1465 498 Dioecesis
1486 478 1546 512 per·
1557 468 1640 499 Duos
1656 490 1665 506 ,
1690 467 1889 511 Procuratores
1903 494 1912 507 ,
1936 470 2122 501 sufficientem
2138 470 2314 501 Potestatem

1262 507 1394 537 habentes
1402 529 1419 551 ³.
1430 507 1503 545 apud
1519 506 1624 551 disisam
1639 507 1791 537 Ecclesiam
1813 508 1906 538 Sansti
1921 508 1997 539 Pauli
2011 510 2151 548 intersint,
2169 511 2197 539 in
2211 509 2315 547 praedi-

1265 545 1461 590 &oterastlno
1483 546 1578 575 Sanett
1593 546 1751 584 Jeronimi,
1768 545 1802 575 ad
1815 547 1992 577 tradianduni
2008 571 2017 586 ,
2037 547 2238 578 consulendum
2253 571 2262 585 ,
2281 548 2316 578 &

1266 583 1455 615 ordinandum
1480 584 1559 621 super
1579 583 1723 622 praemissis
1735 606 1744 621 ,
1763 585 1818 613 una
1831 585 1997 623 vobiscum,
2014 587 2048 616 &
2063 585 2136 623 aliis,
2154 596 2203 623 per
2219 596 2269 616 nos
2284 586 2318 615 il-

1266 622 1313 652 luc
1330 631 1398 652 tunc
1416 623 1557 652 mittendis
1570 644 1579 660 ,
1605 623 1638 652 ὃ(
1657 622 1691 651 ad
1710 622 1941 652 consentiendum
1958 624 2009 653 hiis
2030 634 2094 662 quae
2108 632 2175 654 tunc
2192 624 2320 661 ibidem,

1265 670 1317 698 pro
1340 659 1502 704 Communi
1529 660 1702 703 Defensione
1716 660 1749 690 &
1766 660 1880 691 utilitate
1895 661 2001 699 (divina
2015 662 2125 695 favente
2146 661 2317 700 Clementia)

1269 707 1419 738 contigerit
1434 698 1564 728 ordinari.

1306 774 1393 805 Teste
1404 773 1547 805 Edwardo
1560 773 1646 804 Duce
1662 773 1822 805 Cornubiae
1836 776 1869 806 δε
1883 774 2003 807 Comite
2022 775 2158 816 cestriae,
2177 776 2251 807 Filio
2268 786 2323 806 no-

1271 813 1330 843 stro
1349 813 1490 844 carissimo
1503 836 1513 851 ,
1538 810 1667 843 Custode
1687 813 1800 850 Angliae
1815 837 1825 851 ,
1843 813 1914 853 apud
1930 814 2144 852 Norhampton.
2166 816 2265 853 quinto
2278 814 2325 844 die

1273 851 1401 891 Augusti.

1276 929 1330 990 E
1340 928 1437 973 Odem
1454 927 1544 972 modo
1551 926 1717 972 'mandatum
1733 927 1774 957 est
1792 927 1844 971 W.
1865 926 2089 972 Archiepiscopo
2104 927 2329 972 Ebommissn·

1355 968 1418 1006 gliae
1439 966 1557 997 Primati
1571 991 1581 1004 ,
1599 966 1634 995 de
1653 964 1813 1003 hujusmodi
1833 964 2056 997 Convocatione
2078 978 2106 997 in
2118 967 2269 998 Provincia
2281 966 2329 997 {ua

1276 1006 1419 1044 facienda,
1439 1007 1550 1036 mutatis
1564 1004 1712 1035 mutandis

173 869 242 896 nos,
260 859 308 896 qui
321 858 432 887 Aurum
445 855 512 885 illud
528 856 703 894 purgaverint
724 858 756 886 δε
779 855 956 885 Thesaurum
978 854 1137 885 invenerint
1153 875 1162 889 ,
1181 851 1226 892 vel

174 897 237 927 illos
249 906 320 934 quos
335 895 371 926 ad
384 896 443 925 hoc
457 893 667 931 deputaverint,
683 893 716 923 ad
731 894 909 924 Scaccarium
929 893 1060 923 nostrum
1075 914 1084 929 ,
1108 893 1141 922 δε
1156 890 1229 920 Hae-

175 934 276 965 redum
287 933 466 969 nostrorum,
485 932 560 962 {alvo
574 932 608 962 ad
625 932 757 972 Sumptus
773 933 941 962 eorumdem
958 931 1158 961 Dominorum
1181 928 1230 957 de-

176 974 318 1011 ferantur,
337 972 393 1001 una
404 972 473 1001 cuin
487 970 639 1001 lndenruris
649 995 658 1009 ,
677 982 744 1009 quas
759 972 829 1001 inter
843 972 932 1009 ipsum
947 970 1096 1002 Clericum
1109 969 1141 998 &
1158 975 1231 1005 prae-

175 1012 246 1042 fatos
260 1010 409 1041 Dominos
424 1009 489 1039 inde
502 1009 562 1039 fieri
575 1010 725 1047 volumus,
743 1019 828 1048 prout
841 1011 939 1047 decet,

214 1049 253 1079 Et
273 1047 411 1078 Medietas
430 1048 497 1078 inde
515 1047 549 1078 ad
571 1058 642 1085 opus
658 1048 788 1078 nostrum
801 1073 810 1086 ,
829 1050 863 1079 &
877 1046 1036 1078 Haeredum
1050 1044 1233 1080 nostrorum,

177 1089 342 1123 retineatur,
361 1087 394 1117 &
405 1087 434 1116 in
448 1086 658 1116 Thesaurariam
673 1087 799 1118 nostram
815 1088 848 1117 &
864 1087 989 1124 ipsorum
1004 1083 1164 1114 Haeredum
1179 1092 1233 1111 no-

178 1126 303 1156 strorum
324 1125 454 1155 liberetur
467 1148 476 1163 ,
502 1126 534 1155 &
555 1125 637 1155 altera
652 1125 789 1155 Medietas
801 1126 920 1163 praefatis
931 1123 1073 1154 Dominis.
1086 1122 1119 1152 &
1132 1130 1234 1150 eorum

180 1164 292 1203 singulis·
303 1164 478 1202 restituatur,
489 1165 529 1194 ’δε
542 1173 683 1194 remaneat
695 1164 729 1194 ad
745 1163 937 1194 commodum
952 1163 1031 1192 suum
1044 1158 1110 1191 inde
1132 1159 1237 1189 facien-

180 1202 252 1233 dum
267 1212 318 1242 pro
330 1203 412 1233 ditstis
426 1202 589 1239 Sumptibus
605 1203 639 1233 &
653 1202 815 1240 Custubus,
833 1204 861 1231 in
881 1199 1027 1240 praemissis
1050 1197 1240 1236 apponendis,

183 1250 216 1271 ut
228 1242 428 1279 praemittitur,
447 1241 553 1271 facilius
568 1241 758 1279 supportandis
767 1263 776 1280 ,
795 1249 879 1279 prout
893 1241 921 1270 in
931 1239 1043 1269 Litteris
1054 1237 1154 1267 nostris
1167 1245 1240 1273 prae-

182 1279 266 1310 dietis
282 1279 388 1317 plenius
404 1281 583 1316 continetur,

221 1317 305 1356 Nos,
323 1318 359 1348 de
371 1317 517 1356 fidelitate,
536 1317 643 1348 Dileeti
659 1318 756 1356 nobis,
776 1316 938 1347 Mathei'de
953 1314 1131 1351 Cranthorn,
1152 1311 1242 1342 confi-

184 1356 299 1394 dentes,
317 1356 515 1394 affignavimus
530 1356 619 1396 ipsum
634 1355 782 1386 Clericum
798 1355 930 1391 nostrum
950 1354 985 1384 ad
1006 1351 1242 1391 supervidendum

185 1395 292 1425 dietam
311 1395 425 1425 Minam
441 1395 511 1434 Auri
526 1396 558 1425 ὃς
574 1395 690 1434 Argenti
703 1405 735 1424 ac
749 1395 925 1424 Thesaurum
939 1392 1146 1433 Absconditum
1156 1412 1165 1427 ,
1180 1389 1244 1419 ubi-

186 1443 310 1472 cumque
323 1432 559 1478 ea'inJCornitatu
573 1432 731 1472 pfaedksto',
749 1433 809 1463 tam⁴
823 1433 893 1462 infra
908 1432 1077 1467 libertates,
1096 1429 1182 1467 quam
1197 1436 1245 1457 ex-

188 1481 228 1503 tra
265 1481 420 1509 contigerit
434 1473 568 1510 inveniri,
956 1472 957 1475 ’

202 1529 213 1556 ι’
253 1521 270 1541 c
285 1510 499 1547 Extraffionem
513 1509 700 1549 eorumdem,
721 1510 737 1540 a
751 1510 821 1541 locis
836 1510 866 1540 in
882 1509 981 1548 quibus
1000 1507 1038 1537 sic
1051 1505 1171 1536 extrafflt
1185 1504 1248 1535 fue-

187 1558 240 1581 rint
249 1575 259 1587 ,
531 1558 534 1562 ·
878 1558 881 1559 ⁷

1280 1139 1307 1166 >k
1331 1141 1379 1173 De
1397 1142 1485 1172 Lana
1502 1135 1643 1183 capienda
1655 1157 1666 1174 ‚
1689 1139 1724 1173 &
1741 1147 1808 1167 cum
1829 1140 1908 1168 omni
1934 1137 2082 1169 celeritate
2108 1136 2151 1169 ad
2165 1136 2335 1171 Amlemer-
2353 1138 2367 1154 ⁴
2383 1139 2419 1163 V·
2437 1145 2450 1170 7
2457 1138 2481 1173 32

1301 1204 1303 1207 ⁴
1636 1188 1721 1230 piam
1739 1183 1968 1228 transilehcnda.

1351 1375 1356 1381 .
2362 1351 2416 1374 An,
2440 1355 2481 1371 12.

1287 1360 1421 1420 tergcmis
1436 1386 1534 1426 quod,
1551 1395 1619 1417 cum
1642 1384 1772 1421 Praelati,
1790 1383 1936 1421 Comites,
1956 1383 2125 1421 Magnates,
2143 1394 2177 1414 ac
2196 1384 2342 1415 Commu·
2360 1390 2390 1412 Ε.
2421 1394 2445 1420 3.

1289 1430 1386 1459 nitates
1399 1427 1497 1463 Regni
1510 1425 1615 1461 nostri,
1633 1424 1662 1453 in
1678 1422 1865 1452 Parliamento
1887 1422 1988 1452 nostro
2001 1447 2011 1460 ,
2029 1422 2102 1460 apud
2116 1422 2345 1453 Westmonaste—
2361 1428 2417 1451 Pat.
2432 1432 2462 1449 a-

1290 1469 1365 1497 rium
1382 1466 1483 1496 ultimo
1497 1464 1692 1499 Convocato,
1711 1460 1873 1498 existentes,
2361 1464 2412 1498 pud
2426 1464 2480 1487 An—

1328 1502 1511 1535 Considerata
1531 1501 1661 1532 arduitate
1684 1498 1984 1540 NegotiorumLNos
2000 1499 2032 1529 &
2048 1498 2254 1534 Defensionem
2267 1499 2348 1538 Reg-
2367 1508 2424 1527 ιρι»,
2443 1508 2485 1525 η,

1292 1545 1336 1579 ni,
1356 1543 1529 1577 Terrarum,
1553 1539 1710 1577 &jurium
1723 1538 1904 1575 nostrorum,
1918 1537 2028 1567 summe
2045 1539 2289 1577 contingentium,
2370 1543 2396 1573 Ε.
2407 1548 2430 1575 3.
2441 1548 2476 1567 m.
2499 1545 2502 1550 ·

1356 1273 1380 1304 E
1391 1273 1439 1310 X,
1458 1271 1577 1302 Diled'tis
1592 1271 1625 1300 &c
1644 1269 1785 1299 Fidelibus
1799 1268 1868 1307 suis,
1888 1267 2030 1305 Magistro
2041 1270 2164 1307 Johanni
2177 1270 2341 1310 Waweyn,
2358 1266 2486 1300 Ann.D.

1365 1311 1525 1343 willielmo
1545 1308 1580 1339 de
1603 1307 1773 1348 Kyngeston
1787 1329 1797 1345 ,
1821 1308 1853 1338 ὃς
1875 1307 2004 1337 Thomte
2024 1307 2059 1336 de
2083 1307 2212 1348 Baddeby
2230 1332 2240 1347 ,
2265 1309 2344 1339 Salu-
2385 1307 2467 1347 1338.

189 1588 358 1658 ἆὲεεηοη
378 1587 578 1627 Purgationem
597 1587 631 1618 &
646 1586 896 1618 Peraffinationem
909 1586 1024 1617 Auri&
1042 1582 1164 1620 Argenti
1177 1590 1248 1618 prae-

211 1638 217 1657 1
249 1637 333 1657 orum
942 1647 943 1650 ,
1116 1644 1117 1647 ,

210 1685 212 1687 -
228 1665 266 1696 Et
280 1665 314 1695 ad
327 1650 492 1696 Iiide'ntura's
504 1666 575 1695 inter
590 1664 679 1702 ipsum
696 1663 846 1694 Matheum
863 1663 896 1693 &
911 1661 1036 1700 singulos
1048 1659 1248 1689 Domitiorum

190 1704 358 1736 &aliorum‘
367 1704 569 1742 praedictorum
579 1726 589 1741 ,
607 1703 788 1741 quantitatem
810 1701 902 1732 Mina:
918 1700 1038 1735 Auri&
1053 1698 1187 1736 Argenti,
1212 1696 1245 1725 &

193 1743 330 1773 Thesauri
343 1744 468 1780 inventi,
484 1743 500 1771 a
523 1742 592 1772 Solo
606 1741 753 1780 cujussibet
774 1739 942 1770 eorumdem
954 1737 1162 1779 extradiorum,
1179 1744 1252 1764 con-

196 1783 332 1819 tinentes,
351 1781 531 1819 faciendum,
614 1784 617 1787 ’
658 1800 661 1803 κ
679 1802 682 1804 -
902 1787 905 1789 ·
1154 1797 1156 1800 -
1208 1782 1214 1798 τ

215 1819 271 1850 -Et
292 1820 326 1850 ad
346 1819 456 1850 Aurum
473 1819 508 1849 de
533 1817 618 1848 Mina
632 1816 694 1856 illa,
712 1817 750 1847 sic
766 1816 920 1856 Purgatum
935 1815 969 1846 &
982 1812 1203 1849 Peraffinatum,
1221 1820 1255 1841 ac

194 1858 374 1889 Thesaurum
388 1860 551 1895 inventurn,
571 1856 605 1886 ad
621 1856 802 1886 Scaccarium
814 1854 960 1894 nostrum,

150 1909 179 1923 -·
214 1914 217 1915 ν
235 1898 254 1917 *
275 1896 625 1934 Necnonad'Argentum
639 1903 651 1932 ‘,
668 1895 705 1925 de
719 1891 805 1924 Mina
819 1892 951 1932 praedicta
966 1891 1089 1921 {imiliter
1102 1888 1257 1926 Purgatum

196 1937 231 1967 ὃς
246 1934 468 1973 Peraffinatum,
484 1935 519 1964 ad
533 1933 690 1964 Cambium
704 1933 834 1963 nostrum
849 1930 1026 1967 Londoniae,
1044 1929 1099 1958 una
1112 1937 1180 1963 cum
1190 1926 1257 1968 Do-

197 1975 298 2012 minis,
317 1973 351 2003 &
363 1973 420 2003 aliis
433 1973 590 2010 praedietis,
607 1972 652 2002 seu
669 1972 721 2001 illis
734 1981 805 2009 quos
817 1971 866 2008 ipii
879 1970 927 2000 suo
939 1968 1067 2008 periculo
1080 1966 1115 2009 ad
1131 1966 1190 2008 hoc
1206 1964 1257 1994 de-

197 2013 371 2053 putaverint,
389 2011 574 2042 deferendum
589 2012 618 2040 in
631 2010 727 2040 forma
743 2008 886 2048 praedicta.
1031 2015 1034 2018 ’
1145 2016 1147 2018 ·
1208 2012 1212 2015 ’

162 2061 163 2064 ’
210 2065 217 2069 ⁷
236 2050 275 2081 Et
288 2050 322 2080 ad
338 2052 436 2080 omnia
449 2050 498 2079 alia
511 2051 544 2080 ὃς
558 2049 661 2088 singula
672 2072 682 2087 ,
708 2059 773 2087 quae,
786 2048 820 2078 ad
836 2045 980 2077 Officium
992 2044 1161 2083 praedietum
1176 2042 1260 2080 perti-

63 2611 142 2667 Ann.
156 2633 198 2664 D.

201 2097 288 2126 nent,
307 2089 340 2119 &
360 2088 486 2118 nostram
507 2089 538 2117 in
556 2088 610 2118 hac
631 2096 708 2125 parte
727 2087 873 2118 utilitatem
888 2086 921 2116 &
935 2083 1128 2116 commodum
1141 2089 1271 2113 comer-⁴

203 2135 290 2164 nunt,
305 2126 466 2156 faciendum
482 2127 515 2157 &
528 2127 708 2163 explendum.

240 2164 275 2195 In
288 2166 384 2203 cujus,
401 2166 462 2196 &c.
481 2165 615 2203 quamdiu
630 2164 703 2204 Regi
719 2164 852 2203 placuerit
864 2163 1017 2194 duraturas.

241 2241 331 2272 Teste
352 2241 493 2274 Edwardo
508 2242 595 2272 Duce
607 2240 768 2272 Cornubiae
785 2242 818 2272 &
832 2240 952 2271 Comite
967 2237 1105 2275 Cestriae,
1121 2236 1195 2266 Filio
1209 2245 1265 2265 no-

206 2280 423 2359 &0253ng
439 2305 448 2319 ‚
475 2280 605 2311 Custode
628 2280 756 2321 Angliae,
772 2279 844 2319 apud
860 2277 1146 2316 Norhamptoniam,
1163 2283 1264 2314 quarto

228 2329 253 2350 1e
297 2331 312 2350 u
335 2330 351 2350 u
379 2330 396 2350 1.

946 2395 999 2423 Per
1013 2389 1164 2422 Concilium.

281 2541 330 2573 De
348 2539 561 2570 convocatione
575 2535 721 2582 finienda
741 2539 771 2567 in
795 2537 957 2576 Provincia
979 2534 1194 2579 Canmarienst.

1330 1581 1363 1611 In
1377 1577 1812 1614 SubventionemrExpensarum
1828 1575 2070 1614 Importabilium,
2092 1585 2206 1615 propter
2227 1577 2285 1606 hoc
2299 1586 2353 1607 no·
2371 1586 2398 1612 9.
2414 1606 2417 1609 ,

1251 1627 1255 1630 Α
1294 1617 1336 1651 bis
1350 1617 1596 1654 incumbentium,
1614 1615 1798 1645 Medietatem
1816 1613 1902 1643 Lanae
1917 1614 1986 1652 suae,
2005 1614 2091 1652 usque
2103 1614 2137 1644 ad
2154 1615 2354 1646 summamVi—

1294 1659 1364 1699 g'inti
1378 1657 1496 1688 Milium
1511 1654 1667 1685 Saccorum
1677 1677 1686 1690 ,
1705 1653 1787 1696 nobis
1801 1660 1937 1695 gratanter
1951 1653 2155 1691 concefferint,
2173 1655 2210 1684 ita
2224 1653 2304 1692 quod
2316 1651 2353 1684 de

1297 1696 1481 1729 satisfactione
1499 1693 1584 1723 dietae
1607 1691 1694 1721 Lanae
1709 1713 1719 1729 ,
1739 1699 1816 1729 Juxta
1835 1691 1995 1721 rationabile
2016 1691 2142 1722 Pretium
2157 1716 2167 1729 ,
2186 1700 2360 1732 mamercusv

1297 1735 1431 1768 Securitas
1447 1734 1484 1764 eis
1499 1731 1545 1762 fiat
1554 1754 1563 1770 ‚

1322 1774 1372 1805 .Et
1392 1772 1458 1804 Nos
1505 1780 1554 1810 per
1572 1769 1692 1800 Litteras
1711 1766 1817 1798 nostras
1840 1766 1982 1805 Parentes,
1997 1766 2222 1807 assignaverimus
2235 1769 2362 1800 diversos

1300 1810 1409 1844 Fideles
1429 1795 1540 1841 noltros
1556 1831 1565 1846 ,
1585 1807 1619 1837 ad
1642 1807 1753 1837 dietum
1775 1815 1928 1849 numer-um
1942 1805 2101 1836 Saccorum
2115 1805 2219 1845 Lanae,
2237 1807 2271 1837 ad
2285 1805 2359 1846 opus
2393 1834 2395 1836 ,

1299 1850 1428 1882 nostrum
1444 1873 1453 1889 ,
1477 1849 1526 1878 sub
1547 1845 1624 1876 certa
1638 1845 1731 1877 forma
1745 1869 1755 1883 ,
1773 1845 1803 1874 in
1813 1844 1894 1874 dietis
1909 1844 2008 1874 Literis
2022 1844 2124 1875 nostris
2141 1847 2292 1883 contenta,
2310 1857 2360 1876 ca-

1301 1889 1436 1930 piendum
1463 1887 1496 1918 ὅς
1519 1883 1712 1921 colligendum
1727 1906 1737 1921 ,
1759 1892 1792 1913 ac
1813 1882 2024 1913 Concitoribus
2046 1882 2195 1914 Custumae
2209 1884 2313 1914 nostrae
2330 1885 2359 1915 in

1302 1928 1414 1959 diversis
1435 1926 1567 1956 Portibus
1587 1922 1764 1953 liberandum
1779 1944 1789 1960 ,
1802 1921 1913 1954 exinde
1928 1922 1997 1952 ultra
2013 1920 2098 1958 Mare
2111 1931 2146 1952 ex
2161 1922 2244 1955 causa
2258 1922 2366 1961 praedi-'

1302 1964 1349 1999 6ὶέ
1362 1967 1487 1998 celeriter
1500 1961 1751 1997 transvehendum,

1341 2005 1378 2036 Et
1399 2005 1469 2035 licet
1485 2025 1494 2041 ,
1522 2002 1571 2032 sub
1593 1998 1764 2031 confidentia
1785 1996 1870 2028 dic'tae
1891 1997 1979 2028 Lanae
1993 2022 2002 2036 ,
2037 1998 2155 2028 diversas
2173 1998 2364 2030 Pecuniarum

1304 2045 1434 2076 Summas
1458 2039 1625 2080 quibusdam
1646 2036 1857 2068 Confoede‘ratis
1880 2036 1981 2067 nostris
2003 2038 2101 2067 exteris
2117 2039 2245 2075 promitti
2260 2038 2362 2069 feceri-

1305 2094 1367 2115 mus
1382 2080 1526 2113 solvendas
1545 2079 1626 2109 certis
1640 2076 1832 2113 temporibus,
1847 2076 1905 2113 jam
1921 2074 2047 2113 effluxis,
2222 2078 2228 2084 ⁸

1317 2125 1321 2127 ’
1343 2121 1382 2152 Et
1394 2118 1582 2159 postmodum
1591 2140 1601 2155 ,
1618 2115 1653 2146 ad
1666 2115 1817 2145 instantem
1830 2113 2070 2154 Supplicationem
2086 2112 2271 2145 Praelatorum
2280 2138 2289 2152 ,
2302 2113 2365 2145 Co-

1307 2162 1424 2198 mitum,
1443 2156 1610 2197 Magnarum
1624 2178 1634 2193 ,
1659 2155 1692 2185 &
1708 2152 1947 2190 Communitatis,
1966 2152 2185 2191 praedictorum,
2204 2154 2237 2183 ὅ(
2254 2153 2304 2184 sub
2319 2153 2367 2184 ea-

1308 2200 1376 2231 dem
1401 2193 1574 2228 confidentia
1596 2193 1773 2232 personaliter
1794 2201 1863 2222 cum
1884 2190 2018 2221 Exercitu
2034 2214 2044 2230 ,
2068 2202 2128 2221 non
2143 2190 2279 2230 modice,
2296 2188 2366 2222 sicut

1308 2237 1449 2276 oportuit,
1468 2245 1521 2273 pro
1542 2232 1704 2262 defensione
1724 2229 1901 2268 hujusmodi,
1919 2228 2004 2260 Mare
2015 2231 2216 2268 transierimus,
2232 2231 2373 2268 sperantes

1309 2279 1340 2307 in
1359 2275 1482 2307 adventu
1500 2271 1602 2303 nostro
1623 2270 1710 2301 distas
1725 2269 1815 2299 Lanas
1831 2269 1904 2308 apud
1920 2268 2138 2306 Andewerpiam
2151 2268 2273 2307 plenarie
2288 2270 2371 2300 inve-

1311 2315 1382 2347 nisse

1351 2338 1478 2392 Q’iando
1491 2357 1587 2380 tamen
1599 2347 1783 2386 applicuimus
1798 2344 2089 2383 ibidem,invenimus
2102 2345 2285 2376 solummodo
2298 2345 2372 2376 Duo

1278 2387 1282 2392 ’
1314 2393 1396 2423 Milia
1407 2392 1440 2422 ὅ(
1458 2389 1644 2427 Qiingentos
1659 2386 1762 2415 Siccos
1775 2384 1812 2414 de
1824 2385 1949 2415 'numero
1961 2393 2136 2423 praenotato,
2153 2384 2190 2414 de
2203 2395 2262 2422 quo
2277 2385 2372 2414 turba-

1313 2433 1334 2462 ti
1356 2431 1449 2461 sumus
1470 2426 1661 2464 multipliciter
1681 2425 1714 2456 &
1736 2423 1844 2453 confusi
1858 2447 1867 2460 ,
1885 2433 1944 2453 non
1958 2423 2091 2453 habentes
2104 2422 2179 2453 unde
2190 2422 2272 2453 dietis
2289 2422 2373 2452 Con-

1313 2468 1457 2500 foederatis
1471 2465 1572 2496 nostris
1588 2462 1759 2500 satisfacere,
1775 2471 1828 2491 nec
1842 2461 1927 2491 etiam
1942 2460 2128 2492 Nostratibus
2143 2460 2231 2491 Vadia
2247 2461 2374 2492 neceffa-

1258 2513 1277 2515 *
1316 2510 1354 2539 ria
1372 2505 1528 2537 ministrare
1537 2527 1547 2541 ,

1350 2546 1391 2584 Et·
1403 2545 1451 2575 nili
1472 2544 1554 2573 nobis
1574 2540 1752 2571 subveniatur
1773 2537 1905 2576 celerius,
1921 2539 2025 2568 erimus
2043 2537 2133 2576 (quod
2147 2536 2226 2574 abfit)
2243 2538 2273 2567 in
2288 2538 2376 2580 maxi-

419 2596 424 2602 ·
447 2598 450 2601 ⁴
537 2596 540 2601 ·
654 2598 655 2601 ’
686 2599 689 2602 ’
966 2593 969 2599 ’
1042 2593 1045 2599 ‘
1376 2600 1378 2603 ·
1401 2594 1414 2614 e
1431 2584 1439 2612 i
1459 2582 1506 2612 ulo
1523 2579 1669 2610 constituti

215 2621 366 2686 REX,
383 2622 545 2653 Venerabili
560 2623 590 2652 in
611 2621 728 2653 Christo
749 2619 824 2650 Patri
837 2645 846 2658 ,
868 2619 896 2658 J.
915 2618 1019 2661 eadem·
1035 2617 1138 2657 gratia,
1155 2616 1275 2647 Archie-
1316 2594 1398 2654 ¹1¹}ss
1397 2646 1406 2660 ³
1417 2593 1566 2652 rficdietam
1582 2601 1688 2647 Lanarri
1698 2639 1708 2655 ,
1724 2625 1756 2646 ac
1771 2615 1906 2653 speratam
1918 2614 1953 2645 de
1968 2614 2078 2652 Regno
2093 2614 2192 2644 nostro
2207 2614 2363 2645 Pecuniam

89 2672 103 2703 1'
109 2673 174 2714 338.
297 2660 625 2703 Pis<20P0QCss'ssfflal‘ffissli
637 2685 648 2698 ⁴)
673 2661 759 2690 totius
775 2659 885 2698 'Assgllae
905 2658 929 2688 P
931 2669 943 2688 f
946 2660 1022 2688 imm
1036 2679 1046 2695 2
1064 2656 1200 2694 VCl'ssjUS}
1215 2656 1290 2693 ipsov
1317 2662 1442 2692 celeriter
1458 2659 1642 2694 haberemuS,
1660 2656 1826 2693 speraremus
1842 2653 1975 2692 firmiter,
1993 2664 2042 2692 per
2055 2653 2112 2684 Dei
2126 2654 2262 2692 gratiam,
2282 2653 2355 2692 Qo

65 2717 118 2741 A„-
138 2722 180 2739 η,
216 2701 246 2731 in
261 2701 378 2731 remotis
392 2709 509 2738 agente,
526 2699 641 2730 Vicario
656 2698 808 2736 Generali,
826 2697 962 2728 Salutem.
992 2702 994 2707 ’
1112 2714 1115 2717 .
1215 2712 1218 2715 ·
1317 2701 1494 2737 incepimus,
1511 2696 1629 2726 feliciter
1645 2694 1856 2731 consummare,

64 2756 96 2779 Ε.
118 2760 142 2787 3.
254 2739 337 2770 Cum
352 2740 457 2777 ΠῠΡέΓ,
468 2737 615 2775 assumpto
631 2736 761 2774 Paffiglo
774 2735 923 2767 nostrozad
937 2742 1027 2773 Pffiffi
1042 2741 1163 2771 exteras,
1181 2732 1216 2762 de
1233 2739 1276 2763 28-
1353 2738 1489 2769 volentes
1511 2736 1595 2772 igitur
1618 2733 1765 2770 periculiS,
1782 2741 1846 2770 quae
1868 2739 1902 2760 ex
1915 2729 2030 2760 moros&
2043 2730 2178 2761 dilatione
2190 2728 2378 2760 Colleffionis

65 2789 202 2825 Claufiiz.
217 2777 293 2807 sensu
313 2776 500 2808 Psaelatomffl
517 2798 538 2814 >2
550 2776 708 2807 Procerum
718 2797 732 2812 -a
756 2776 790 2807 &
807 2774 994 2814 Magssafflma
1018 2771 1143 2807 Cleri-²0
1157 2771 1180 2801 Ρ
1181 2771 1276 2809 opust,
1319 2778 1353 2810 ὃς
1372 2773 1600 2807 Τιάῃῑνεὲὶίοηίε
1622 2772 1761 2802 dietarurn
1787 2770 1928 2801 Lanarum
1943 2770 2056 2800 evenire
2073 2776 2223 2807 poterunt,
2242 2776 2382 2807 quantum

68 2831 142 2864 133.
158 2834 183 2865 Ρ,
212 2816 315 2855 Regni
332 2815 437 2851 nostri,
457 2824 509 2851 pro
529 2814 618 2844 arduis
638 2814 756 2852 negotiis
772 2837 782 2852 ,
800 2813 889 2852 Nos,
907 2813 940 2844 &
953 2812 1065 2842 Statum
1078 2810 1228 2848 nostrum,
1244 2820 1277 2839 ac
1321 2815 1484 2855 possumus,
1502 2820 1675 2850 praecavere,

71 2875 142 2895 2.m.
155 2876 195 2902 ¹7·
218 2854 415 2885 Salvatlffl‘em
429 2851 638 2883 &⁷H0ssfflem
657 2851 774 2883 ‘Sanffae
789 2851 926 2883 Ecclefiae
947 2850 1112 2889 Assgficanae
1126 2867 1149 2887 ,-
1163 2850 1196 2880 &
1211 2849 1280 2879 diffi
1360 2853 1404 2884 Ac
1421 2851 1455 2882 de
1470 2850 1612 2882 Fidelitate
1624 2850 1662 2880 ’δε
1676 2846 1941 2886 Οἰῑειιτηῖρεᾶὶῐοηε
1954 2844 2046 2878 vestra
2058 2844 2180 2883 provida
2191 2846 2293 2876 intime
2309 2855 2381 2877 con-

70 2905 97 2934 g,
170 2906 174 2911 ‘
210 2892 315 2931 *Regni
334 2891 562 2936 contingentibus
577 2914 586 2930 ,
612 2889 739 2923 volentes
759 2898 790 2920 ut
809 2889 868 2920 Pax
880 2891 913 2920 &
935 2889 1025 2927 Qies
1038 2888 1202 2925 dierorum,
1219 2887 1279 2917 Ec-
1296 2892 1298 2895 '
1326 2892 1458 2929 fidentes,

219 2930 351 2962 cleiiae&
371 2930 484 2969 Regni,
503 2930 532 2959 in
543 2927 774 2960 absentianostra
786 2927 984 2959 inviolabiliter
996 2927 1227 2965 observarentur,
1245 2927 1280 2957 &

221 2970 256 3001 ea
270 2969 305 3000 de
319 2968 560 2999 causavob'iscum
574 2968 678 2998 habere
692 2966 882 3005 Colloquiurn
897 2967 930 2997 &
945 2965 1132 3003 Traetamm,
1215 2981 1218 2984 -
1265 2968 1270 2972 “

244 3008 351 3039 vVobis
363 3030 373 3046 ,
393 3008 430 3038 in·
442 3006 511 3037 Fide
529 3007 563 3037 &
578 3006 745 3043 Dileffione
752 3015 765 3042 ,³
779 3006 879 3044 quibus
892 3005 974 3038 nobis
987 3005 1149 3043 tenemini„
1162 3003 1282 3037 firmiter

220 3046 411 3086 injungendo,
430 3044 674 3083 mandaverimus,
692 3043 769 3082 quod
780 3068 789 3083 ,
805 3044 920 3081 pensatis
932 3042 1008 3072 tanta
1021 3042 1181 3072 nostrorum
1193 3043 1227 3073 &
1242 3042 1286 3071 di-

222 3086 264 3117 cti
276 3085 372 3124 Regni
383 3084 581 3124 Negotiorum
593 3083 727 3114 arduitate
742 3084 774 3116 er
791 3082 925 3113 Periculis
938 3081 1171 3119 imminentibus,
1184 3081 1287 3118 absque

223 3124 402 3155 excusatione
416 3124 677 3162 quacunque,on
694 3120 740 3152 vel
753 3121 842 3152 dietus
857 3121 984 3152 Vicarius
999 3118 1189 3157 vei'ter3apud
1202 3118 1238 3149 N
1240 3129 1287 3149 or-

225 3162 420 3200 hamptoniam
434 3174 445 3200 ,
459 3162 500 3191 ‘in
522 3161 644 3192 crastino
664 3159 762 3191 δεηθῶ
777 3160 880 3198 Jacobi
894 3157 1042 3196 Apostoli,
1056 3158 1114 3195 jam
1126 3159 1288 3196 praeterito,

226 3200 406 3239 personaliter
421 3200 586 3231 interessetis
597 3210 666 3230 curn
681 3196 824 3229 Edwardo
840 3198 927 3228 Duce
941 3196 1104 3227 Cornubiae
1118 3197 1151 3227 &
1166 3195 1286 3226 Comite

228 3238 366 3276 Cestriae,
384 3239 456 3269 Filio
470 3239 570 3269 nostro
583 3237 726 3268 carissimo
741 3238 842 3275 (quem
855 3235 1019 3267 Custodem
1034 3234 1144 3265 dietiR
1181 3237 1209 3264 ni
1217 3245 1289 3266 con-

229 3276 381 3314 stituimus)
397 3278 431 3308 &
445 3287 514 3308 cum
527 3279 634 3308 caeteris
647 3276 786 3314 Praelatis,
804 3275 973 3306 Proceribus
989 3273 1159 3312 &Magnati
1182 3284 1211 3304 us
1219 3284 1290 3311 prae-

229 3315 427 3383 dietim-super
445 3315 536 3353 ‘dietis-
547 3316 669 3353 negotiis
679 3315 842 3353 tractaturi,
861 3313 1044 3351 vestrumque
1057 3312 1217 3343 confilium
1232 3314 1288 3342 im-

232 3363 288 3392 pen
301 3363 360 3383 uri:
1091 3364 1095 3365 ⁷

270 3391 309 3421 Et
330 3392 395 3429 quia
414 3392 527 3431 'negotia
547 3391 699 3429 praedifita,
717 3391 908 3422 Salvationem
924 3390 993 3421 dieti
1009 3389 1121 3429 Regni,
1139 3390 1172 3420 δε
1188 3389 1291 3420 Eccle-

232 3430 278 3461 fiae
293 3429 422 3472 Sand‘cae,
437 3440 470 3461 ac
483 3430 676 3461 universorum
690 3431 723 3461 &c
737 3430 910 3468 singulorum
930 3429 1011 3466 ipsius
1032 3428 1128 3467 Regni
1144 3428 1302 3465 specialiter'

234 3469 448 3500 concernebant
460 3492 472 3516 2
490 3467 690 3498 *mandavimus
714 3468 797 3498 vobis
812 3491 823 3505 ,
841 3475 967 3507 rogantes
987 3467 1064 3504 quod
1086 3468 1293 3504 praernuniretis

235 3507 368 3538 Priorem
389 3508 422 3538 &
444 3506 610 3544 Capitulum
630 3497 765 3537 Ecclesiae
785 3506 886 3536 vestrae
899 3504 1103 3543 Cantuarienlis
1118 3529 1128 3541 ,
1145 3515 1178 3535 ac
1193 3505 1295 3536 Archi—

236 3546 389 3583 diaconos,
407 3553 558 3582 totumque
572 3543 692 3574 Clerum
703 3544 804 3575 vestrae
816 3543 976 3581 Dtoecefis,
995 3543 1073 3580 quod
1090 3544 1193 3582 iidem,
1211 3543 1294 3574 Prior

237 3585 273 3616 &
286 3583 490 3615 Archidiaconi
501 3584 530 3613 in
545 3584 663 3620 propriis
675 3582 797 3620 personis
808 3582 876 3620 suis,
894 3592 928 3612 ac
940 3582 1050 3613 dicitum
1066 3581 1232 3619 Capitulum
1247 3593 1295 3620 per

237 3632 328 3654 unum
364 3622 498 3660 idemque
513 3620 614 3651 Clerus
625 3631 678 3661 per
692 3621 780 3658 duos,
798 3620 999 3651 Procuratores
1018 3619 1135 3650 idoneos
1150 3642 1160 3657 ,
1179 3620 1297 3651 Plenam

237 3662 272 3693 ὃς
287 3646 473 3691 sufficientem
487 3658 659 3702 Potestatem
678 3660 713 3689 ab
726 3659 787 3700 ipsis
796 3682 806 3698 ,
824 3658 959 3696 Capitulo
972 3659 1005 3690 &
1019 3657 1125 3696 Clero,
1142 3659 1276 3690 habentes
1289 3683 1299 3697 ,

238 3700 320 3730 dietis
341 3700 387 3730 die
402 3700 441 3731 ’ὅτ
462 3699 530 3729 loco
551 3698 712 3728 interessent
726 3707 738 3737 ,·
753 3697 788 3728 ad
804 3697 1003 3729 Tractandum
1018 3698 1051 3727 ὃ(
1066 3695 1300 3736 Consulendum,

238 3738 318 3779 super
333 3737 567 3777 praemiffis‚,una
581 3737 728 3767 vobiscum
742 3759 752 3775 ,
776 3737 810 3768 δε
829 3736 904 3775 aliis,
924 3746 974 3774 per
987 3735 1056 3766 Nos
1069 3735 1135 3765 illuc
1150 3743 1218 3766 tunc
1234 3737 1302 3766 mit-

241 3777 350 3815 tendis,
368 3778 402 3807 &
420 3776 455 3807 ad
469 3775 701 3807 consentiendum
716 3774 767 3804 hiis
786 3783 849 3812 quae
864 3783 934 3805 tunc
946 3774 1053 3804 ibidem
1069 3783 1121 3811 pro
1137 3771 1303 3804 Communi

243 3814 420 3883 Delfeniione
443 3814 631 3847 &Utilitate
653 3812 774 3851 (Divina
794 3813 904 3844 favente
924 3812 1099 3849 Clementia)
1124 3813 1302 3852 contingeret

243 3862 278 3882 or
298 3864 381 3884 inan·

281 3878 389 3923 Verutr’i
403 3893 513 3931 ‚f'quia,
530 3890 647 3921 tradiatu
668 3889 778 3927 aliquali
796 3888 877 3927 super
896 3889 1043 3927 praemissis
1066 3888 1173 3919 ibidem
1187 3889 1306 3928 habito,

245 3930 375 3967 quaedam
389 3954 399 3968 ,
420 3930 600 3962 salvationem
619 3930 653 3960 &
674 3929 818 3958 honorem
838 3927 982 3958 dictorum
1003 3928 1103 3965 Regni
1124 3928 1157 3958 &
1170 3927 1305 3958 Ecclesiae

245 3970 465 4008 concernentia,
480 3978 593 4006 propter
607 3966 756 3997 instantem
771 3965 910 3996 Messium
924 3966 1115 3996 necessitatem
1127 3988 1137 4003 ,
1155 3967 1189 3997 &
1202 3967 1258 3996 aliis
1270 3966 1307 3997 de

246 4005 333 4036 causis
346 4005 621 4049 supervenientibus,
638 4005 730 4036 adhuc
745 4003 900 4035 ordinanda
914 4005 948 4035 &
965 4004 1108 4035 tractanda
1122 4005 1280 4042 supersunt,

283 4042 375 4075 Vobis
390 4045 568 4085 mandamus,
586 4055 640 4079 vos
653 4053 796 4084 roganteS,
812 4042 893 4084 quod
905 4043 1079 4083 Episcopos,
1102 4042 1255 4082 Praelatos,
1272 4044 1306 4075 &

1361 2929 1569 2966 Assignavimus
1590 2936 1642 2957 vos
1656 2948 1666 2963 ,
1690 2922 1869 2963 conjunctim
1889 2923 1924 2954 &
1945 2922 2058 2954 divisim
2072 2945 2082 2961 ,
2098 2922 2132 2952 ad
2154 2921 2327 2960 Captionem
2349 2923 2383 2954 &

1322 2967 1520 3000 Provisionem
1538 2965 1682 2995 Lanarum
1700 2962 1913 3001 praedirstarum,
1932 2962 1960 2991 in
1975 2961 2084 3001 singulis
2109 2959 2301 2991 Comitatibus
2322 2960 2384 2990 Re-

1341 3002 1373 3038 ¹ni
1386 3003 1622 3045 supervidendum
1637 3003 1669 3033 ὃς
1683 3000 1919 3039 accelerandum,
1934 3010 2051 3031 necnon
2067 3000 2099 3038 (si
2113 2999 2225 3029 necesse
2240 2999 2333 3036 fuerit)
2350 2997 2386 3029 ad

1357 3045 1485 3077 esiduum
1505 3043 1647 3073 dierorum
1663 3039 1771 3078 Viginti
1787 3038 1903 3069 Milium
1924 3038 2082 3069 Saccorum
2105 3037 2192 3068 Lance
2209 3037 2298 3075 (quod
2313 3047 2389 3067 non-

1327 3085 1397 3115 dum
1411 3084 1445 3114 ad
1462 3092 1533 3120 opus
1547 3080 1678 3111 nostrum
1692 3079 1818 3117 Captum
1833 3078 1866 3108 &
1882 3076 2049 3108 collectum
2066 3076 2166 3113 existit)
2183 3076 2240 3106 tam
2255 3075 2292 3105 de
2305 3075 2391 3106 Lanis

1295 3145 1297 3150 f
1328 3122 1513 3157 Praelatorum
1536 3121 1569 3151 δε
1589 3118 1774 3149 Personarum
1795 3115 2053 3147 Ecclesiasticamm
2066 3138 2075 3152 ,
2103 3115 2188 3153 quam
2212 3113 2365 3144 Comitum
2382 3138 2392 3151 ,

1330 3159 1472 3192 Baronum
1487 3185 1496 3198 ,
1521 3157 1651 3189 Militum
1666 3181 1676 3194 ,
1703 3156 1902 3186 Mercatorum
1917 3179 1926 3192 ,
1951 3155 1984 3185 ὃς
2004 3154 2124 3184 aliorum
2146 3162 2396 3190 quorumcumque

1333 3202 1478 3238 (cuiquam
1500 3207 1558 3227 non
1580 3194 1734 3235 parcendo)
1758 3196 1789 3225 in
1805 3193 1918 3229 singulis
1933 3192 2004 3223 locis
2019 3191 2114 3231 Regni
2129 3191 2233 3230 nostri,
2250 3191 2310 3222 tam
2325 3191 2396 3221 infra

1334 3239 1489 3270 Libertates
1499 3259 1508 3274 ,
1526 3236 1612 3273 quam
1628 3243 1721 3272 eittra,
1740 3231 1909 3271 capiendum
1924 3232 1957 3262 ὅ(
1973 3229 2182 3270 colligendum,

1369 3277 1406 3307 Et
1422 3275 1457 3307 ad
1474 3274 1652 3312 Indeiituras,
1669 3274 1741 3302 inter
1754 3281 1824 3308 vos,
1841 3270 1885 3300 vel
1905 3269 2027 3307 aliquem
2039 3267 2185 3306 vestrum,
2205 3269 2238 3299 &
2255 3267 2395 3305 singulos,

1334 3317 1351 3347 a
1367 3316 1469 3354 quibus
1490 3314 1579 3343 Lanas
1601 3312 1745 3350 praedifitas
1767 3310 1804 3340 sic
1818 3308 1959 3345 ceperitis,
1977 3307 2173 3346 Qiantitatem
2188 3306 2275 3337 Lanae
2289 3308 2320 3336 &
2337 3306 2394 3342 ejus

1335 3354 1483 3390 Pretium,
1501 3351 1580 3390 super
1601 3351 1660 3381 hoc
1681 3349 1744 3380 alias
1764 3347 1942 3384 ordinatum,
1960 3346 1993 3376 ὃς
2014 3348 2029 3376 a
2051 3346 2152 3384 quibus
2173 3353 2261 3388 captae
2276 3343 2395 3382 fuerint,

1337 3393 1516 3425 continentes
1523 3413 1532 3428 ,
1666 3420 1668 3423 ,

1377 3430 1449 3460 Fieri
1464 3427 1645 3463 faciendum,
1666 3427 1669 3430 ’
2438 3452 2439 3455 ¹

1376 3469 1413 3499 Et
1433 3468 1467 3498 ad
1490 3475 1576 3505 partes
1596 3465 1808 3495 Indenturarum
1829 3462 1939 3492 illarum
1953 3486 1962 3499 ,
1987 3471 2071 3499 penes
2094 3471 2145 3491 vos
2168 3459 2316 3489 residentes
2368 3459 2399 3489 in

1341 3507 1545 3538 Cancellariam
1561 3503 1687 3533 nostram
1701 3502 1871 3532 mittendum
1883 3523 1892 3538 ,
1904 3502 1980 3538 juxta
1993 3509 2058 3537 quas
2070 3499 2175 3528 nostras
2189 3497 2264 3536 fieri,
2283 3498 2317 3528 &
2328 3482 2400 3527 fibe-

1341 3547 1393 3575 rari
1413 3545 1547 3576 volumus
1571 3542 1688 3572 Litteras
1710 3540 1897 3579 Obligatorias
1912 3538 2020 3577 lingulis
2037 3537 2238 3574 praedietomm
2254 3536 2290 3566 de
2302 3535 2399 3566 Pretio

1341 3584 1446 3621 Lanae,
1464 3583 1499 3612 ab
1523 3581 1584 3619 ipsis
1605 3580 1640 3610 ad
1663 3589 1733 3617 opus
1758 3577 1888 3608 nostrum
1910 3576 1956 3606 sic*
1969 3585 2075 3613 captae,
2091 3574 2228 3606 solvendo
2249 3574 2284 3604 ad
2307 3583 2401 3605 certos

1341 3623 1498 3654 Terminos
1514 3622 1543 3650 in
1560 3619 1638 3649 dieto
1652 3618 1840 3648 Parii-amento
1854 3614 2062 3651 concordatos,

1380 3660 1418 3691 Et
1432 3657 1466 3690 ad
1481 3668 1581 3689 omnes
1599 3657 1688 3688 Lanas
1704 3655 1865 3693 praedietis,
1885 3655 1921 3683 sic
1935 3661 2026 3691 captas
2039 3653 2072 3683 &
2087 3652 2234 3689 conestas,
2251 3651 2286 3680 ad
2299 3650 2403 3682 Portus

1344 3699 1440 3738 Regni
1461 3697 1564 3733 nostri,
1583 3697 1630 3725 ubi
1650 3695 1749 3725 melius
1771 3692 1903 3730 expedire
1917 3690 2056 3728 videritiS,
2073 3701 2142 3721 curn
2155 3691 2235 3720 omni
2250 3690 2405 3728 celeritate,
2439 3724 2441 3726 v

1345 3738 1401 3776 qua
1416 3737 1475 3766 fieri
1490 3735 1607 3773 poterit,
1624 3733 1690 3764 duci
1707 3734 1738 3764 δε
1756 3731 1851 3763 cariati
1865 3730 2041 3766 faciendum,

1384 3774 1513 3805 Necnon
1528 3773 1562 3802 ad
1576 3770 1719 3810 CMagia,
1738 3779 1790 3808 pro
1807 3769 1892 3799 Lanis
1906 3768 1958 3798 illis
1972 3767 2006 3798 ad
2020 3767 2122 3798 Portus
2135 3766 2293 3806 hujusmodi
2309 3767 2346 3798 fic
2355 3766 2407 3797 du-

1347 3813 1459 3851 cendis,
1475 3811 1644 3849 capiendum
1660 3812 1692 3841 &
1708 3807 1932 3848 providendum,

1386 3852 1423 3881 Et
1439 3851 1473 3882 ad
1487 3850 1596 3880 easdem
1611 3848 1719 3887 Lanas,
1735 3857 1804 3878 cum
1817 3845 1851 3876 ad
1865 3845 1969 3875 Portus
1984 3845 2046 3875 illos
2061 3843 2156 3876 dustae
2169 3844 2288 3884 fuerint,
2306 3846 2335 3874 in
2341 3843 2407 3873 Na-

1347 3891 1430 3960 iflibus
1440 3889 1540 3958 dponi,
1558 3888 1591 3917 ὃς
1614 3887 1699 3924 usque
1721 3885 1826 3917 Villam
1845 3884 1881 3913 de
1901 3883 2108 3922 Andewerpia,
2126 3882 2251 3914 celeriter
2270 3882 2406 3914 transvehi

1361 3938 1438 3959 acien
1461 3937 1526 3963 um,

1388 3966 1424 3997 Et
1445 3965 1480 3995 ad
1500 3965 1567 3995 alios
1582 3987 1592 4001 ,
1609 3973 1681 4000 quos
1701 3962 1866 3993 sufficientes
1885 3961 2020 3991 noveritis
2039 3959 2074 3991 ad
2097 3948 2236 3998 praemissa
2257 3960 2354 3990 omnia
2375 3959 2409 3989 δε

1353 4004 1457 4043 lingula
1471 4002 1597 4033 facienda
1612 4004 1644 4033 &
1660 4001 1847 4039 expedienda,
1866 3999 1952 4030 Loco
1966 3999 2051 4030 vestri
2066 4038 2071 4044 ο
2088 4000 2218 4044 quotiens
2234 3999 2252 4018 ²*
2265 4007 2336 4041 opus
2349 3996 2410 4026 fue-
2428 4004 2447 4023 a<
2464 4006 2499 4033 v,
2514 4010 2558 4037 74,

1353 4045 1403 4081 rit,
1422 4041 1613 4080 deputandum
1622 4065 1631 4079 ,
1645 4049 1730 4080 prout
1744 4050 1796 4079 pro
1806 4037 1948 4070 Celeriori
1962 4037 2044 4077 Expe
2075 4046 2156 4072 tione
2170 4037 2278 4078 negotii
2292 4035 2362 4066 illius
2369 4034 2413 4064 vi-

1351 4082 1443 4113 deritis
1459 4080 1603 4118 expedire,
2335 4071 2415 4104 Uni-²
