<?xml version="1.0" encoding="UTF-8"?>
<!DOCTYPE html PUBLIC "-//W3C//DTD XHTML 1.0 Transitional//EN"
    "http://www.w3.org/TR/xhtml1/DTD/xhtml1-transitional.dtd">
<html xmlns="http://www.w3.org/1999/xhtml" xml:lang="en" lang="en">
 <head>
  <title>
</title>
<meta http-equiv="Content-Type" content="text/html;charset=utf-8" />
  <meta name='ocr-system' content='tesseract 3.04.00' />
  <meta name='ocr-capabilities' content='ocr_page ocr_carea ocr_par ocr_line ocrx_word'/>
</head>
<body>
  <div class='ocr_page' id='page_1' title='image "./fderaconventione02ryme_0610.png"; bbox 0 0 2562 4279; ppageno 0'>
   <div class='ocr_carea' id='block_1_1' title="bbox 221 159 294 195">
    <p class='ocr_par' dir='ltr' id='par_1_1' title="bbox 221 159 294 195">
     <span class='ocr_line' id='line_1_1' title="bbox 221 159 294 195; baseline 0.014 -1"><span class='ocrx_word' id='word_1_1' title='bbox 221 159 294 195; x_wconf 84' lang='lat'>162</span> 
     </span>
    </p>
   </div>
   <div class='ocr_carea' id='block_1_2' title="bbox 58 234 1273 969">
    <p class='ocr_par' dir='ltr' id='par_1_2' title="bbox 58 234 1269 348">
     <span class='ocr_line' id='line_1_2' title="bbox 59 234 1267 277; baseline -0.004 -8"><span class='ocrx_word' id='word_1_2' title='bbox 59 240 135 271; x_wconf 78' lang='lat' dir='ltr'>Ann.</span> <span class='ocrx_word' id='word_1_3' title='bbox 150 237 191 269; x_wconf 93' lang='lat' dir='ltr'>D.</span> <span class='ocrx_word' id='word_1_4' title='bbox 211 238 352 268; x_wconf 76' lang='lat' dir='ltr'>nientibus</span> <span class='ocrx_word' id='word_1_5' title='bbox 372 237 514 274; x_wconf 79' lang='lat' dir='ltr'>Nunciis,</span> <span class='ocrx_word' id='word_1_6' title='bbox 533 236 593 267; x_wconf 88' lang='lat' dir='ltr'>sunt</span> <span class='ocrx_word' id='word_1_7' title='bbox 612 235 727 266; x_wconf 62' lang='lat' dir='ltr'>uastata</span> <span class='ocrx_word' id='word_1_8' title='bbox 750 235 826 273; x_wconf 89' lang='lat' dir='ltr'>(quae</span> <span class='ocrx_word' id='word_1_9' title='bbox 848 235 971 272; x_wconf 82' lang='lat' dir='ltr'>vestram</span> <span class='ocrx_word' id='word_1_10' title='bbox 985 235 1126 266; x_wconf 85' lang='lat' dir='ltr'>credimus</span> <span class='ocrx_word' id='word_1_11' title='bbox 1144 234 1267 277; x_wconf 68' lang='lat' dir='ltr'>pruden-¹</span> 
     </span>
     <span class='ocr_line' id='line_1_3' title="bbox 81 272 1269 343; baseline -0.005 -35"><span class='ocrx_word' id='word_1_12' title='bbox 81 286 166 317; x_wconf 80' lang='lat'>1337.</span> <span class='ocrx_word' id='word_1_13' title='bbox 213 276 279 343; x_wconf 43' lang='lat' dir='ltr'>ticin?</span> <span class='ocrx_word' id='word_1_14' title='bbox 301 285 359 306; x_wconf 87' lang='lat' dir='ltr'>non</span> <span class='ocrx_word' id='word_1_15' title='bbox 378 277 472 311; x_wconf 84' lang='lat' dir='ltr'>latere)</span> <span class='ocrx_word' id='word_1_16' title='bbox 496 275 632 313; x_wconf 83' lang='lat' dir='ltr'>Qiorum</span> <span class='ocrx_word' id='word_1_17' title='bbox 651 273 752 304; x_wconf 79' lang='lat' dir='ltr'>festina</span> <span class='ocrx_word' id='word_1_18' title='bbox 770 272 941 311; x_wconf 88' lang='lat' dir='ltr'>Completio</span> <span class='ocrx_word' id='word_1_19' title='bbox 953 274 1051 305; x_wconf 77' lang='lat' dir='ltr'>inlidet</span> <span class='ocrx_word' id='word_1_20' title='bbox 1065 275 1168 306; x_wconf 76' lang='lat' dir='ltr'>intime</span> <span class='ocrx_word' id='word_1_21' title='bbox 1186 273 1269 305; x_wconf 88' lang='lat' dir='ltr'>cordi</span> 
     </span>
     <span class='ocr_line' id='line_1_4' title="bbox 58 318 325 348; baseline -0.007 -3"><span class='ocrx_word' id='word_1_22' title='bbox 58 320 126 346; x_wconf 64' lang='lat' dir='ltr'>htv.</span> <span class='ocrx_word' id='word_1_23' title='bbox 165 338 171 344; x_wconf 96' lang='lat'>.</span> <span class='ocrx_word' id='word_1_24' title='bbox 210 318 261 344; x_wconf 76' lang='lat' dir='ltr'>nol</span> <span class='ocrx_word' id='word_1_25' title='bbox 278 325 325 348; x_wconf 84' lang='lat' dir='ltr'>ro,</span> 
     </span>
    </p>

    <p class='ocr_par' dir='ltr' id='par_1_3' title="bbox 146 326 1273 689">
     <span class='ocr_line' id='line_1_5' title="bbox 146 326 1271 392; baseline -0.002 -10"><span class='ocrx_word' id='word_1_26' title='bbox 146 326 158 353; x_wconf 68' lang='lat'><em>3</em></span> <span class='ocrx_word' id='word_1_27' title='bbox 249 352 410 389; x_wconf 72' lang='lat' dir='ltr'>Specialiter</span> <span class='ocrx_word' id='word_1_28' title='bbox 427 362 479 383; x_wconf 85' lang='lat' dir='ltr'>vos</span> <span class='ocrx_word' id='word_1_29' title='bbox 499 361 634 388; x_wconf 78' lang='lat' dir='ltr'>rogamus</span> <span class='ocrx_word' id='word_1_30' title='bbox 651 350 782 388; x_wconf 69' lang='lat' dir='ltr'>quatinus</span> <span class='ocrx_word' id='word_1_31' title='bbox 804 360 856 381; x_wconf 88' lang='lat' dir='ltr'>vos</span> <span class='ocrx_word' id='word_1_32' title='bbox 875 350 941 390; x_wconf 92' lang='lat' dir='ltr'>(qui</span> <span class='ocrx_word' id='word_1_33' title='bbox 955 350 1043 382; x_wconf 85' lang='lat' dir='ltr'>multa</span> <span class='ocrx_word' id='word_1_34' title='bbox 1057 352 1163 392; x_wconf 86' lang='lat' dir='ltr'>sapitis,</span> <span class='ocrx_word' id='word_1_35' title='bbox 1181 351 1215 382; x_wconf 91' lang='lat'>&amp;</span> <span class='ocrx_word' id='word_1_36' title='bbox 1230 350 1271 380; x_wconf 83' lang='lat' dir='ltr'>fa-</span> 
     </span>
     <span class='ocr_line' id='line_1_6' title="bbox 211 389 1270 427; baseline -0.001 -7"><span class='ocrx_word' id='word_1_37' title='bbox 211 390 342 420; x_wconf 80' lang='lat' dir='ltr'>miliariiis</span> <span class='ocrx_word' id='word_1_38' title='bbox 353 390 469 420; x_wconf 83' lang='lat' dir='ltr'>assistitis</span> <span class='ocrx_word' id='word_1_39' title='bbox 484 389 616 420; x_wconf 85' lang='lat' dir='ltr'>Consiliis</span> <span class='ocrx_word' id='word_1_40' title='bbox 629 389 699 420; x_wconf 64' lang='lat' dir='ltr'>diisti</span> <span class='ocrx_word' id='word_1_41' title='bbox 716 389 818 426; x_wconf 88' lang='lat' dir='ltr'>Regis)</span> <span class='ocrx_word' id='word_1_42' title='bbox 835 398 924 427; x_wconf 82' lang='lat' dir='ltr'>partes</span> <span class='ocrx_word' id='word_1_43' title='bbox 935 389 1040 421; x_wconf 85' lang='lat' dir='ltr'>vestras</span> <span class='ocrx_word' id='word_1_44' title='bbox 1058 391 1151 421; x_wconf 88' lang='lat' dir='ltr'>versus</span> <span class='ocrx_word' id='word_1_45' title='bbox 1170 389 1270 427; x_wconf 80' lang='lat' dir='ltr'>praefa-</span> 
     </span>
     <span class='ocr_line' id='line_1_7' title="bbox 210 427 1270 468; baseline -0.001 -9"><span class='ocrx_word' id='word_1_46' title='bbox 210 438 271 459; x_wconf 85' lang='lat' dir='ltr'>tum</span> <span class='ocrx_word' id='word_1_47' title='bbox 294 428 456 459; x_wconf 89' lang='lat' dir='ltr'>Dominum</span> <span class='ocrx_word' id='word_1_48' title='bbox 478 427 604 458; x_wconf 90' lang='lat' dir='ltr'>vestrum</span> <span class='ocrx_word' id='word_1_49' title='bbox 628 427 741 468; x_wconf 84' lang='lat' dir='ltr'>Regem</span> <span class='ocrx_word' id='word_1_50' title='bbox 764 429 822 465; x_wconf 91' lang='lat' dir='ltr'>(cui</span> <span class='ocrx_word' id='word_1_51' title='bbox 835 428 915 466; x_wconf 89' lang='lat' dir='ltr'>super</span> <span class='ocrx_word' id='word_1_52' title='bbox 929 427 987 458; x_wconf 87' lang='lat' dir='ltr'>hoc</span> <span class='ocrx_word' id='word_1_53' title='bbox 1001 428 1108 459; x_wconf 89' lang='lat' dir='ltr'>nostras</span> <span class='ocrx_word' id='word_1_54' title='bbox 1120 429 1270 466; x_wconf 83' lang='lat' dir='ltr'>dirigimus</span> 
     </span>
     <span class='ocr_line' id='line_1_8' title="bbox 209 466 1272 505; baseline -0.001 -8"><span class='ocrx_word' id='word_1_55' title='bbox 209 467 315 498; x_wconf 84' lang='lat' dir='ltr'>Literas</span> <span class='ocrx_word' id='word_1_56' title='bbox 331 466 469 505; x_wconf 70' lang='lat' dir='ltr'>speciales)</span> <span class='ocrx_word' id='word_1_57' title='bbox 484 467 665 505; x_wconf 82' lang='lat' dir='ltr'>interponere</span> <span class='ocrx_word' id='word_1_58' title='bbox 677 467 766 497; x_wconf 92' lang='lat' dir='ltr'>velitis</span> <span class='ocrx_word' id='word_1_59' title='bbox 781 476 849 498; x_wconf 88' lang='lat' dir='ltr'>cum</span> <span class='ocrx_word' id='word_1_60' title='bbox 863 466 991 497; x_wconf 69' lang='lat' dir='ltr'>efficacia</span> <span class='ocrx_word' id='word_1_61' title='bbox 1013 469 1205 505; x_wconf 86' lang='lat' dir='ltr'>promotivas,</span> <span class='ocrx_word' id='word_1_62' title='bbox 1222 474 1272 504; x_wconf 87' lang='lat' dir='ltr'>ut,</span> 
     </span>
     <span class='ocr_line' id='line_1_9' title="bbox 209 504 1270 549; baseline -0.001 -14"><span class='ocrx_word' id='word_1_63' title='bbox 209 515 322 535; x_wconf 88' lang='lat' dir='ltr'>memor</span> <span class='ocrx_word' id='word_1_64' title='bbox 344 505 400 536; x_wconf 82' lang='lat' dir='ltr'>suae</span> <span class='ocrx_word' id='word_1_65' title='bbox 417 504 613 536; x_wconf 85' lang='lat' dir='ltr'>Promiffionis</span> <span class='ocrx_word' id='word_1_66' title='bbox 625 506 658 536; x_wconf 71' lang='grc' dir='ltr'>ὃ(</span> <span class='ocrx_word' id='word_1_67' title='bbox 675 505 820 536; x_wconf 71' lang='lat' dir='ltr'>Amicitiae</span> <span class='ocrx_word' id='word_1_68' title='bbox 832 505 944 549; x_wconf 73' lang='lat' dir='ltr'>solidae,</span> <span class='ocrx_word' id='word_1_69' title='bbox 962 515 1042 544; x_wconf 84' lang='lat' dir='ltr'>quae,</span> <span class='ocrx_word' id='word_1_70' title='bbox 1060 515 1119 546; x_wconf 90' lang='lat' dir='ltr'>prae</span> <span class='ocrx_word' id='word_1_71' title='bbox 1143 505 1270 542; x_wconf 84' lang='lat' dir='ltr'>caeteris,</span> 
     </span>
     <span class='ocr_line' id='line_1_10' title="bbox 208 543 1271 583; baseline 0.001 -11"><span class='ocrx_word' id='word_1_72' title='bbox 208 544 280 573; x_wconf 89' lang='lat' dir='ltr'>inter</span> <span class='ocrx_word' id='word_1_73' title='bbox 302 543 378 574; x_wconf 84' lang='lat' dir='ltr'>suam</span> <span class='ocrx_word' id='word_1_74' title='bbox 399 545 433 575; x_wconf 73' lang='grc' dir='ltr'>ἅτ</span> <span class='ocrx_word' id='word_1_75' title='bbox 453 543 578 575; x_wconf 88' lang='lat' dir='ltr'>nostram</span> <span class='ocrx_word' id='word_1_76' title='bbox 601 543 719 575; x_wconf 91' lang='lat' dir='ltr'>Domos</span> <span class='ocrx_word' id='word_1_77' title='bbox 738 543 844 581; x_wconf 89' lang='lat' dir='ltr'>Regias</span> <span class='ocrx_word' id='word_1_78' title='bbox 862 545 955 581; x_wconf 77' lang='lat' dir='ltr'>Viguit</span> <span class='ocrx_word' id='word_1_79' title='bbox 975 544 1012 574; x_wconf 84' lang='lat' dir='ltr'>ab</span> <span class='ocrx_word' id='word_1_80' title='bbox 1032 545 1150 582; x_wconf 86' lang='lat' dir='ltr'>antiquo</span> <span class='ocrx_word' id='word_1_81' title='bbox 1172 545 1271 583; x_wconf 85' lang='lat' dir='ltr'>(quam</span> 
     </span>
     <span class='ocr_line' id='line_1_11' title="bbox 207 581 1272 627; baseline 0 -16"><span class='ocrx_word' id='word_1_82' title='bbox 207 581 312 612; x_wconf 84' lang='lat' dir='ltr'>nostris</span> <span class='ocrx_word' id='word_1_83' title='bbox 333 583 461 620; x_wconf 82' lang='lat' dir='ltr'>cupimus</span> <span class='ocrx_word' id='word_1_84' title='bbox 482 582 658 620; x_wconf 84' lang='lat' dir='ltr'>temporibus</span> <span class='ocrx_word' id='word_1_85' title='bbox 678 582 825 621; x_wconf 84' lang='lat' dir='ltr'>adaugeri)</span> <span class='ocrx_word' id='word_1_86' title='bbox 850 581 984 613; x_wconf 66' lang='lat' dir='ltr'>Traetata</span> <span class='ocrx_word' id='word_1_87' title='bbox 1003 583 1138 627; x_wconf 66' lang='lat' dir='ltr'>praediEla</span> <span class='ocrx_word' id='word_1_88' title='bbox 1155 606 1165 620; x_wconf 94' lang='lat'>,</span> <span class='ocrx_word' id='word_1_89' title='bbox 1193 583 1272 621; x_wconf 71' lang='lat' dir='ltr'>Juxta</span> 
     </span>
     <span class='ocr_line' id='line_1_12' title="bbox 207 620 1273 689; baseline -0.001 -38"><span class='ocrx_word' id='word_1_90' title='bbox 207 620 388 689; x_wconf 51' lang='lat' dir='ltr'>(iondiCi-um</span> <span class='ocrx_word' id='word_1_91' title='bbox 404 621 484 660; x_wconf 87' lang='lat' dir='ltr'>super</span> <span class='ocrx_word' id='word_1_92' title='bbox 496 621 547 652; x_wconf 89' lang='lat' dir='ltr'>hiis</span> <span class='ocrx_word' id='word_1_93' title='bbox 562 621 710 660; x_wconf 89' lang='lat' dir='ltr'>habitum,</span> <span class='ocrx_word' id='word_1_94' title='bbox 725 630 760 652; x_wconf 82' lang='lat' dir='ltr'>ex</span> <span class='ocrx_word' id='word_1_95' title='bbox 774 629 850 659; x_wconf 89' lang='lat' dir='ltr'>parte</span> <span class='ocrx_word' id='word_1_96' title='bbox 862 620 911 652; x_wconf 67' lang='lat' dir='ltr'>sua</span> <span class='ocrx_word' id='word_1_97' title='bbox 923 631 1011 652; x_wconf 85' lang='lat' dir='ltr'>teneri</span> <span class='ocrx_word' id='word_1_98' title='bbox 1030 621 1112 652; x_wconf 85' lang='lat' dir='ltr'>faciat</span> <span class='ocrx_word' id='word_1_99' title='bbox 1131 622 1165 653; x_wconf 90' lang='lat'>&amp;</span> <span class='ocrx_word' id='word_1_100' title='bbox 1187 629 1273 652; x_wconf 84' lang='lat' dir='ltr'>com·</span> 
     </span>
    </p>

    <p class='ocr_par' dir='ltr' id='par_1_4' title="bbox 206 668 1272 809">
     <span class='ocr_line' id='line_1_13' title="bbox 239 668 295 698; baseline -0.018 -9"><span class='ocrx_word' id='word_1_101' title='bbox 239 668 295 698; x_wconf 85' lang='lat' dir='ltr'>eri,</span> 
     </span>
     <span class='ocr_line' id='line_1_14' title="bbox 206 668 1272 737; baseline -0.001 -10"><span class='ocrx_word' id='word_1_102' title='bbox 206 668 227 699; x_wconf 79' lang='lat' dir='ltr'>p</span> <span class='ocrx_word' id='word_1_103' title='bbox 245 696 284 728; x_wconf 87' lang='lat' dir='ltr'>Et</span> <span class='ocrx_word' id='word_1_104' title='bbox 300 698 310 734; x_wconf 83' lang='grc'>(</span> <span class='ocrx_word' id='word_1_105' title='bbox 333 697 390 728; x_wconf 89' lang='lat' dir='ltr'>uod</span> <span class='ocrx_word' id='word_1_106' title='bbox 402 698 482 736; x_wconf 87' lang='lat' dir='ltr'>absit)</span> <span class='ocrx_word' id='word_1_107' title='bbox 501 706 600 729; x_wconf 89' lang='lat' dir='ltr'>contra</span> <span class='ocrx_word' id='word_1_108' title='bbox 614 697 741 730; x_wconf 83' lang='lat' dir='ltr'>nostram</span> <span class='ocrx_word' id='word_1_109' title='bbox 756 697 906 737; x_wconf 83' lang='lat' dir='ltr'>fiduciam,</span> <span class='ocrx_word' id='word_1_110' title='bbox 923 698 958 729; x_wconf 84' lang='lat' dir='ltr'>ad</span> <span class='ocrx_word' id='word_1_111' title='bbox 973 697 1109 729; x_wconf 89' lang='lat' dir='ltr'>sinistram</span> <span class='ocrx_word' id='word_1_112' title='bbox 1123 698 1158 729; x_wconf 87' lang='lat'>&amp;</span> <span class='ocrx_word' id='word_1_113' title='bbox 1183 706 1272 735; x_wconf 87' lang='lat' dir='ltr'>opor-</span> 
     </span>
     <span class='ocr_line' id='line_1_15' title="bbox 206 736 1272 780; baseline -0.001 -13"><span class='ocrx_word' id='word_1_114' title='bbox 206 744 304 780; x_wconf 80' lang='lat' dir='ltr'>tunam</span> <span class='ocrx_word' id='word_1_115' title='bbox 362 736 532 768; x_wconf 84' lang='lat' dir='ltr'>alivolorum</span> <span class='ocrx_word' id='word_1_116' title='bbox 544 736 708 768; x_wconf 88' lang='lat' dir='ltr'>nostrorum</span> <span class='ocrx_word' id='word_1_117' title='bbox 724 736 900 776; x_wconf 88' lang='lat' dir='ltr'>instantiam,</span> <span class='ocrx_word' id='word_1_118' title='bbox 916 737 993 768; x_wconf 89' lang='lat' dir='ltr'>suam</span> <span class='ocrx_word' id='word_1_119' title='bbox 1008 747 1023 767; x_wconf 89' lang='lat' dir='ltr'>a</span> <span class='ocrx_word' id='word_1_120' title='bbox 1045 737 1128 768; x_wconf 88' lang='lat' dir='ltr'>nobis</span> <span class='ocrx_word' id='word_1_121' title='bbox 1149 736 1272 767; x_wconf 83' lang='lat' dir='ltr'>benivo-</span> 
     </span>
     <span class='ocr_line' id='line_1_16' title="bbox 207 774 535 809; baseline 0.003 -4"><span class='ocrx_word' id='word_1_122' title='bbox 207 774 323 805; x_wconf 83' lang='lat' dir='ltr'>lentiam</span> <span class='ocrx_word' id='word_1_123' title='bbox 336 785 396 805; x_wconf 92' lang='lat' dir='ltr'>non</span> <span class='ocrx_word' id='word_1_124' title='bbox 413 785 535 809; x_wconf 87' lang='lat' dir='ltr'>avertat:</span> 
     </span>
    </p>

    <p class='ocr_par' dir='ltr' id='par_1_5' title="bbox 242 812 1073 852">
     <span class='ocr_line' id='line_1_17' title="bbox 242 812 1073 852; baseline 0.001 -10"><span class='ocrx_word' id='word_1_125' title='bbox 242 812 327 843; x_wconf 88' lang='lat' dir='ltr'>Nam</span> <span class='ocrx_word' id='word_1_126' title='bbox 342 813 392 844; x_wconf 87' lang='lat' dir='ltr'>sibi</span> <span class='ocrx_word' id='word_1_127' title='bbox 407 813 493 846; x_wconf 82' lang='lat' dir='ltr'>Vices</span> <span class='ocrx_word' id='word_1_128' title='bbox 505 814 606 846; x_wconf 84' lang='lat' dir='ltr'>Gratas</span> <span class='ocrx_word' id='word_1_129' title='bbox 621 813 737 845; x_wconf 85' lang='lat' dir='ltr'>reddere</span> <span class='ocrx_word' id='word_1_130' title='bbox 752 815 882 852; x_wconf 87' lang='lat' dir='ltr'>cupimus</span> <span class='ocrx_word' id='word_1_131' title='bbox 890 814 968 852; x_wconf 82' lang='lat' dir='ltr'>juxta</span> <span class='ocrx_word' id='word_1_132' title='bbox 981 814 1073 852; x_wconf 74' lang='lat' dir='ltr'>vii-es,</span> 
     </span>
    </p>

    <p class='ocr_par' dir='ltr' id='par_1_6' title="bbox 206 850 1270 923">
     <span class='ocr_line' id='line_1_18' title="bbox 243 850 1270 892; baseline 0.001 -11"><span class='ocrx_word' id='word_1_133' title='bbox 243 850 334 882; x_wconf 83' lang='lat' dir='ltr'>Parati</span> <span class='ocrx_word' id='word_1_134' title='bbox 347 853 548 884; x_wconf 81' lang='lat' dir='ltr'>nichilominus</span> <span class='ocrx_word' id='word_1_135' title='bbox 560 853 596 883; x_wconf 85' lang='lat' dir='ltr'>ad</span> <span class='ocrx_word' id='word_1_136' title='bbox 611 863 659 892; x_wconf 69' lang='lat' dir='ltr'>ea,</span> <span class='ocrx_word' id='word_1_137' title='bbox 678 864 743 892; x_wconf 83' lang='lat' dir='ltr'>quae</span> <span class='ocrx_word' id='word_1_138' title='bbox 756 852 918 884; x_wconf 88' lang='lat' dir='ltr'>vestrorum</span> <span class='ocrx_word' id='word_1_139' title='bbox 939 861 1113 884; x_wconf 88' lang='lat' dir='ltr'>concernere</span> <span class='ocrx_word' id='word_1_140' title='bbox 1134 859 1270 890; x_wconf 90' lang='lat' dir='ltr'>poterunt</span> 
     </span>
     <span class='ocr_line' id='line_1_19' title="bbox 206 889 591 923; baseline 0.003 -3"><span class='ocrx_word' id='word_1_141' title='bbox 206 889 396 922; x_wconf 70' lang='lat' dir='ltr'>Profectuum</span> <span class='ocrx_word' id='word_1_142' title='bbox 409 893 591 923; x_wconf 81' lang='lat' dir='ltr'>incrementa.</span> 
     </span>
    </p>

    <p class='ocr_par' dir='ltr' id='par_1_7' title="bbox 242 927 462 969">
     <span class='ocr_line' id='line_1_20' title="bbox 242 927 462 969; baseline 0.005 -10"><span class='ocrx_word' id='word_1_143' title='bbox 242 927 312 960; x_wconf 83' lang='lat' dir='ltr'>Dat.</span> <span class='ocrx_word' id='word_1_144' title='bbox 331 937 361 960; x_wconf 90' lang='lat' dir='ltr'>ut</span> <span class='ocrx_word' id='word_1_145' title='bbox 375 929 462 969; x_wconf 87' lang='lat' dir='ltr'>supra.</span> 
     </span>
    </p>
   </div>
   <div class='ocr_carea' id='block_1_3' title="bbox 214 996 1240 1050">
    <p class='ocr_par' dir='ltr' id='par_1_8' title="bbox 214 996 1240 1050">
     <span class='ocr_line' id='line_1_21' title="bbox 214 996 1240 1050; baseline -0.001 -8"><span class='ocrx_word' id='word_1_146' title='bbox 214 996 345 1042; x_wconf 22' lang='lat' dir='ltr'>,Ecdem</span> <span class='ocrx_word' id='word_1_147' title='bbox 360 1011 452 1042; x_wconf 90' lang='lat' dir='ltr'>modo</span> <span class='ocrx_word' id='word_1_148' title='bbox 464 1011 590 1043; x_wconf 82' lang='lat' dir='ltr'>scribitur</span> <span class='ocrx_word' id='word_1_149' title='bbox 603 1010 774 1050; x_wconf 82' lang='lat' dir='ltr'>subscriptis,</span> <span class='ocrx_word' id='word_1_150' title='bbox 791 1012 903 1043; x_wconf 83' lang='lat' dir='ltr'>mutatis</span> <span class='ocrx_word' id='word_1_151' title='bbox 918 1010 1074 1050; x_wconf 70' lang='lat' dir='ltr'>mutandis,</span> <span class='ocrx_word' id='word_1_152' title='bbox 1093 1010 1240 1048; x_wconf 87' lang='lat' dir='ltr'>videlicet,</span> 
     </span>
    </p>
   </div>
   <div class='ocr_carea' id='block_1_4' title="bbox 241 1091 1268 1439">
    <p class='ocr_par' dir='ltr' id='par_1_9' title="bbox 241 1091 1268 1399">
     <span class='ocr_line' id='line_1_22' title="bbox 244 1091 1267 1138; baseline -0.001 -17"><span class='ocrx_word' id='word_1_153' title='bbox 244 1093 364 1122; x_wconf 83' lang='lat' dir='ltr'>Prov1&#39;do</span> <span class='ocrx_word' id='word_1_154' title='bbox 382 1095 462 1138; x_wconf 59' lang='lat' dir='ltr'>fviro,</span> <span class='ocrx_word' id='word_1_155' title='bbox 479 1094 574 1122; x_wconf 75' lang='lat' dir='ltr'>Samio</span> <span class='ocrx_word' id='word_1_156' title='bbox 598 1091 714 1122; x_wconf 79' lang='lat' dir='ltr'>Sanehes</span> <span class='ocrx_word' id='word_1_157' title='bbox 733 1092 765 1122; x_wconf 84' lang='lat' dir='ltr'>de</span> <span class='ocrx_word' id='word_1_158' title='bbox 786 1095 890 1132; x_wconf 75' lang='lat' dir='ltr'>quas,</span> <span class='ocrx_word' id='word_1_159' title='bbox 908 1091 1027 1131; x_wconf 79' lang='lat' dir='ltr'>capitali</span> <span class='ocrx_word' id='word_1_160' title='bbox 1042 1092 1168 1131; x_wconf 79' lang='lat' dir='ltr'>Serjanto</span> <span class='ocrx_word' id='word_1_161' title='bbox 1189 1093 1267 1129; x_wconf 77' lang='lat' dir='ltr'>Regis</span> 
     </span>
     <span class='ocr_line' id='line_1_23' title="bbox 244 1130 1268 1215; baseline 0 -17"><span class='ocrx_word' id='word_1_162' title='bbox 244 1130 459 1215; x_wconf 40' lang='lat' dir='ltr'>Dbf&#39;sgefftnonssira,</span> <span class='ocrx_word' id='word_1_163' title='bbox 476 1169 614 1215; x_wconf 64' lang='lat' dir='ltr'>Rederico,</span> <span class='ocrx_word' id='word_1_164' title='bbox 633 1171 744 1200; x_wconf 75' lang='lat' dir='ltr'>Decano</span> <span class='ocrx_word' id='word_1_165' title='bbox 755 1170 788 1200; x_wconf 82' lang='lat' dir='ltr'>de</span> <span class='ocrx_word' id='word_1_166' title='bbox 813 1169 1001 1208; x_wconf 59' lang='lat' dir='ltr'>Salam-unffi,</span> <span class='ocrx_word' id='word_1_167' title='bbox 1020 1168 1179 1199; x_wconf 76' lang='lat' dir='ltr'>Conciliario</span> <span class='ocrx_word' id='word_1_168' title='bbox 1193 1176 1268 1207; x_wconf 81' lang='lat' dir='ltr'>prae-</span> 
     </span>
     <span class='ocr_line' id='line_1_24' title="bbox 241 1208 1177 1285; baseline -0.001 -10"><span class='ocrx_word' id='word_1_169' title='bbox 241 1208 648 1285; x_wconf 45' lang='lat' dir='ltr'>Dicsl‘gtgodlgi‘offegzitdrfilvo</span> <span class='ocrx_word' id='word_1_170' title='bbox 669 1250 801 1285; x_wconf 79' lang='lat' dir='ltr'>Martyn,</span> <span class='ocrx_word' id='word_1_171' title='bbox 819 1245 997 1284; x_wconf 64' lang='lat' dir='ltr'>Thesburaritr</span> <span class='ocrx_word' id='word_1_172' title='bbox 1011 1246 1076 1275; x_wconf 56' lang='lat' dir='ltr'>dieii</span> <span class='ocrx_word' id='word_1_173' title='bbox 1091 1247 1177 1283; x_wconf 78' lang='lat' dir='ltr'>Regis.</span> 
     </span>
     <span class='ocr_line' id='line_1_25' title="bbox 243 1283 1266 1331; baseline 0 -17"><span class='ocrx_word' id='word_1_174' title='bbox 243 1284 341 1314; x_wconf 73' lang='lat' dir='ltr'>Nobili</span> <span class='ocrx_word' id='word_1_175' title='bbox 359 1288 438 1331; x_wconf 53' lang='lat' dir='ltr'>viro,</span> <span class='ocrx_word' id='word_1_176' title='bbox 461 1284 612 1323; x_wconf 75' lang='lat' dir='ltr'>Skergom‘o,</span> <span class='ocrx_word' id='word_1_177' title='bbox 637 1287 746 1315; x_wconf 82' lang='lat' dir='ltr'>Decano</span> <span class='ocrx_word' id='word_1_178' title='bbox 768 1283 945 1324; x_wconf 77' lang='lat' dir='ltr'>Toletonenfi,</span> <span class='ocrx_word' id='word_1_179' title='bbox 970 1283 1138 1314; x_wconf 73' lang='lat' dir='ltr'>Cancellario</span> <span class='ocrx_word' id='word_1_180' title='bbox 1157 1287 1266 1321; x_wconf 81' lang='lat' dir='ltr'>Reginae</span> 
     </span>
     <span class='ocr_line' id='line_1_26' title="bbox 244 1322 919 1399; baseline 0.001 -9"><span class='ocrx_word' id='word_1_181' title='bbox 244 1322 469 1399; x_wconf 47' lang='lat' dir='ltr'>Peffiagglzidi,</span> <span class='ocrx_word' id='word_1_182' title='bbox 487 1362 685 1392; x_wconf 72' lang='lat' dir='ltr'>Archidiacono</span> <span class='ocrx_word' id='word_1_183' title='bbox 698 1362 729 1391; x_wconf 82' lang='lat' dir='ltr'>de</span> <span class='ocrx_word' id='word_1_184' title='bbox 743 1361 919 1391; x_wconf 83' lang='lat' dir='ltr'>Kalatrava.</span> 
     </span>
    </p>

    <p class='ocr_par' dir='ltr' id='par_1_10' title="bbox 244 1400 721 1439">
     <span class='ocr_line' id='line_1_27' title="bbox 244 1400 721 1439; baseline -0.002 -9"><span class='ocrx_word' id='word_1_185' title='bbox 244 1400 341 1430; x_wconf 79' lang='lat' dir='ltr'>Nobili</span> <span class='ocrx_word' id='word_1_186' title='bbox 354 1404 433 1439; x_wconf 82' lang='lat' dir='ltr'>viro,</span> <span class='ocrx_word' id='word_1_187' title='bbox 450 1401 572 1431; x_wconf 80' lang='lat' dir='ltr'>Ferando</span> <span class='ocrx_word' id='word_1_188' title='bbox 585 1400 721 1430; x_wconf 75' lang='lat' dir='ltr'>Radrikes.</span> 
     </span>
    </p>
   </div>
   <div class='ocr_carea' id='block_1_5' title="bbox 226 1516 1231 1616">
    <p class='ocr_par' dir='ltr' id='par_1_11' title="bbox 226 1516 1231 1616">
     <span class='ocr_line' id='line_1_28' title="bbox 226 1516 1231 1615; baseline -0.001 -49"><span class='ocrx_word' id='word_1_189' title='bbox 226 1516 286 1566; x_wconf 60' lang='lat' dir='ltr'>Prb</span> <span class='ocrx_word' id='word_1_190' title='bbox 309 1536 346 1567; x_wconf 79' lang='lat' dir='ltr'>R.</span> <span class='ocrx_word' id='word_1_191' title='bbox 372 1533 508 1579; x_wconf 77' lang='lat' dir='ltr'>Epiftopo</span> <span class='ocrx_word' id='word_1_192' title='bbox 531 1533 744 1614; x_wconf 57' lang='lat' dir='ltr'>Drmdmznfi,</span> <span class='ocrx_word' id='word_1_193' title='bbox 770 1533 806 1615; x_wconf 47' lang='lat' dir='ltr'>{a</span> <span class='ocrx_word' id='word_1_194' title='bbox 826 1546 882 1566; x_wconf 78' lang='lat' dir='ltr'>non</span> <span class='ocrx_word' id='word_1_195' title='bbox 901 1532 1122 1579; x_wconf 60' lang='lat' dir='ltr'>praejudicando</span> <span class='ocrx_word' id='word_1_196' title='bbox 1139 1533 1231 1579; x_wconf 77' lang='lat' dir='ltr'>fitper</span> 
     </span>
     <span class='ocr_line' id='line_1_29' title="bbox 625 1583 842 1616; baseline 0.009 -2"><span class='ocrx_word' id='word_1_197' title='bbox 625 1583 666 1615; x_wconf 87' lang='lat' dir='ltr'>Li</span> <span class='ocrx_word' id='word_1_198' title='bbox 686 1586 777 1614; x_wconf 77' lang='lat' dir='ltr'>errati</span> <span class='ocrx_word' id='word_1_199' title='bbox 797 1595 842 1616; x_wconf 79' lang='lat' dir='ltr'>us.</span> 
     </span>
    </p>
   </div>
   <div class='ocr_carea' id='block_1_6' title="bbox 49 1669 1269 3673">
    <p class='ocr_par' dir='ltr' id='par_1_12' title="bbox 53 1669 1266 1754">
     <span class='ocr_line' id='line_1_30' title="bbox 53 1669 1210 1729; baseline 0 -29"><span class='ocrx_word' id='word_1_200' title='bbox 53 1675 129 1707; x_wconf 73' lang='grc' dir='ltr'>Αῃῃ,</span> <span class='ocrx_word' id='word_1_201' title='bbox 139 1675 179 1707; x_wconf 76' lang='grc' dir='ltr'>Β,</span> <span class='ocrx_word' id='word_1_202' title='bbox 203 1670 317 1729; x_wconf 79' lang='lat' dir='ltr'>REX</span> <span class='ocrx_word' id='word_1_203' title='bbox 334 1670 541 1715; x_wconf 77' lang='lat' dir='ltr'>Thesaurario,</span> <span class='ocrx_word' id='word_1_204' title='bbox 560 1671 593 1702; x_wconf 92' lang='lat'>&amp;</span> <span class='ocrx_word' id='word_1_205' title='bbox 609 1669 763 1715; x_wconf 75' lang='lat' dir='ltr'>Batonibus</span> <span class='ocrx_word' id='word_1_206' title='bbox 779 1672 828 1702; x_wconf 86' lang='lat' dir='ltr'>suis</span> <span class='ocrx_word' id='word_1_207' title='bbox 843 1671 879 1702; x_wconf 88' lang='lat' dir='ltr'>de</span> <span class='ocrx_word' id='word_1_208' title='bbox 893 1672 1058 1709; x_wconf 79' lang='lat' dir='ltr'>Scaccario,</span> <span class='ocrx_word' id='word_1_209' title='bbox 1077 1670 1210 1701; x_wconf 73' lang='lat' dir='ltr'>Salutem.</span> 
     </span>
     <span class='ocr_line' id='line_1_31' title="bbox 72 1708 1266 1754; baseline 0.001 -16"><span class='ocrx_word' id='word_1_210' title='bbox 72 1723 157 1754; x_wconf 74' lang='lat'>1337,</span> <span class='ocrx_word' id='word_1_211' title='bbox 298 1709 472 1752; x_wconf 73' lang='lat' dir='ltr'>Monstravit</span> <span class='ocrx_word' id='word_1_212' title='bbox 494 1710 593 1747; x_wconf 87' lang='lat' dir='ltr'>nobis,</span> <span class='ocrx_word' id='word_1_213' title='bbox 613 1708 785 1740; x_wconf 79' lang='lat' dir='ltr'>Venerabilis</span> <span class='ocrx_word' id='word_1_214' title='bbox 801 1710 903 1749; x_wconf 84' lang='lat' dir='ltr'>Pater,</span> <span class='ocrx_word' id='word_1_215' title='bbox 922 1711 960 1741; x_wconf 88' lang='lat' dir='ltr'>R.</span> <span class='ocrx_word' id='word_1_216' title='bbox 980 1711 1134 1753; x_wconf 76' lang='lat' dir='ltr'>Episcopus</span> <span class='ocrx_word' id='word_1_217' title='bbox 1149 1709 1266 1753; x_wconf 79' lang='lat' dir='ltr'>Dunol-</span> 
     </span>
    </p>

    <p class='ocr_par' dir='ltr' id='par_1_13' title="bbox 51 1747 1266 1788">
     <span class='ocr_line' id='line_1_32' title="bbox 51 1747 1266 1788; baseline -0.002 -7"><span class='ocrx_word' id='word_1_218' title='bbox 51 1757 103 1781; x_wconf 82' lang='lat' dir='ltr'>An.</span> <span class='ocrx_word' id='word_1_219' title='bbox 116 1763 155 1782; x_wconf 89' lang='lat' dir='ltr'>ii.</span> <span class='ocrx_word' id='word_1_220' title='bbox 205 1747 325 1786; x_wconf 77' lang='lat' dir='ltr'>mensis,</span> <span class='ocrx_word' id='word_1_221' title='bbox 341 1758 392 1786; x_wconf 89' lang='lat' dir='ltr'>per</span> <span class='ocrx_word' id='word_1_222' title='bbox 404 1748 573 1788; x_wconf 78' lang='lat' dir='ltr'>petitionem</span> <span class='ocrx_word' id='word_1_223' title='bbox 585 1748 679 1785; x_wconf 80' lang='lat' dir='ltr'>suam,</span> <span class='ocrx_word' id='word_1_224' title='bbox 696 1758 794 1778; x_wconf 90' lang='lat' dir='ltr'>coram</span> <span class='ocrx_word' id='word_1_225' title='bbox 809 1748 908 1779; x_wconf 83' lang='lat' dir='ltr'>Nobis</span> <span class='ocrx_word' id='word_1_226' title='bbox 921 1750 955 1781; x_wconf 62' lang='grc' dir='ltr'>ὃς</span> <span class='ocrx_word' id='word_1_227' title='bbox 972 1749 1108 1780; x_wconf 81' lang='lat' dir='ltr'>Concilio</span> <span class='ocrx_word' id='word_1_228' title='bbox 1122 1748 1223 1778; x_wconf 86' lang='lat' dir='ltr'>nostro</span> <span class='ocrx_word' id='word_1_229' title='bbox 1236 1758 1266 1778; x_wconf 90' lang='lat' dir='ltr'>in</span> 
     </span>
    </p>

    <p class='ocr_par' dir='ltr' id='par_1_14' title="bbox 50 1786 693 1828">
     <span class='ocr_line' id='line_1_33' title="bbox 50 1786 693 1828; baseline -0.003 -10"><span class='ocrx_word' id='word_1_230' title='bbox 50 1796 80 1819; x_wconf 73' lang='grc' dir='ltr'>Ε.</span> <span class='ocrx_word' id='word_1_231' title='bbox 103 1801 129 1828; x_wconf 83' lang='lat'>3.</span> <span class='ocrx_word' id='word_1_232' title='bbox 206 1786 396 1818; x_wconf 86' lang='lat' dir='ltr'>Parliamento</span> <span class='ocrx_word' id='word_1_233' title='bbox 411 1786 510 1817; x_wconf 90' lang='lat' dir='ltr'>nostro</span> <span class='ocrx_word' id='word_1_234' title='bbox 522 1786 693 1822; x_wconf 80' lang='lat' dir='ltr'>exhibitam,</span> 
     </span>
    </p>

    <p class='ocr_par' dir='ltr' id='par_1_15' title="bbox 49 1824 1264 1868">
     <span class='ocr_line' id='line_1_34' title="bbox 49 1824 1264 1868; baseline -0.002 -10"><span class='ocrx_word' id='word_1_235' title='bbox 49 1831 188 1868; x_wconf 69' lang='lat' dir='ltr'>Claufiii,</span> <span class='ocrx_word' id='word_1_236' title='bbox 247 1825 357 1864; x_wconf 82' lang='lat' dir='ltr'>Quod,</span> <span class='ocrx_word' id='word_1_237' title='bbox 375 1825 442 1855; x_wconf 84' lang='lat' dir='ltr'>licet</span> <span class='ocrx_word' id='word_1_238' title='bbox 466 1824 526 1862; x_wconf 89' lang='lat' dir='ltr'>Ipse</span> <span class='ocrx_word' id='word_1_239' title='bbox 559 1825 630 1855; x_wconf 87' lang='lat' dir='ltr'>infra</span> <span class='ocrx_word' id='word_1_240' title='bbox 651 1824 829 1855; x_wconf 71' lang='lat' dir='ltr'>Libertatem</span> <span class='ocrx_word' id='word_1_241' title='bbox 850 1826 926 1856; x_wconf 88' lang='lat' dir='ltr'>suam</span> <span class='ocrx_word' id='word_1_242' title='bbox 943 1824 1132 1862; x_wconf 84' lang='lat' dir='ltr'>Dunolmiae,</span> <span class='ocrx_word' id='word_1_243' title='bbox 1150 1825 1264 1862; x_wconf 86' lang='lat' dir='ltr'>habeat,</span> 
     </span>
    </p>

    <p class='ocr_par' dir='ltr' id='par_1_16' title="bbox 52 1847 1266 1905">
     <span class='ocr_line' id='line_1_35' title="bbox 52 1847 1266 1905; baseline 0 -10"><span class='ocrx_word' id='word_1_244' title='bbox 52 1874 79 1897; x_wconf 64' lang='grc' dir='ltr'>Ε.</span> <span class='ocrx_word' id='word_1_245' title='bbox 93 1879 116 1905; x_wconf 88' lang='lat'>3.</span> <span class='ocrx_word' id='word_1_246' title='bbox 123 1876 147 1905; x_wconf 81' lang='lat' dir='ltr'>p.</span> <span class='ocrx_word' id='word_1_247' title='bbox 163 1881 185 1899; x_wconf 87' lang='lat' dir='ltr'>i.</span> <span class='ocrx_word' id='word_1_248' title='bbox 206 1864 239 1895; x_wconf 90' lang='lat'>&amp;</span> <span class='ocrx_word' id='word_1_249' title='bbox 263 1864 363 1894; x_wconf 86' lang='lat' dir='ltr'>habere</span> <span class='ocrx_word' id='word_1_250' title='bbox 382 1863 500 1900; x_wconf 86' lang='lat' dir='ltr'>debeat,</span> <span class='ocrx_word' id='word_1_251' title='bbox 524 1847 640 1902; x_wconf 79' lang='lat' dir='ltr'>l⁷pseque</span> <span class='ocrx_word' id='word_1_252' title='bbox 662 1863 696 1893; x_wconf 74' lang='grc' dir='ltr'>ὃ(</span> <span class='ocrx_word' id='word_1_253' title='bbox 717 1862 938 1895; x_wconf 84' lang='lat' dir='ltr'>Praedeceffores</span> <span class='ocrx_word' id='word_1_254' title='bbox 958 1865 998 1895; x_wconf 92' lang='lat' dir='ltr'>sui</span> <span class='ocrx_word' id='word_1_255' title='bbox 1022 1865 1038 1894; x_wconf 75' lang='lat' dir='ltr'>a</span> <span class='ocrx_word' id='word_1_256' title='bbox 1057 1872 1186 1901; x_wconf 88' lang='lat' dir='ltr'>tempore</span> <span class='ocrx_word' id='word_1_257' title='bbox 1207 1874 1266 1903; x_wconf 90' lang='lat' dir='ltr'>quo</span> 
     </span>
    </p>

    <p class='ocr_par' dir='ltr' id='par_1_17' title="bbox 49 1901 1183 1941">
     <span class='ocr_line' id='line_1_36' title="bbox 49 1901 1183 1941; baseline -0.003 -7"><span class='ocrx_word' id='word_1_258' title='bbox 49 1916 85 1934; x_wconf 83' lang='lat' dir='ltr'>m.</span> <span class='ocrx_word' id='word_1_259' title='bbox 103 1918 147 1935; x_wconf 67' lang='grc' dir='ltr'>ιο.</span> <span class='ocrx_word' id='word_1_260' title='bbox 204 1912 264 1932; x_wconf 90' lang='lat' dir='ltr'>non</span> <span class='ocrx_word' id='word_1_261' title='bbox 279 1911 351 1933; x_wconf 83' lang='lat' dir='ltr'>extat</span> <span class='ocrx_word' id='word_1_262' title='bbox 366 1903 520 1940; x_wconf 87' lang='lat' dir='ltr'>memoria,</span> <span class='ocrx_word' id='word_1_263' title='bbox 538 1902 642 1932; x_wconf 89' lang='lat' dir='ltr'>habere</span> <span class='ocrx_word' id='word_1_264' title='bbox 652 1902 850 1933; x_wconf 86' lang='lat' dir='ltr'>consueverint</span> <span class='ocrx_word' id='word_1_265' title='bbox 863 1905 962 1933; x_wconf 86' lang='lat' dir='ltr'>omnia</span> <span class='ocrx_word' id='word_1_266' title='bbox 971 1903 1039 1941; x_wconf 90' lang='lat' dir='ltr'>Jura</span> <span class='ocrx_word' id='word_1_267' title='bbox 1053 1901 1183 1941; x_wconf 83' lang='lat' dir='ltr'>Regalia,</span> 
     </span>
    </p>

    <p class='ocr_par' dir='ltr' id='par_1_18' title="bbox 199 1940 1266 2479">
     <span class='ocr_line' id='line_1_37' title="bbox 239 1940 1264 1979; baseline 0.001 -9"><span class='ocrx_word' id='word_1_268' title='bbox 239 1940 374 1979; x_wconf 74' lang='lat' dir='ltr'>Ipseque,</span> <span class='ocrx_word' id='word_1_269' title='bbox 392 1941 426 1971; x_wconf 92' lang='lat'>&amp;</span> <span class='ocrx_word' id='word_1_270' title='bbox 438 1940 659 1972; x_wconf 69' lang='lat' dir='ltr'>Praedecessoroe</span> <span class='ocrx_word' id='word_1_271' title='bbox 675 1941 713 1971; x_wconf 90' lang='lat' dir='ltr'>sui</span> <span class='ocrx_word' id='word_1_272' title='bbox 729 1941 872 1979; x_wconf 72' lang='lat' dir='ltr'>praedic&#39;ti,</span> <span class='ocrx_word' id='word_1_273' title='bbox 890 1943 918 1972; x_wconf 90' lang='lat' dir='ltr'>in</span> <span class='ocrx_word' id='word_1_274' title='bbox 932 1943 1030 1973; x_wconf 83' lang='lat' dir='ltr'>eadem</span> <span class='ocrx_word' id='word_1_275' title='bbox 1048 1940 1264 1979; x_wconf 84' lang='lat' dir='ltr'>Libertate,per</span> 
     </span>
     <span class='ocr_line' id='line_1_38' title="bbox 203 1978 1264 2020; baseline 0 -11"><span class='ocrx_word' id='word_1_276' title='bbox 203 1978 257 2017; x_wconf 88' lang='lat' dir='ltr'>Se,</span> <span class='ocrx_word' id='word_1_277' title='bbox 276 1980 310 2010; x_wconf 70' lang='grc' dir='ltr'>ὃ(</span> <span class='ocrx_word' id='word_1_278' title='bbox 327 1978 478 2010; x_wconf 84' lang='lat' dir='ltr'>Ministros</span> <span class='ocrx_word' id='word_1_279' title='bbox 491 1978 551 2010; x_wconf 86' lang='lat' dir='ltr'>suos</span> <span class='ocrx_word' id='word_1_280' title='bbox 563 1981 710 2018; x_wconf 87' lang='lat' dir='ltr'>proprios,</span> <span class='ocrx_word' id='word_1_281' title='bbox 728 1979 765 2010; x_wconf 92' lang='lat' dir='ltr'>de</span> <span class='ocrx_word' id='word_1_282' title='bbox 777 1981 912 2011; x_wconf 83' lang='lat' dir='ltr'>omnibus</span> <span class='ocrx_word' id='word_1_283' title='bbox 926 1981 959 2011; x_wconf 90' lang='lat'>&amp;</span> <span class='ocrx_word' id='word_1_284' title='bbox 973 1979 1101 2020; x_wconf 81' lang='lat' dir='ltr'>singulis,</span> <span class='ocrx_word' id='word_1_285' title='bbox 1121 1981 1150 2010; x_wconf 92' lang='lat' dir='ltr'>in</span> <span class='ocrx_word' id='word_1_286' title='bbox 1165 1979 1264 2010; x_wconf 67' lang='lat' dir='ltr'>eadem</span> 
     </span>
     <span class='ocr_line' id='line_1_39' title="bbox 200 2018 1265 2058; baseline 0.002 -11"><span class='ocrx_word' id='word_1_287' title='bbox 200 2018 443 2056; x_wconf 80' lang='lat' dir='ltr'>qualitercumque</span> <span class='ocrx_word' id='word_1_288' title='bbox 455 2018 676 2057; x_wconf 86' lang='lat' dir='ltr'>emergentibus,</span> <span class='ocrx_word' id='word_1_289' title='bbox 695 2019 893 2058; x_wconf 87' lang='lat' dir='ltr'>cognitionem</span> <span class='ocrx_word' id='word_1_290' title='bbox 908 2019 1029 2056; x_wconf 86' lang='lat' dir='ltr'>habere,</span> <span class='ocrx_word' id='word_1_291' title='bbox 1044 2018 1079 2048; x_wconf 69' lang='grc' dir='ltr'>ὃ(</span> <span class='ocrx_word' id='word_1_292' title='bbox 1093 2018 1206 2049; x_wconf 85' lang='lat' dir='ltr'>ulterius</span> <span class='ocrx_word' id='word_1_293' title='bbox 1224 2018 1265 2049; x_wconf 84' lang='lat' dir='ltr'>fa-</span> 
     </span>
     <span class='ocr_line' id='line_1_40' title="bbox 201 2056 1266 2097; baseline 0.001 -11"><span class='ocrx_word' id='word_1_294' title='bbox 201 2066 282 2094; x_wconf 91' lang='lat' dir='ltr'>cere,</span> <span class='ocrx_word' id='word_1_295' title='bbox 300 2057 335 2088; x_wconf 87' lang='lat'>&amp;</span> <span class='ocrx_word' id='word_1_296' title='bbox 348 2057 446 2087; x_wconf 85' lang='lat' dir='ltr'>omnia</span> <span class='ocrx_word' id='word_1_297' title='bbox 460 2056 607 2094; x_wconf 70' lang='lat' dir='ltr'>proficua,</span> <span class='ocrx_word' id='word_1_298' title='bbox 625 2056 662 2087; x_wconf 91' lang='lat' dir='ltr'>de</span> <span class='ocrx_word' id='word_1_299' title='bbox 677 2056 837 2091; x_wconf 83' lang='lat' dir='ltr'>huiusmodi</span> <span class='ocrx_word' id='word_1_300' title='bbox 856 2058 1072 2097; x_wconf 84' lang='lat' dir='ltr'>cognitionibus</span> <span class='ocrx_word' id='word_1_301' title='bbox 1093 2057 1266 2096; x_wconf 84' lang='lat' dir='ltr'>provenien-</span> 
     </span>
     <span class='ocr_line' id='line_1_41' title="bbox 202 2094 1263 2135; baseline 0 -9"><span class='ocrx_word' id='word_1_302' title='bbox 202 2095 257 2133; x_wconf 86' lang='lat' dir='ltr'>tia,</span> <span class='ocrx_word' id='word_1_303' title='bbox 275 2095 420 2133; x_wconf 86' lang='lat' dir='ltr'>percipere</span> <span class='ocrx_word' id='word_1_304' title='bbox 432 2094 646 2131; x_wconf 84' lang='lat' dir='ltr'>consueverint,</span> <span class='ocrx_word' id='word_1_305' title='bbox 664 2095 698 2126; x_wconf 94' lang='lat'>&amp;</span> <span class='ocrx_word' id='word_1_306' title='bbox 710 2095 814 2126; x_wconf 87' lang='lat' dir='ltr'>habere</span> <span class='ocrx_word' id='word_1_307' title='bbox 828 2096 881 2126; x_wconf 91' lang='lat' dir='ltr'>abs</span> <span class='ocrx_word' id='word_1_308' title='bbox 896 2106 994 2134; x_wconf 84' lang='lat' dir='ltr'>ueeo,</span> <span class='ocrx_word' id='word_1_309' title='bbox 1012 2095 1091 2135; x_wconf 86' lang='lat' dir='ltr'>quod</span> <span class='ocrx_word' id='word_1_310' title='bbox 1115 2094 1201 2135; x_wconf 80' lang='lat' dir='ltr'>Nos,</span> <span class='ocrx_word' id='word_1_311' title='bbox 1219 2096 1263 2126; x_wconf 92' lang='lat' dir='ltr'>seu</span> 
     </span>
     <span class='ocr_line' id='line_1_42' title="bbox 201 2132 1265 2173; baseline 0.001 -9"><span class='ocrx_word' id='word_1_312' title='bbox 201 2132 402 2171; x_wconf 87' lang='lat' dir='ltr'>Progenitores</span> <span class='ocrx_word' id='word_1_313' title='bbox 421 2132 512 2164; x_wconf 90' lang='lat' dir='ltr'>nostri</span> <span class='ocrx_word' id='word_1_314' title='bbox 527 2158 537 2172; x_wconf 85' lang='lat'><strong>‚</strong></span> <span class='ocrx_word' id='word_1_315' title='bbox 561 2133 608 2165; x_wconf 90' lang='lat' dir='ltr'>vel</span> <span class='ocrx_word' id='word_1_316' title='bbox 632 2132 760 2165; x_wconf 87' lang='lat' dir='ltr'>Ministri</span> <span class='ocrx_word' id='word_1_317' title='bbox 781 2144 882 2166; x_wconf 89' lang='lat' dir='ltr'>eorum</span> <span class='ocrx_word' id='word_1_318' title='bbox 920 2145 951 2165; x_wconf 91' lang='lat' dir='ltr'>m</span> <span class='ocrx_word' id='word_1_319' title='bbox 968 2135 1192 2173; x_wconf 87' lang='lat' dir='ltr'>Progenitorum</span> <span class='ocrx_word' id='word_1_320' title='bbox 1211 2144 1265 2165; x_wconf 76' lang='lat' dir='ltr'>no·</span> 
     </span>
     <span class='ocr_line' id='line_1_43' title="bbox 201 2171 1265 2216; baseline 0.002 -15"><span class='ocrx_word' id='word_1_321' title='bbox 201 2171 342 2216; x_wconf 78' lang='lat' dir='ltr'>strorum,</span> <span class='ocrx_word' id='word_1_322' title='bbox 359 2172 404 2203; x_wconf 87' lang='lat' dir='ltr'>seu</span> <span class='ocrx_word' id='word_1_323' title='bbox 419 2171 524 2210; x_wconf 87' lang='lat' dir='ltr'>nostri,</span> <span class='ocrx_word' id='word_1_324' title='bbox 541 2172 578 2203; x_wconf 90' lang='lat' dir='ltr'>de</span> <span class='ocrx_word' id='word_1_325' title='bbox 592 2172 746 2211; x_wconf 85' lang='lat' dir='ltr'>aliquibus,</span> <span class='ocrx_word' id='word_1_326' title='bbox 766 2173 837 2203; x_wconf 86' lang='lat' dir='ltr'>infra</span> <span class='ocrx_word' id='word_1_327' title='bbox 853 2173 1025 2205; x_wconf 83' lang='lat' dir='ltr'>Libertatem</span> <span class='ocrx_word' id='word_1_328' title='bbox 1038 2172 1205 2212; x_wconf 66' lang='lat' dir='ltr'>praedictam</span> <span class='ocrx_word' id='word_1_329' title='bbox 1225 2173 1265 2203; x_wconf 81' lang='lat' dir='ltr'>E-</span> 
     </span>
     <span class='ocr_line' id='line_1_44' title="bbox 201 2211 1263 2252; baseline -0.001 -10"><span class='ocrx_word' id='word_1_330' title='bbox 201 2220 249 2243; x_wconf 89' lang='lat' dir='ltr'>me</span> <span class='ocrx_word' id='word_1_331' title='bbox 282 2212 410 2250; x_wconf 86' lang='lat' dir='ltr'>entibus,</span> <span class='ocrx_word' id='word_1_332' title='bbox 427 2211 454 2242; x_wconf 92' lang='lat' dir='ltr'>se</span> <span class='ocrx_word' id='word_1_333' title='bbox 474 2211 504 2242; x_wconf 86' lang='lat' dir='ltr'>in</span> <span class='ocrx_word' id='word_1_334' title='bbox 523 2211 618 2249; x_wconf 90' lang='lat' dir='ltr'>aliquo</span> <span class='ocrx_word' id='word_1_335' title='bbox 638 2211 852 2243; x_wconf 83' lang='lat' dir='ltr'>intromififfent</span> <span class='ocrx_word' id='word_1_336' title='bbox 886 2214 902 2229; x_wconf 73' lang='lat'>&#39;¹&#39;</span> <span class='ocrx_word' id='word_1_337' title='bbox 920 2212 968 2243; x_wconf 91' lang='lat' dir='ltr'>vel</span> <span class='ocrx_word' id='word_1_338' title='bbox 988 2213 1079 2252; x_wconf 86' lang='lat' dir='ltr'>aliqua</span> <span class='ocrx_word' id='word_1_339' title='bbox 1102 2211 1263 2251; x_wconf 78' lang='lat' dir='ltr'>hujusmodi</span> 
     </span>
     <span class='ocr_line' id='line_1_45' title="bbox 200 2235 1264 2290; baseline 0.001 -10"><span class='ocrx_word' id='word_1_340' title='bbox 200 2248 261 2281; x_wconf 91' lang='lat' dir='ltr'>Pro</span> <span class='ocrx_word' id='word_1_341' title='bbox 281 2260 334 2280; x_wconf 88' lang='lat' dir='ltr'>cua</span> <span class='ocrx_word' id='word_1_342' title='bbox 349 2251 378 2281; x_wconf 92' lang='lat' dir='ltr'>in</span> <span class='ocrx_word' id='word_1_343' title='bbox 393 2249 491 2280; x_wconf 88' lang='lat' dir='ltr'>eadem</span> <span class='ocrx_word' id='word_1_344' title='bbox 507 2249 709 2288; x_wconf 80' lang='lat' dir='ltr'>percepiffent,</span> <span class='ocrx_word' id='word_1_345' title='bbox 726 2250 776 2280; x_wconf 88' lang='lat' dir='ltr'>nisi</span> <span class='ocrx_word' id='word_1_346' title='bbox 798 2252 828 2280; x_wconf 93' lang='lat' dir='ltr'>in</span> <span class='ocrx_word' id='word_1_347' title='bbox 847 2235 992 2282; x_wconf 66' lang='lat' dir='ltr'>defedtum</span> <span class='ocrx_word' id='word_1_348' title='bbox 1012 2251 1094 2290; x_wconf 84' lang='lat' dir='ltr'>ipfius</span> <span class='ocrx_word' id='word_1_349' title='bbox 1113 2250 1139 2280; x_wconf 89' lang='lat' dir='ltr'>E</span> <span class='ocrx_word' id='word_1_350' title='bbox 1161 2251 1264 2289; x_wconf 90' lang='lat' dir='ltr'>iscopi,</span> 
     </span>
     <span class='ocr_line' id='line_1_46' title="bbox 199 2287 1264 2329; baseline 0.003 -11"><span class='ocrx_word' id='word_1_351' title='bbox 199 2287 246 2319; x_wconf 84' lang='lat' dir='ltr'>vel</span> <span class='ocrx_word' id='word_1_352' title='bbox 268 2288 510 2319; x_wconf 69' lang='lat' dir='ltr'>Praedeceffonnn</span> <span class='ocrx_word' id='word_1_353' title='bbox 528 2289 660 2327; x_wconf 87' lang='lat' dir='ltr'>suorum,</span> <span class='ocrx_word' id='word_1_354' title='bbox 677 2289 757 2327; x_wconf 86' lang='lat' dir='ltr'>super</span> <span class='ocrx_word' id='word_1_355' title='bbox 778 2288 893 2321; x_wconf 61' lang='lat' dir='ltr'>defectu</span> <span class='ocrx_word' id='word_1_356' title='bbox 912 2289 1034 2329; x_wconf 76' lang='lat' dir='ltr'>justitiae</span> <span class='ocrx_word' id='word_1_357' title='bbox 1048 2291 1078 2320; x_wconf 91' lang='lat' dir='ltr'>in</span> <span class='ocrx_word' id='word_1_358' title='bbox 1092 2299 1124 2320; x_wconf 91' lang='lat' dir='ltr'>ea</span> <span class='ocrx_word' id='word_1_359' title='bbox 1145 2299 1192 2321; x_wconf 89' lang='lat' dir='ltr'>em</span> <span class='ocrx_word' id='word_1_360' title='bbox 1214 2290 1264 2321; x_wconf 86' lang='lat' dir='ltr'>Li-</span> 
     </span>
     <span class='ocr_line' id='line_1_47' title="bbox 199 2326 521 2366; baseline 0 -8"><span class='ocrx_word' id='word_1_361' title='bbox 199 2326 306 2358; x_wconf 85' lang='lat' dir='ltr'>bertate</span> <span class='ocrx_word' id='word_1_362' title='bbox 320 2328 521 2366; x_wconf 81' lang='lat' dir='ltr'>contingente,</span> 
     </span>
     <span class='ocr_line' id='line_1_48' title="bbox 200 2364 1263 2404; baseline 0.003 -9"><span class='ocrx_word' id='word_1_363' title='bbox 200 2394 203 2395; x_wconf 19' lang='lat'><em>⁷</em></span> <span class='ocrx_word' id='word_1_364' title='bbox 237 2364 299 2396; x_wconf 91' lang='lat' dir='ltr'>Vos</span> <span class='ocrx_word' id='word_1_365' title='bbox 311 2372 406 2396; x_wconf 81' lang='lat' dir='ltr'>tamen</span> <span class='ocrx_word' id='word_1_366' title='bbox 414 2365 466 2404; x_wconf 83' lang='lat' dir='ltr'>,ad</span> <span class='ocrx_word' id='word_1_367' title='bbox 475 2365 650 2397; x_wconf 85' lang='lat' dir='ltr'>Libertatem</span> <span class='ocrx_word' id='word_1_368' title='bbox 664 2365 742 2397; x_wconf 84' lang='lat' dir='ltr'>suam</span> <span class='ocrx_word' id='word_1_369' title='bbox 753 2366 920 2403; x_wconf 72' lang='lat' dir='ltr'>praedi&amp;am</span> <span class='ocrx_word' id='word_1_370' title='bbox 934 2366 1190 2398; x_wconf 81' lang='lat' dir='ltr'>considerationem</span> <span class='ocrx_word' id='word_1_371' title='bbox 1203 2377 1263 2398; x_wconf 85' lang='lat' dir='ltr'>non</span> 
     </span>
     <span class='ocr_line' id='line_1_49' title="bbox 199 2402 1263 2471; baseline 0.005 -39"><span class='ocrx_word' id='word_1_372' title='bbox 199 2402 351 2471; x_wconf 58' lang='grc' dir='ltr'>Ιιεὼὲηςῗε,</span> <span class='ocrx_word' id='word_1_373' title='bbox 370 2413 420 2441; x_wconf 87' lang='lat' dir='ltr'>per</span> <span class='ocrx_word' id='word_1_374' title='bbox 434 2403 523 2435; x_wconf 87' lang='lat' dir='ltr'>Breve</span> <span class='ocrx_word' id='word_1_375' title='bbox 535 2403 664 2435; x_wconf 86' lang='lat' dir='ltr'>nostrum</span> <span class='ocrx_word' id='word_1_376' title='bbox 674 2428 684 2442; x_wconf 90' lang='lat'>,</span> <span class='ocrx_word' id='word_1_377' title='bbox 699 2404 750 2435; x_wconf 88' lang='lat' dir='ltr'>sub</span> <span class='ocrx_word' id='word_1_378' title='bbox 764 2405 866 2443; x_wconf 89' lang='lat' dir='ltr'>Sigillo</span> <span class='ocrx_word' id='word_1_379' title='bbox 879 2405 1017 2436; x_wconf 82' lang='lat' dir='ltr'>Scaccarii</span> <span class='ocrx_word' id='word_1_380' title='bbox 1038 2405 1144 2445; x_wconf 90' lang='lat' dir='ltr'>nostri,</span> <span class='ocrx_word' id='word_1_381' title='bbox 1163 2407 1263 2445; x_wconf 82' lang='lat' dir='ltr'>praefa—</span> 
     </span>
     <span class='ocr_line' id='line_1_50' title="bbox 201 2450 410 2479; baseline -0.005 -6"><span class='ocrx_word' id='word_1_382' title='bbox 201 2450 234 2473; x_wconf 82' lang='lat' dir='ltr'>to</span> <span class='ocrx_word' id='word_1_383' title='bbox 276 2452 303 2479; x_wconf 90' lang='lat' dir='ltr'>pi</span> <span class='ocrx_word' id='word_1_384' title='bbox 316 2452 410 2479; x_wconf 87' lang='lat' dir='ltr'>cop0‚</span> 
     </span>
    </p>

    <p class='ocr_par' dir='ltr' id='par_1_19' title="bbox 198 2479 1264 2675">
     <span class='ocr_line' id='line_1_51' title="bbox 241 2479 1263 2521; baseline 0.004 -12"><span class='ocrx_word' id='word_1_385' title='bbox 241 2479 335 2518; x_wconf 67' lang='lat' dir='ltr'>Q‘od</span> <span class='ocrx_word' id='word_1_386' title='bbox 346 2479 406 2517; x_wconf 90' lang='lat' dir='ltr'>Ipse</span> <span class='ocrx_word' id='word_1_387' title='bbox 419 2487 510 2510; x_wconf 90' lang='lat' dir='ltr'>certos</span> <span class='ocrx_word' id='word_1_388' title='bbox 522 2479 666 2510; x_wconf 87' lang='lat' dir='ltr'>Homines</span> <span class='ocrx_word' id='word_1_389' title='bbox 678 2480 715 2510; x_wconf 90' lang='lat' dir='ltr'>de</span> <span class='ocrx_word' id='word_1_390' title='bbox 730 2480 873 2512; x_wconf 82' lang='lat' dir='ltr'>Libertate</span> <span class='ocrx_word' id='word_1_391' title='bbox 886 2481 932 2512; x_wconf 64' lang='lat' dir='ltr'>suit</span> <span class='ocrx_word' id='word_1_392' title='bbox 955 2482 1090 2519; x_wconf 62' lang='lat' dir='ltr'>praedieta</span> <span class='ocrx_word' id='word_1_393' title='bbox 1112 2482 1263 2521; x_wconf 82' lang='lat' dir='ltr'>distringe-</span> 
     </span>
     <span class='ocr_line' id='line_1_52' title="bbox 200 2517 1264 2560; baseline 0.005 -12"><span class='ocrx_word' id='word_1_394' title='bbox 200 2525 262 2555; x_wconf 87' lang='lat' dir='ltr'>ret,</span> <span class='ocrx_word' id='word_1_395' title='bbox 279 2518 313 2548; x_wconf 88' lang='lat'>&amp;</span> <span class='ocrx_word' id='word_1_396' title='bbox 327 2518 409 2555; x_wconf 83' lang='lat' dir='ltr'>quod</span> <span class='ocrx_word' id='word_1_397' title='bbox 421 2518 458 2549; x_wconf 88' lang='lat' dir='ltr'>de</span> <span class='ocrx_word' id='word_1_398' title='bbox 472 2517 600 2550; x_wconf 81' lang='lat' dir='ltr'>Exitibus</span> <span class='ocrx_word' id='word_1_399' title='bbox 623 2518 791 2549; x_wconf 89' lang='lat' dir='ltr'>eorumdem</span> <span class='ocrx_word' id='word_1_400' title='bbox 811 2520 895 2550; x_wconf 88' lang='lat' dir='ltr'>nobis</span> <span class='ocrx_word' id='word_1_401' title='bbox 915 2520 1109 2560; x_wconf 81' lang='lat' dir='ltr'>responderet,</span> <span class='ocrx_word' id='word_1_402' title='bbox 1129 2522 1163 2553; x_wconf 91' lang='lat'>&amp;</span> <span class='ocrx_word' id='word_1_403' title='bbox 1183 2522 1264 2560; x_wconf 83' lang='lat' dir='ltr'>quod</span> 
     </span>
     <span class='ocr_line' id='line_1_53' title="bbox 204 2554 1264 2596; baseline 0.006 -11"><span class='ocrx_word' id='word_1_404' title='bbox 204 2554 337 2594; x_wconf 87' lang='lat' dir='ltr'>Corpora</span> <span class='ocrx_word' id='word_1_405' title='bbox 349 2556 395 2587; x_wconf 87' lang='lat' dir='ltr'>sua</span> <span class='ocrx_word' id='word_1_406' title='bbox 410 2566 509 2587; x_wconf 91' lang='lat' dir='ltr'>coram</span> <span class='ocrx_word' id='word_1_407' title='bbox 532 2557 628 2595; x_wconf 86' lang='lat' dir='ltr'>vobis,</span> <span class='ocrx_word' id='word_1_408' title='bbox 646 2557 753 2595; x_wconf 78' lang='lat' dir='ltr'>praefati</span> <span class='ocrx_word' id='word_1_409' title='bbox 776 2556 914 2596; x_wconf 73' lang='lat' dir='ltr'>BatoneS,</span> <span class='ocrx_word' id='word_1_410' title='bbox 932 2561 966 2589; x_wconf 93' lang='lat' dir='ltr'>ad</span> <span class='ocrx_word' id='word_1_411' title='bbox 989 2569 1098 2590; x_wconf 87' lang='lat' dir='ltr'>certum</span> <span class='ocrx_word' id='word_1_412' title='bbox 1118 2560 1196 2591; x_wconf 90' lang='lat' dir='ltr'>diem</span> <span class='ocrx_word' id='word_1_413' title='bbox 1217 2561 1264 2591; x_wconf 86' lang='lat' dir='ltr'>ha-</span> 
     </span>
     <span class='ocr_line' id='line_1_54' title="bbox 202 2594 1264 2635; baseline 0.006 -11"><span class='ocrx_word' id='word_1_414' title='bbox 202 2596 298 2632; x_wconf 82' lang='lat' dir='ltr'>beret,</span> <span class='ocrx_word' id='word_1_415' title='bbox 316 2596 349 2624; x_wconf 83' lang='lat' dir='ltr'>ad</span> <span class='ocrx_word' id='word_1_416' title='bbox 372 2594 597 2632; x_wconf 86' lang='lat' dir='ltr'>respondendum</span> <span class='ocrx_word' id='word_1_417' title='bbox 617 2596 699 2626; x_wconf 90' lang='lat' dir='ltr'>nobis</span> <span class='ocrx_word' id='word_1_418' title='bbox 722 2595 758 2625; x_wconf 89' lang='lat' dir='ltr'>de</span> <span class='ocrx_word' id='word_1_419' title='bbox 772 2606 824 2634; x_wconf 91' lang='lat' dir='ltr'>eo,</span> <span class='ocrx_word' id='word_1_420' title='bbox 843 2597 923 2635; x_wconf 82' lang='lat' dir='ltr'>quod</span> <span class='ocrx_word' id='word_1_421' title='bbox 938 2597 987 2635; x_wconf 83' lang='lat' dir='ltr'>ipsi</span> <span class='ocrx_word' id='word_1_422' title='bbox 1000 2598 1142 2629; x_wconf 89' lang='lat' dir='ltr'>Ordinem</span> <span class='ocrx_word' id='word_1_423' title='bbox 1156 2599 1264 2630; x_wconf 88' lang='lat' dir='ltr'>Milita-</span> 
     </span>
     <span class='ocr_line' id='line_1_55' title="bbox 198 2633 1105 2675; baseline 0.004 -12"><span class='ocrx_word' id='word_1_424' title='bbox 198 2641 262 2664; x_wconf 79' lang='lat' dir='ltr'>rem</span> <span class='ocrx_word' id='word_1_425' title='bbox 278 2643 338 2663; x_wconf 88' lang='lat' dir='ltr'>non</span> <span class='ocrx_word' id='word_1_426' title='bbox 351 2633 527 2671; x_wconf 86' lang='lat' dir='ltr'>susceperunt</span> <span class='ocrx_word' id='word_1_427' title='bbox 540 2635 616 2671; x_wconf 79' lang='lat' dir='ltr'>juxta</span> <span class='ocrx_word' id='word_1_428' title='bbox 630 2634 889 2665; x_wconf 87' lang='lat' dir='ltr'>Proclamationem</span> <span class='ocrx_word' id='word_1_429' title='bbox 904 2636 970 2666; x_wconf 78' lang='lat' dir='ltr'>inde</span> <span class='ocrx_word' id='word_1_430' title='bbox 983 2636 1105 2675; x_wconf 69' lang='lat' dir='ltr'>faetain,</span> 
     </span>
    </p>

    <p class='ocr_par' dir='ltr' id='par_1_20' title="bbox 202 2671 1263 2751">
     <span class='ocr_line' id='line_1_56' title="bbox 239 2671 1263 2715; baseline 0.005 -14"><span class='ocrx_word' id='word_1_431' title='bbox 239 2671 409 2702; x_wconf 84' lang='lat' dir='ltr'>Demandari</span> <span class='ocrx_word' id='word_1_432' title='bbox 424 2671 528 2704; x_wconf 75' lang='lat' dir='ltr'>fecist1s</span> <span class='ocrx_word' id='word_1_433' title='bbox 543 2674 571 2702; x_wconf 89' lang='lat' dir='ltr'>in</span> <span class='ocrx_word' id='word_1_434' title='bbox 585 2672 667 2710; x_wconf 89' lang='lat' dir='ltr'>ipsius</span> <span class='ocrx_word' id='word_1_435' title='bbox 680 2672 814 2711; x_wconf 85' lang='lat' dir='ltr'>Episcopi</span> <span class='ocrx_word' id='word_1_436' title='bbox 830 2673 1017 2711; x_wconf 85' lang='lat' dir='ltr'>Dispendium</span> <span class='ocrx_word' id='word_1_437' title='bbox 1030 2685 1089 2705; x_wconf 92' lang='lat' dir='ltr'>non</span> <span class='ocrx_word' id='word_1_438' title='bbox 1105 2676 1263 2715; x_wconf 86' lang='lat' dir='ltr'>modicum,</span> 
     </span>
     <span class='ocr_line' id='line_1_57' title="bbox 202 2709 1011 2751; baseline 0.002 -11"><span class='ocrx_word' id='word_1_439' title='bbox 202 2709 236 2740; x_wconf 69' lang='grc' dir='ltr'>δε</span> <span class='ocrx_word' id='word_1_440' title='bbox 253 2709 400 2741; x_wconf 81' lang='lat' dir='ltr'>Libertatis</span> <span class='ocrx_word' id='word_1_441' title='bbox 414 2710 467 2740; x_wconf 74' lang='lat' dir='ltr'>suti:</span> <span class='ocrx_word' id='word_1_442' title='bbox 484 2711 627 2748; x_wconf 69' lang='lat' dir='ltr'>praedirftae</span> <span class='ocrx_word' id='word_1_443' title='bbox 643 2710 804 2742; x_wconf 75' lang='lat' dir='ltr'>Lrelionem</span> <span class='ocrx_word' id='word_1_444' title='bbox 819 2712 1011 2751; x_wconf 84' lang='lat' dir='ltr'>manifestam,</span> 
     </span>
    </p>

    <p class='ocr_par' dir='ltr' id='par_1_21' title="bbox 238 2748 1236 2816">
     <span class='ocr_line' id='line_1_58' title="bbox 238 2748 1236 2816; baseline 0.003 -37"><span class='ocrx_word' id='word_1_445' title='bbox 238 2748 327 2816; x_wconf 62' lang='lat' dir='ltr'>{uper</span> <span class='ocrx_word' id='word_1_446' title='bbox 344 2759 404 2787; x_wconf 88' lang='lat' dir='ltr'>quo</span> <span class='ocrx_word' id='word_1_447' title='bbox 419 2750 501 2780; x_wconf 89' lang='lat' dir='ltr'>nobis</span> <span class='ocrx_word' id='word_1_448' title='bbox 516 2750 680 2788; x_wconf 81' lang='lat' dir='ltr'>supplicavit</span> <span class='ocrx_word' id='word_1_449' title='bbox 695 2750 742 2780; x_wconf 84' lang='lat' dir='ltr'>sibi</span> <span class='ocrx_word' id='word_1_450' title='bbox 758 2760 806 2788; x_wconf 90' lang='lat' dir='ltr'>per</span> <span class='ocrx_word' id='word_1_451' title='bbox 822 2750 891 2781; x_wconf 91' lang='lat' dir='ltr'>Nos</span> <span class='ocrx_word' id='word_1_452' title='bbox 907 2751 1082 2782; x_wconf 87' lang='lat' dir='ltr'>Remedium</span> <span class='ocrx_word' id='word_1_453' title='bbox 1093 2752 1236 2791; x_wconf 86' lang='lat' dir='ltr'>abhiberi,</span> 
     </span>
    </p>

    <p class='ocr_par' dir='ltr' id='par_1_22' title="bbox 267 2796 295 2824">
     <span class='ocr_line' id='line_1_59' title="bbox 267 2796 295 2824; baseline 0 0"><span class='ocrx_word' id='word_1_454' title='bbox 267 2796 276 2816; x_wconf 66' lang='lat' dir='ltr'>t</span> <span class='ocrx_word' id='word_1_455' title='bbox 286 2811 295 2824; x_wconf 65' lang='lat'>5</span> 
     </span>
    </p>

    <p class='ocr_par' dir='ltr' id='par_1_23' title="bbox 204 2825 1263 2905">
     <span class='ocr_line' id='line_1_60' title="bbox 226 2825 1263 2867; baseline 0.006 -13"><span class='ocrx_word' id='word_1_456' title='bbox 226 2826 317 2863; x_wconf 68' lang='lat' dir='ltr'>v(Qiia</span> <span class='ocrx_word' id='word_1_457' title='bbox 331 2825 423 2855; x_wconf 87' lang='lat' dir='ltr'>eidem</span> <span class='ocrx_word' id='word_1_458' title='bbox 438 2825 600 2864; x_wconf 83' lang='lat' dir='ltr'>Episcopo,</span> <span class='ocrx_word' id='word_1_459' title='bbox 613 2826 692 2864; x_wconf 87' lang='lat' dir='ltr'>super</span> <span class='ocrx_word' id='word_1_460' title='bbox 707 2827 849 2858; x_wconf 72' lang='lat' dir='ltr'>Libertate</span> <span class='ocrx_word' id='word_1_461' title='bbox 862 2828 907 2859; x_wconf 70' lang='lat' dir='ltr'>sufi</span> <span class='ocrx_word' id='word_1_462' title='bbox 923 2828 1072 2867; x_wconf 67' lang='lat' dir='ltr'>praediffi,</span> <span class='ocrx_word' id='word_1_463' title='bbox 1092 2830 1121 2858; x_wconf 88' lang='lat' dir='ltr'>in</span> <span class='ocrx_word' id='word_1_464' title='bbox 1135 2828 1187 2860; x_wconf 86' lang='lat' dir='ltr'>hac</span> <span class='ocrx_word' id='word_1_465' title='bbox 1202 2838 1263 2867; x_wconf 87' lang='lat' dir='ltr'>par-</span> 
     </span>
     <span class='ocr_line' id='line_1_61' title="bbox 204 2864 986 2905; baseline 0.004 -11"><span class='ocrx_word' id='word_1_466' title='bbox 204 2871 232 2894; x_wconf 88' lang='lat' dir='ltr'>te</span> <span class='ocrx_word' id='word_1_467' title='bbox 248 2864 381 2893; x_wconf 88' lang='lat' dir='ltr'>nolumus</span> <span class='ocrx_word' id='word_1_468' title='bbox 395 2864 581 2902; x_wconf 66' lang='lat' dir='ltr'>przejudicari,</span> <span class='ocrx_word' id='word_1_469' title='bbox 600 2865 690 2895; x_wconf 84' lang='lat' dir='ltr'>Vobis</span> <span class='ocrx_word' id='word_1_470' title='bbox 705 2866 869 2896; x_wconf 75' lang='lat' dir='ltr'>mandamus</span> <span class='ocrx_word' id='word_1_471' title='bbox 886 2867 986 2905; x_wconf 80' lang='lat' dir='ltr'>quod,</span> 
     </span>
    </p>

    <p class='ocr_par' dir='ltr' id='par_1_24' title="bbox 203 2901 1264 2980">
     <span class='ocr_line' id='line_1_62' title="bbox 240 2901 1264 2944; baseline 0.006 -13"><span class='ocrx_word' id='word_1_472' title='bbox 240 2901 345 2932; x_wconf 76' lang='lat' dir='ltr'>Audita</span> <span class='ocrx_word' id='word_1_473' title='bbox 360 2902 486 2940; x_wconf 81' lang='lat' dir='ltr'>Querela</span> <span class='ocrx_word' id='word_1_474' title='bbox 499 2903 580 2940; x_wconf 86' lang='lat' dir='ltr'>ipsius</span> <span class='ocrx_word' id='word_1_475' title='bbox 594 2903 727 2944; x_wconf 87' lang='lat' dir='ltr'>Episcopi</span> <span class='ocrx_word' id='word_1_476' title='bbox 741 2906 769 2934; x_wconf 93' lang='lat' dir='ltr'>in</span> <span class='ocrx_word' id='word_1_477' title='bbox 784 2905 836 2936; x_wconf 86' lang='lat' dir='ltr'>hac</span> <span class='ocrx_word' id='word_1_478' title='bbox 855 2915 949 2944; x_wconf 87' lang='lat' dir='ltr'>parte,</span> <span class='ocrx_word' id='word_1_479' title='bbox 967 2907 1000 2937; x_wconf 74' lang='grc' dir='ltr'>δε</span> <span class='ocrx_word' id='word_1_480' title='bbox 1023 2905 1085 2937; x_wconf 84' lang='lat' dir='ltr'>visis</span> <span class='ocrx_word' id='word_1_481' title='bbox 1108 2905 1264 2938; x_wconf 87' lang='lat' dir='ltr'>Evidentiis</span> 
     </span>
     <span class='ocr_line' id='line_1_63' title="bbox 203 2941 694 2980; baseline 0.002 -10"><span class='ocrx_word' id='word_1_482' title='bbox 203 2941 255 2970; x_wconf 81' lang='lat' dir='ltr'>suis</span> <span class='ocrx_word' id='word_1_483' title='bbox 265 2963 274 2978; x_wconf 86' lang='lat'>,</span> <span class='ocrx_word' id='word_1_484' title='bbox 289 2950 321 2970; x_wconf 91' lang='lat' dir='ltr'>ac</span> <span class='ocrx_word' id='word_1_485' title='bbox 335 2941 431 2970; x_wconf 85' lang='lat' dir='ltr'>auditis</span> <span class='ocrx_word' id='word_1_486' title='bbox 443 2941 493 2971; x_wconf 84' lang='lat' dir='ltr'>suis</span> <span class='ocrx_word' id='word_1_487' title='bbox 510 2942 694 2980; x_wconf 81' lang='lat' dir='ltr'>Rationibus,</span> 
     </span>
    </p>

    <p class='ocr_par' dir='ltr' id='par_1_25' title="bbox 203 2978 1265 3162">
     <span class='ocr_line' id='line_1_64' title="bbox 241 2978 1264 3022; baseline 0.007 -14"><span class='ocrx_word' id='word_1_488' title='bbox 241 2978 290 3016; x_wconf 90' lang='lat' dir='ltr'>Si,</span> <span class='ocrx_word' id='word_1_489' title='bbox 310 2988 357 3016; x_wconf 86' lang='lat' dir='ltr'>per</span> <span class='ocrx_word' id='word_1_490' title='bbox 373 2979 532 3014; x_wconf 78' lang='lat' dir='ltr'>hujusmodi</span> <span class='ocrx_word' id='word_1_491' title='bbox 545 2979 703 3011; x_wconf 78' lang='lat' dir='ltr'>Evidentias</span> <span class='ocrx_word' id='word_1_492' title='bbox 717 2982 750 3012; x_wconf 69' lang='grc' dir='ltr'>ὃς</span> <span class='ocrx_word' id='word_1_493' title='bbox 764 2980 918 3020; x_wconf 80' lang='lat' dir='ltr'>Rationes,</span> <span class='ocrx_word' id='word_1_494' title='bbox 936 2983 1019 3014; x_wconf 83' lang='lat' dir='ltr'>vobis</span> <span class='ocrx_word' id='word_1_495' title='bbox 1035 2981 1165 3014; x_wconf 83' lang='lat' dir='ltr'>constare</span> <span class='ocrx_word' id='word_1_496' title='bbox 1182 2993 1264 3022; x_wconf 87' lang='lat' dir='ltr'>pote-</span> 
     </span>
     <span class='ocr_line' id='line_1_65' title="bbox 203 3017 1264 3058; baseline 0.007 -12"><span class='ocrx_word' id='word_1_497' title='bbox 203 3018 239 3048; x_wconf 90' lang='lat' dir='ltr'>rit</span> <span class='ocrx_word' id='word_1_498' title='bbox 255 3017 345 3055; x_wconf 85' lang='lat' dir='ltr'>ipsum</span> <span class='ocrx_word' id='word_1_499' title='bbox 358 3017 532 3056; x_wconf 75' lang='lat' dir='ltr'>Episcopum</span> <span class='ocrx_word' id='word_1_500' title='bbox 547 3020 742 3057; x_wconf 80' lang='lat' dir='ltr'>cognitionem</span> <span class='ocrx_word' id='word_1_501' title='bbox 765 3020 801 3049; x_wconf 88' lang='lat' dir='ltr'>de</span> <span class='ocrx_word' id='word_1_502' title='bbox 822 3030 875 3058; x_wconf 84' lang='lat' dir='ltr'>co,</span> <span class='ocrx_word' id='word_1_503' title='bbox 893 3021 972 3058; x_wconf 64' lang='lat' dir='ltr'>quiid</span> <span class='ocrx_word' id='word_1_504' title='bbox 994 3021 1139 3053; x_wconf 80' lang='lat' dir='ltr'>Homines</span> <span class='ocrx_word' id='word_1_505' title='bbox 1162 3022 1264 3053; x_wconf 88' lang='lat' dir='ltr'>Liber-</span> 
     </span>
     <span class='ocr_line' id='line_1_66' title="bbox 203 3055 1264 3099; baseline 0.006 -13"><span class='ocrx_word' id='word_1_506' title='bbox 203 3056 264 3086; x_wconf 84' lang='lat' dir='ltr'>tatis</span> <span class='ocrx_word' id='word_1_507' title='bbox 286 3056 340 3087; x_wconf 80' lang='lat' dir='ltr'>suae</span> <span class='ocrx_word' id='word_1_508' title='bbox 362 3055 503 3093; x_wconf 66' lang='lat' dir='ltr'>praedic‘tae</span> <span class='ocrx_word' id='word_1_509' title='bbox 522 3057 611 3087; x_wconf 86' lang='lat' dir='ltr'>Arma</span> <span class='ocrx_word' id='word_1_510' title='bbox 633 3056 763 3088; x_wconf 76' lang='lat' dir='ltr'>Militaria</span> <span class='ocrx_word' id='word_1_511' title='bbox 786 3068 845 3088; x_wconf 89' lang='lat' dir='ltr'>non</span> <span class='ocrx_word' id='word_1_512' title='bbox 868 3059 1062 3098; x_wconf 79' lang='lat' dir='ltr'>susceperunt,</span> <span class='ocrx_word' id='word_1_513' title='bbox 1093 3059 1212 3099; x_wconf 86' lang='lat' dir='ltr'>habere,</span> <span class='ocrx_word' id='word_1_514' title='bbox 1230 3063 1264 3092; x_wconf 93' lang='lat'>&amp;</span> 
     </span>
     <span class='ocr_line' id='line_1_67' title="bbox 204 3092 1265 3162; baseline 0.008 -39"><span class='ocrx_word' id='word_1_515' title='bbox 204 3092 318 3162; x_wconf 54' lang='grc' dir='ltr'>ἓκὲωε,</span> <span class='ocrx_word' id='word_1_516' title='bbox 336 3095 369 3125; x_wconf 86' lang='lat'>&amp;</span> <span class='ocrx_word' id='word_1_517' title='bbox 382 3094 432 3125; x_wconf 84' lang='lat' dir='ltr'>alia</span> <span class='ocrx_word' id='word_1_518' title='bbox 453 3094 585 3126; x_wconf 85' lang='lat' dir='ltr'>Proficua</span> <span class='ocrx_word' id='word_1_519' title='bbox 606 3095 643 3126; x_wconf 88' lang='lat' dir='ltr'>de</span> <span class='ocrx_word' id='word_1_520' title='bbox 663 3097 720 3134; x_wconf 87' lang='lat' dir='ltr'>cis,</span> <span class='ocrx_word' id='word_1_521' title='bbox 737 3095 770 3127; x_wconf 67' lang='lat' dir='ltr'>ea</span> <span class='ocrx_word' id='word_1_522' title='bbox 789 3098 956 3136; x_wconf 84' lang='lat' dir='ltr'>occasione,</span> <span class='ocrx_word' id='word_1_523' title='bbox 975 3098 1011 3129; x_wconf 86' lang='lat' dir='ltr'>de</span> <span class='ocrx_word' id='word_1_524' title='bbox 1028 3098 1097 3137; x_wconf 87' lang='lat' dir='ltr'>Jure</span> <span class='ocrx_word' id='word_1_525' title='bbox 1119 3101 1265 3139; x_wconf 88' lang='lat' dir='ltr'>percipere</span> 
     </span>
    </p>

    <p class='ocr_par' dir='ltr' id='par_1_26' title="bbox 227 3141 324 3162">
     <span class='ocr_line' id='line_1_68' title="bbox 227 3141 324 3162; baseline -0.01 0"><span class='ocrx_word' id='word_1_526' title='bbox 227 3141 242 3162; x_wconf 89' lang='lat' dir='ltr'>e</span> <span class='ocrx_word' id='word_1_527' title='bbox 264 3142 324 3162; x_wconf 87' lang='lat' dir='ltr'>ere-</span> 
     </span>
    </p>

    <p class='ocr_par' dir='ltr' id='par_1_27' title="bbox 242 3156 525 3209">
     <span class='ocr_line' id='line_1_69' title="bbox 242 3156 525 3209; baseline 0.007 -9"><span class='ocrx_word' id='word_1_528' title='bbox 242 3156 329 3201; x_wconf 60' lang='lat' dir='ltr'>Tuii}</span> <span class='ocrx_word' id='word_1_529' title='bbox 347 3170 525 3209; x_wconf 75' lang='lat' dir='ltr'>Demandae,</span> 
     </span>
    </p>

    <p class='ocr_par' dir='ltr' id='par_1_28' title="bbox 206 3209 1264 3326">
     <span class='ocr_line' id='line_1_70' title="bbox 246 3209 1264 3253; baseline 0.007 -15"><span class='ocrx_word' id='word_1_530' title='bbox 246 3209 346 3248; x_wconf 81' lang='lat' dir='ltr'>Qiam</span> <span class='ocrx_word' id='word_1_531' title='bbox 361 3210 454 3239; x_wconf 88' lang='lat' dir='ltr'>eidem</span> <span class='ocrx_word' id='word_1_532' title='bbox 467 3210 626 3251; x_wconf 84' lang='lat' dir='ltr'>Episcopo,</span> <span class='ocrx_word' id='word_1_533' title='bbox 643 3210 680 3241; x_wconf 90' lang='lat' dir='ltr'>de</span> <span class='ocrx_word' id='word_1_534' title='bbox 699 3211 838 3249; x_wconf 68' lang='lat' dir='ltr'>praediffls</span> <span class='ocrx_word' id='word_1_535' title='bbox 855 3211 1032 3243; x_wconf 81' lang='lat' dir='ltr'>Hominibus</span> <span class='ocrx_word' id='word_1_536' title='bbox 1051 3213 1264 3253; x_wconf 81' lang='lat' dir='ltr'>distringendis,</span> 
     </span>
     <span class='ocr_line' id='line_1_71' title="bbox 206 3247 1264 3291; baseline 0.008 -15"><span class='ocrx_word' id='word_1_537' title='bbox 206 3247 243 3277; x_wconf 85' lang='lat' dir='ltr'>de</span> <span class='ocrx_word' id='word_1_538' title='bbox 262 3248 457 3285; x_wconf 82' lang='lat' dir='ltr'>respondendo</span> <span class='ocrx_word' id='word_1_539' title='bbox 477 3249 559 3279; x_wconf 90' lang='lat' dir='ltr'>nobis</span> <span class='ocrx_word' id='word_1_540' title='bbox 579 3250 615 3280; x_wconf 90' lang='lat' dir='ltr'>de</span> <span class='ocrx_word' id='word_1_541' title='bbox 635 3248 762 3280; x_wconf 75' lang='lat' dir='ltr'>Exitibus</span> <span class='ocrx_word' id='word_1_542' title='bbox 782 3250 968 3290; x_wconf 85' lang='lat' dir='ltr'>eorumdem,</span> <span class='ocrx_word' id='word_1_543' title='bbox 993 3252 1027 3282; x_wconf 87' lang='lat'>&amp;</span> <span class='ocrx_word' id='word_1_544' title='bbox 1049 3251 1086 3282; x_wconf 87' lang='lat' dir='ltr'>de</span> <span class='ocrx_word' id='word_1_545' title='bbox 1100 3252 1264 3291; x_wconf 81' lang='lat' dir='ltr'>Coporibus</span> 
     </span>
     <span class='ocr_line' id='line_1_72' title="bbox 206 3287 894 3326; baseline 0.006 -11"><span class='ocrx_word' id='word_1_546' title='bbox 206 3296 308 3316; x_wconf 86' lang='lat' dir='ltr'>eorum</span> <span class='ocrx_word' id='word_1_547' title='bbox 323 3296 422 3316; x_wconf 85' lang='lat' dir='ltr'>coram</span> <span class='ocrx_word' id='word_1_548' title='bbox 437 3287 519 3317; x_wconf 84' lang='lat' dir='ltr'>vobis</span> <span class='ocrx_word' id='word_1_549' title='bbox 533 3288 684 3326; x_wconf 76' lang='lat' dir='ltr'>habendis,</span> <span class='ocrx_word' id='word_1_550' title='bbox 702 3288 762 3318; x_wconf 90' lang='lat' dir='ltr'>fieri</span> <span class='ocrx_word' id='word_1_551' title='bbox 776 3288 894 3326; x_wconf 78' lang='lat' dir='ltr'>fecistis,</span> 
     </span>
    </p>

    <p class='ocr_par' dir='ltr' id='par_1_29' title="bbox 206 3325 1268 3624">
     <span class='ocr_line' id='line_1_73' title="bbox 245 3325 1265 3368; baseline 0.006 -15"><span class='ocrx_word' id='word_1_552' title='bbox 245 3325 378 3368; x_wconf 63' lang='lat' dir='ltr'>Omnino</span> <span class='ocrx_word' id='word_1_553' title='bbox 392 3325 556 3362; x_wconf 64' lang='lat' dir='ltr'>[iperiederi</span> <span class='ocrx_word' id='word_1_554' title='bbox 569 3326 690 3365; x_wconf 70' lang='lat' dir='ltr'>facietis,</span> <span class='ocrx_word' id='word_1_555' title='bbox 708 3328 741 3357; x_wconf 68' lang='grc' dir='ltr'>ὃς</span> <span class='ocrx_word' id='word_1_556' title='bbox 757 3328 847 3365; x_wconf 82' lang='lat' dir='ltr'>ipsum</span> <span class='ocrx_word' id='word_1_557' title='bbox 861 3327 1034 3365; x_wconf 83' lang='lat' dir='ltr'>Episcopum</span> <span class='ocrx_word' id='word_1_558' title='bbox 1057 3326 1265 3367; x_wconf 84' lang='lat' dir='ltr'>Cognitionem</span> 
     </span>
     <span class='ocr_line' id='line_1_74' title="bbox 206 3362 1265 3408; baseline 0.008 -17"><span class='ocrx_word' id='word_1_559' title='bbox 206 3362 365 3406; x_wconf 68' lang='lat' dir='ltr'>hujusmodi</span> <span class='ocrx_word' id='word_1_560' title='bbox 379 3363 496 3407; x_wconf 77' lang='lat' dir='ltr'>habere,</span> <span class='ocrx_word' id='word_1_561' title='bbox 508 3364 549 3408; x_wconf 37' lang='lat'>¹&amp;</span> <span class='ocrx_word' id='word_1_562' title='bbox 563 3363 678 3403; x_wconf 69' lang='lat' dir='ltr'>Exitus,</span> <span class='ocrx_word' id='word_1_563' title='bbox 693 3366 727 3397; x_wconf 84' lang='lat'>&amp;</span> <span class='ocrx_word' id='word_1_564' title='bbox 741 3366 792 3396; x_wconf 83' lang='lat' dir='ltr'>alia</span> <span class='ocrx_word' id='word_1_565' title='bbox 806 3365 954 3404; x_wconf 86' lang='lat' dir='ltr'>Proficua,</span> <span class='ocrx_word' id='word_1_566' title='bbox 974 3365 1041 3396; x_wconf 74' lang='lat' dir='ltr'>inde</span> <span class='ocrx_word' id='word_1_567' title='bbox 1053 3369 1265 3407; x_wconf 85' lang='lat' dir='ltr'>provenientia,</span> 
     </span>
     <span class='ocr_line' id='line_1_75' title="bbox 209 3410 1266 3485; baseline 0.007 -17"><span class='ocrx_word' id='word_1_568' title='bbox 209 3410 602 3483; x_wconf 26' lang='lat' dir='ltr'>pkEtlffssiestkii‘dffxigititsffisuam</span> <span class='ocrx_word' id='word_1_569' title='bbox 623 3441 687 3485; x_wconf 26' lang='lat' dir='ltr'>tam*</span> <span class='ocrx_word' id='word_1_570' title='bbox 703 3440 823 3485; x_wconf 71' lang='lat' dir='ltr'>praefato</span> <span class='ocrx_word' id='word_1_571' title='bbox 840 3441 1003 3481; x_wconf 87' lang='lat' dir='ltr'>Episcopo,</span> <span class='ocrx_word' id='word_1_572' title='bbox 1019 3444 1106 3481; x_wconf 70' lang='lat' dir='ltr'>quam</span> <span class='ocrx_word' id='word_1_573' title='bbox 1128 3444 1266 3481; x_wconf 69' lang='lat' dir='ltr'>praediffls</span> 
     </span>
     <span class='ocr_line' id='line_1_76' title="bbox 209 3476 1268 3519; baseline 0.008 -13"><span class='ocrx_word' id='word_1_574' title='bbox 209 3476 402 3519; x_wconf 77' lang='lat' dir='ltr'>Hominibus,</span> <span class='ocrx_word' id='word_1_575' title='bbox 419 3479 570 3509; x_wconf 75' lang='lat' dir='ltr'>occasione</span> <span class='ocrx_word' id='word_1_576' title='bbox 589 3479 749 3518; x_wconf 70' lang='lat' dir='ltr'>praemissa,</span> <span class='ocrx_word' id='word_1_577' title='bbox 767 3480 825 3510; x_wconf 85' lang='lat' dir='ltr'>fieri</span> <span class='ocrx_word' id='word_1_578' title='bbox 846 3481 980 3518; x_wconf 88' lang='lat' dir='ltr'>feceritis,</span> <span class='ocrx_word' id='word_1_579' title='bbox 998 3481 1162 3519; x_wconf 84' lang='lat' dir='ltr'>supersederi</span> <span class='ocrx_word' id='word_1_580' title='bbox 1183 3483 1268 3514; x_wconf 89' lang='lat' dir='ltr'>sacia-</span> 
     </span>
     <span class='ocr_line' id='line_1_77' title="bbox 210 3516 1267 3558; baseline 0.008 -14"><span class='ocrx_word' id='word_1_581' title='bbox 210 3524 265 3558; x_wconf 74' lang='lat' dir='ltr'>tis,</span> <span class='ocrx_word' id='word_1_582' title='bbox 278 3516 362 3554; x_wconf 69' lang='lat' dir='ltr'>usque</span> <span class='ocrx_word' id='word_1_583' title='bbox 377 3517 411 3546; x_wconf 85' lang='lat' dir='ltr'>ad</span> <span class='ocrx_word' id='word_1_584' title='bbox 427 3517 541 3547; x_wconf 67' lang='lat' dir='ltr'>Festam</span> <span class='ocrx_word' id='word_1_585' title='bbox 554 3517 662 3548; x_wconf 80' lang='lat' dir='ltr'>Natalis</span> <span class='ocrx_word' id='word_1_586' title='bbox 683 3517 808 3548; x_wconf 91' lang='lat' dir='ltr'>Domini</span> <span class='ocrx_word' id='word_1_587' title='bbox 829 3520 961 3558; x_wconf 84' lang='lat' dir='ltr'>proximo</span> <span class='ocrx_word' id='word_1_588' title='bbox 981 3519 1124 3558; x_wconf 81' lang='lat' dir='ltr'>futurum,</span> <span class='ocrx_word' id='word_1_589' title='bbox 1143 3529 1173 3552; x_wconf 92' lang='lat' dir='ltr'>ut</span> <span class='ocrx_word' id='word_1_590' title='bbox 1192 3522 1267 3552; x_wconf 86' lang='lat' dir='ltr'>idem</span> 
     </span>
     <span class='ocr_line' id='line_1_78' title="bbox 211 3552 1268 3622; baseline 0.009 -41"><span class='ocrx_word' id='word_1_591' title='bbox 211 3552 368 3622; x_wconf 51' lang='lat' dir='ltr'>hpgcgpgis</span> <span class='ocrx_word' id='word_1_592' title='bbox 389 3557 537 3595; x_wconf 85' lang='lat' dir='ltr'>negotium</span> <span class='ocrx_word' id='word_1_593' title='bbox 560 3557 645 3595; x_wconf 89' lang='lat' dir='ltr'>illud,</span> <span class='ocrx_word' id='word_1_594' title='bbox 661 3567 760 3588; x_wconf 88' lang='lat' dir='ltr'>coram</span> <span class='ocrx_word' id='word_1_595' title='bbox 777 3558 874 3596; x_wconf 86' lang='lat' dir='ltr'>vobis,</span> <span class='ocrx_word' id='word_1_596' title='bbox 893 3558 1006 3588; x_wconf 88' lang='lat' dir='ltr'>interim</span> <span class='ocrx_word' id='word_1_597' title='bbox 1021 3558 1151 3597; x_wconf 85' lang='lat' dir='ltr'>prosequi</span> <span class='ocrx_word' id='word_1_598' title='bbox 1165 3560 1268 3599; x_wconf 83' lang='lat' dir='ltr'>valeat,</span> 
     </span>
     <span class='ocr_line' id='line_1_79' title="bbox 212 3600 379 3624; baseline 0.006 -3"><span class='ocrx_word' id='word_1_599' title='bbox 212 3600 243 3621; x_wconf 69' lang='lat' dir='ltr'>Ut</span> <span class='ocrx_word' id='word_1_600' title='bbox 277 3603 329 3622; x_wconf 47' lang='lat' dir='ltr'>CCC</span> <span class='ocrx_word' id='word_1_601' title='bbox 351 3603 379 3624; x_wconf 83' lang='lat' dir='ltr'>lt.</span> 
     </span>
    </p>

    <p class='ocr_par' dir='ltr' id='par_1_30' title="bbox 249 3629 1269 3673">
     <span class='ocr_line' id='line_1_80' title="bbox 249 3629 1269 3673; baseline 0.006 -13"><span class='ocrx_word' id='word_1_602' title='bbox 249 3629 338 3661; x_wconf 84' lang='lat' dir='ltr'>Teste</span> <span class='ocrx_word' id='word_1_603' title='bbox 354 3631 435 3670; x_wconf 79' lang='lat' dir='ltr'>Rege</span> <span class='ocrx_word' id='word_1_604' title='bbox 448 3632 521 3670; x_wconf 84' lang='lat' dir='ltr'>apud</span> <span class='ocrx_word' id='word_1_605' title='bbox 533 3632 818 3665; x_wconf 82' lang='lat' dir='ltr'>Westmonasterium</span> <span class='ocrx_word' id='word_1_606' title='bbox 827 3657 838 3673; x_wconf 87' lang='lat'>‚</span> <span class='ocrx_word' id='word_1_607' title='bbox 854 3633 969 3665; x_wconf 87' lang='lat' dir='ltr'>decimo</span> <span class='ocrx_word' id='word_1_608' title='bbox 982 3634 1088 3666; x_wconf 61' lang='lat' dir='ltr'>octavo</span> <span class='ocrx_word' id='word_1_609' title='bbox 1101 3634 1148 3666; x_wconf 87' lang='lat' dir='ltr'>die</span> <span class='ocrx_word' id='word_1_610' title='bbox 1164 3635 1269 3667; x_wconf 84' lang='lat' dir='ltr'>Martii.</span> 
     </span>
    </p>
   </div>
   <div class='ocr_carea' id='block_1_7' title="bbox 48 2219 140 2294">
    <p class='ocr_par' dir='ltr' id='par_1_31' title="bbox 48 2219 140 2294">
     <span class='ocr_line' id='line_1_81' title="bbox 48 2219 140 2247; baseline 0 -1"><span class='ocrx_word' id='word_1_611' title='bbox 48 2219 68 2237; x_wconf 71' lang='lat'>²¹²</span> <span class='ocrx_word' id='word_1_612' title='bbox 88 2220 140 2247; x_wconf 76' lang='lat' dir='ltr'>tv.</span> 
     </span>
     <span class='ocr_line' id='line_1_82' title="bbox 50 2256 112 2294; baseline 0.032 -11"><span class='ocrx_word' id='word_1_613' title='bbox 50 2256 112 2294; x_wconf 81' lang='lat'>738.</span> 
     </span>
    </p>
   </div>
   <div class='ocr_carea' id='block_1_8' title="bbox 751 3711 1165 3742">
    <p class='ocr_par' dir='ltr' id='par_1_32' title="bbox 751 3711 1165 3742">
     <span class='ocr_line' id='line_1_83' title="bbox 751 3711 1165 3742; baseline 0.005 -2"><span class='ocrx_word' id='word_1_614' title='bbox 751 3713 804 3740; x_wconf 81' lang='lat' dir='ltr'>Per</span> <span class='ocrx_word' id='word_1_615' title='bbox 822 3713 981 3741; x_wconf 83' lang='lat' dir='ltr'>Petitionem</span> <span class='ocrx_word' id='word_1_616' title='bbox 994 3711 1026 3741; x_wconf 85' lang='lat' dir='ltr'>de</span> <span class='ocrx_word' id='word_1_617' title='bbox 1041 3711 1165 3742; x_wconf 80' lang='lat' dir='ltr'>Conctlio.</span> 
     </span>
    </p>
   </div>
   <div class='ocr_carea' id='block_1_9' title="bbox 60 3824 1225 4056">
    <p class='ocr_par' dir='ltr' id='par_1_33' title="bbox 64 3824 1225 3890">
     <span class='ocr_line' id='line_1_84' title="bbox 64 3824 1225 3890; baseline 0.003 -19"><span class='ocrx_word' id='word_1_618' title='bbox 64 3828 143 3887; x_wconf 55' lang='lat' dir='ltr'>AnP·</span> <span class='ocrx_word' id='word_1_619' title='bbox 157 3824 199 3856; x_wconf 85' lang='lat' dir='ltr'>D·</span> <span class='ocrx_word' id='word_1_620' title='bbox 264 3839 311 3869; x_wconf 90' lang='lat' dir='ltr'>De</span> <span class='ocrx_word' id='word_1_621' title='bbox 328 3840 507 3885; x_wconf 63' lang='lat' dir='ltr'>Qrcrcubxr</span> <span class='ocrx_word' id='word_1_622' title='bbox 521 3841 659 3875; x_wconf 68' lang='lat' dir='ltr'>ducendis</span> <span class='ocrx_word' id='word_1_623' title='bbox 670 3854 723 3888; x_wconf 83' lang='lat' dir='ltr'>pro</span> <span class='ocrx_word' id='word_1_624' title='bbox 741 3845 847 3889; x_wconf 74' lang='lat' dir='ltr'>Virgis</span> <span class='ocrx_word' id='word_1_625' title='bbox 863 3847 987 3890; x_wconf 80' lang='lat' dir='ltr'>ingentis</span> <span class='ocrx_word' id='word_1_626' title='bbox 1005 3846 1121 3890; x_wconf 78' lang='lat' dir='ltr'>Ingenii</span> <span class='ocrx_word' id='word_1_627' title='bbox 1141 3844 1225 3889; x_wconf 71' lang='lat' dir='ltr'>infra</span> 
     </span>
    </p>

    <p class='ocr_par' dir='ltr' id='par_1_34' title="bbox 60 3875 974 3935">
     <span class='ocr_line' id='line_1_85' title="bbox 60 3875 974 3935; baseline -0.01 -2"><span class='ocrx_word' id='word_1_628' title='bbox 60 3875 183 3933; x_wconf 45' lang='lat' dir='ltr'>A121³317i‘,</span> <span class='ocrx_word' id='word_1_629' title='bbox 505 3892 631 3923; x_wconf 72' lang='lat' dir='ltr'>Turrt&#39;m</span> <span class='ocrx_word' id='word_1_630' title='bbox 649 3891 802 3924; x_wconf 74' lang='lat' dir='ltr'>Londoniae</span> <span class='ocrx_word' id='word_1_631' title='bbox 811 3891 974 3935; x_wconf 83' lang='lat' dir='ltr'>faciendis.</span> 
     </span>
    </p>

    <p class='ocr_par' dir='ltr' id='par_1_35' title="bbox 66 3949 814 4056">
     <span class='ocr_line' id='line_1_86' title="bbox 66 3949 814 4025; baseline 0.008 -25"><span class='ocrx_word' id='word_1_632' title='bbox 66 3949 199 4014; x_wconf 49' lang='lat' dir='ltr'>{jaffsu</span> <span class='ocrx_word' id='word_1_633' title='bbox 217 3968 331 4025; x_wconf 76' lang='lat' dir='ltr'>REX</span> <span class='ocrx_word' id='word_1_634' title='bbox 347 3969 520 4001; x_wconf 81' lang='lat' dir='ltr'>Vicccomiti</span> <span class='ocrx_word' id='word_1_635' title='bbox 533 3973 666 4005; x_wconf 78' lang='lat' dir='ltr'>Suss&#39;exiae</span> <span class='ocrx_word' id='word_1_636' title='bbox 681 3975 814 4006; x_wconf 85' lang='lat' dir='ltr'>Salutem.</span> 
     </span>
     <span class='ocr_line' id='line_1_87' title="bbox 116 4027 174 4056; baseline -0.017 1"><span class='ocrx_word' id='word_1_637' title='bbox 116 4029 127 4037; x_wconf 60' lang='lat'>&#39;⁹</span> <span class='ocrx_word' id='word_1_638' title='bbox 159 4027 174 4056; x_wconf 76' lang='lat' dir='ltr'><em>P</em></span> 
     </span>
    </p>
   </div>
   <div class='ocr_carea' id='block_1_10' title="bbox 65 4007 1270 4094">
    <p class='ocr_par' dir='ltr' id='par_1_36' title="bbox 65 4007 1270 4094">
     <span class='ocr_line' id='line_1_88' title="bbox 65 4007 1270 4054; baseline 0.01 -21"><span class='ocrx_word' id='word_1_639' title='bbox 65 4024 96 4047; x_wconf 28' lang='lat' dir='ltr'>E*</span> <span class='ocrx_word' id='word_1_640' title='bbox 116 4040 141 4054; x_wconf 27' lang='lat'>3·</span> <span class='ocrx_word' id='word_1_641' title='bbox 179 4042 184 4046; x_wconf 43' lang='grc'><strong>,</strong></span> <span class='ocrx_word' id='word_1_642' title='bbox 309 4007 491 4045; x_wconf 80' lang='lat' dir='ltr'>Praecipimus</span> <span class='ocrx_word' id='word_1_643' title='bbox 503 4010 570 4048; x_wconf 83' lang='lat' dir='ltr'>tibi,</span> <span class='ocrx_word' id='word_1_644' title='bbox 586 4012 702 4044; x_wconf 86' lang='lat' dir='ltr'>firmiter</span> <span class='ocrx_word' id='word_1_645' title='bbox 714 4015 910 4053; x_wconf 83' lang='lat' dir='ltr'>injungentes,</span> <span class='ocrx_word' id='word_1_646' title='bbox 926 4014 1008 4053; x_wconf 72' lang='lat' dir='ltr'>quod</span> <span class='ocrx_word' id='word_1_647' title='bbox 1022 4015 1078 4046; x_wconf 86' lang='lat' dir='ltr'>illas</span> <span class='ocrx_word' id='word_1_648' title='bbox 1086 4014 1167 4046; x_wconf 81' lang='lat' dir='ltr'>Duas</span> <span class='ocrx_word' id='word_1_649' title='bbox 1178 4014 1270 4046; x_wconf 87' lang='lat' dir='ltr'>Gros-</span> 
     </span>
     <span class='ocr_line' id='line_1_89' title="bbox 67 4046 415 4094; baseline 0.011 -10"><span class='ocrx_word' id='word_1_650' title='bbox 67 4067 75 4083; x_wconf 85' lang='grc' dir='ltr'><strong><em>ι</em></strong></span> <span class='ocrx_word' id='word_1_651' title='bbox 85 4080 89 4085; x_wconf 95' lang='grc'><em>.</em></span> <span class='ocrx_word' id='word_1_652' title='bbox 99 4067 134 4086; x_wconf 77' lang='lat' dir='ltr'>m.</span> <span class='ocrx_word' id='word_1_653' title='bbox 146 4067 190 4094; x_wconf 84' lang='lat'>32.</span> <span class='ocrx_word' id='word_1_654' title='bbox 214 4046 252 4078; x_wconf 66' lang='lat' dir='ltr'>sas</span> <span class='ocrx_word' id='word_1_655' title='bbox 267 4046 415 4086; x_wconf 60' lang='lat' dir='ltr'>Qffl&#39;cuss</span> 
     </span>
    </p>
   </div>
   <div class='ocr_carea' id='block_1_11' title="bbox 663 144 1469 197">
    <p class='ocr_par' dir='ltr' id='par_1_37' title="bbox 663 144 1469 197">
     <span class='ocr_line' id='line_1_90' title="bbox 663 144 1469 197; baseline -0.006 -6"><span class='ocrx_word' id='word_1_656' title='bbox 663 144 1469 197; x_wconf 46' lang='lat' dir='ltr'>coNVENTioNEQ</span> 
     </span>
    </p>
   </div>
   <div class='ocr_carea' id='block_1_12' title="bbox 1528 146 1917 198">
    <p class='ocr_par' dir='ltr' id='par_1_38' title="bbox 1528 146 1917 198">
     <span class='ocr_line' id='line_1_91' title="bbox 1528 146 1917 198; baseline 0.003 -12"><span class='ocrx_word' id='word_1_657' title='bbox 1528 146 1917 198; x_wconf 84' lang='lat' dir='ltr'>LITERAE,</span> 
     </span>
    </p>
   </div>
   <div class='ocr_carea' id='block_1_13' title="bbox 1306 226 2512 657">
    <p class='ocr_par' dir='ltr' id='par_1_39' title="bbox 1306 226 2512 385">
     <span class='ocr_line' id='line_1_92' title="bbox 1344 226 2512 278; baseline 0.003 -16"><span class='ocrx_word' id='word_1_658' title='bbox 1344 230 1442 278; x_wconf 82' lang='lat' dir='ltr'>Qas,</span> <span class='ocrx_word' id='word_1_659' title='bbox 1460 230 1592 262; x_wconf 69' lang='lat' dir='ltr'>Diletstus</span> <span class='ocrx_word' id='word_1_660' title='bbox 1612 232 1646 263; x_wconf 87' lang='lat'>&amp;</span> <span class='ocrx_word' id='word_1_661' title='bbox 1669 231 1770 262; x_wconf 86' lang='lat' dir='ltr'>Fidelis</span> <span class='ocrx_word' id='word_1_662' title='bbox 1793 231 1906 269; x_wconf 83' lang='lat' dir='ltr'>noster,</span> <span class='ocrx_word' id='word_1_663' title='bbox 1921 229 2065 270; x_wconf 69' lang='lat' dir='ltr'>johanne&lt;</span> <span class='ocrx_word' id='word_1_664' title='bbox 2077 233 2113 263; x_wconf 88' lang='lat' dir='ltr'>de</span> <span class='ocrx_word' id='word_1_665' title='bbox 2127 233 2289 273; x_wconf 65' lang='lat' dir='ltr'>Wareima,</span> <span class='ocrx_word' id='word_1_666' title='bbox 2307 233 2372 266; x_wconf 72' lang='lat' dir='ltr'>Co-</span> <span class='ocrx_word' id='word_1_667' title='bbox 2381 226 2455 258; x_wconf 59' lang='lat'>‘&#39;151‘2-</span> <span class='ocrx_word' id='word_1_668' title='bbox 2469 228 2512 259; x_wconf 91' lang='lat' dir='ltr'>D-</span> 
     </span>
     <span class='ocr_line' id='line_1_93' title="bbox 1306 269 2495 312; baseline 0.006 -13"><span class='ocrx_word' id='word_1_669' title='bbox 1306 279 1367 300; x_wconf 84' lang='lat' dir='ltr'>mes</span> <span class='ocrx_word' id='word_1_670' title='bbox 1379 271 1498 308; x_wconf 79' lang='lat' dir='ltr'>burriae,</span> <span class='ocrx_word' id='word_1_671' title='bbox 1517 271 1545 300; x_wconf 84' lang='lat' dir='ltr'>iri</span> <span class='ocrx_word' id='word_1_672' title='bbox 1559 269 1673 300; x_wconf 63' lang='lat' dir='ltr'>foresti</span> <span class='ocrx_word' id='word_1_673' title='bbox 1686 270 1732 300; x_wconf 69' lang='lat' dir='ltr'>sua</span> <span class='ocrx_word' id='word_1_674' title='bbox 1747 270 1783 301; x_wconf 85' lang='lat' dir='ltr'>de</span> <span class='ocrx_word' id='word_1_675' title='bbox 1797 271 1927 308; x_wconf 76' lang='lat' dir='ltr'>Werch,</span> <span class='ocrx_word' id='word_1_676' title='bbox 1945 281 1998 308; x_wconf 90' lang='lat' dir='ltr'>pro</span> <span class='ocrx_word' id='word_1_677' title='bbox 2014 271 2107 311; x_wconf 73' lang='lat' dir='ltr'>Virgis</span> <span class='ocrx_word' id='word_1_678' title='bbox 2120 272 2265 309; x_wconf 69' lang='lat' dir='ltr'>cuiusdam</span> <span class='ocrx_word' id='word_1_679' title='bbox 2285 273 2370 312; x_wconf 72' lang='lat' dir='ltr'>Mag·</span> <span class='ocrx_word' id='word_1_680' title='bbox 2411 275 2495 312; x_wconf 55' lang='lat'>5537-</span> 
     </span>
     <span class='ocr_line' id='line_1_94' title="bbox 1307 308 2492 349; baseline 0.003 -11"><span class='ocrx_word' id='word_1_681' title='bbox 1307 310 1337 338; x_wconf 88' lang='lat' dir='ltr'>ni</span> <span class='ocrx_word' id='word_1_682' title='bbox 1357 308 1465 346; x_wconf 85' lang='lat' dir='ltr'>Ingenii</span> <span class='ocrx_word' id='word_1_683' title='bbox 1485 308 1592 347; x_wconf 82' lang='lat' dir='ltr'>nostri,</span> <span class='ocrx_word' id='word_1_684' title='bbox 1610 310 1641 339; x_wconf 90' lang='lat' dir='ltr'>in</span> <span class='ocrx_word' id='word_1_685' title='bbox 1660 308 1749 339; x_wconf 89' lang='lat' dir='ltr'>Turri</span> <span class='ocrx_word' id='word_1_686' title='bbox 1772 308 1868 340; x_wconf 58' lang='lat' dir='ltr'>nostri</span> <span class='ocrx_word' id='word_1_687' title='bbox 1894 308 2056 340; x_wconf 72' lang='lat' dir='ltr'>Londoniae</span> <span class='ocrx_word' id='word_1_688' title='bbox 2071 310 2228 349; x_wconf 65' lang='lat' dir='ltr'>existentis,</span> <span class='ocrx_word' id='word_1_689' title='bbox 2245 311 2312 342; x_wconf 76' lang='lat' dir='ltr'>inde</span> <span class='ocrx_word' id='word_1_690' title='bbox 2330 314 2369 342; x_wconf 76' lang='lat' dir='ltr'>fa·</span> <span class='ocrx_word' id='word_1_691' title='bbox 2382 311 2447 334; x_wconf 44' lang='lat' dir='ltr'>“-n&#39;ss</span> <span class='ocrx_word' id='word_1_692' title='bbox 2470 318 2492 341; x_wconf 78' lang='lat'>3-</span> 
     </span>
     <span class='ocr_line' id='line_1_95' title="bbox 1307 346 1636 385; baseline 0.009 -9"><span class='ocrx_word' id='word_1_693' title='bbox 1307 346 1431 385; x_wconf 80' lang='lat' dir='ltr'>ciendis,</span> <span class='ocrx_word' id='word_1_694' title='bbox 1449 348 1531 378; x_wconf 89' lang='lat' dir='ltr'>nobis</span> <span class='ocrx_word' id='word_1_695' title='bbox 1543 347 1636 385; x_wconf 83' lang='lat' dir='ltr'>dedit,</span> 
     </span>
    </p>

    <p class='ocr_par' dir='ltr' id='par_1_40' title="bbox 1308 384 2369 464">
     <span class='ocr_line' id='line_1_96' title="bbox 1345 384 2369 424; baseline 0.003 -9"><span class='ocrx_word' id='word_1_696' title='bbox 1345 384 1373 414; x_wconf 94' lang='lat' dir='ltr'><strong>A</strong></span> <span class='ocrx_word' id='word_1_697' title='bbox 1388 386 1505 423; x_wconf 80' lang='lat' dir='ltr'>praefato</span> <span class='ocrx_word' id='word_1_698' title='bbox 1521 384 1639 416; x_wconf 84' lang='lat' dir='ltr'>Comite</span> <span class='ocrx_word' id='word_1_699' title='bbox 1655 386 1786 424; x_wconf 77' lang='lat' dir='ltr'>recipias,</span> <span class='ocrx_word' id='word_1_700' title='bbox 1803 386 1836 416; x_wconf 64' lang='grc' dir='ltr'>ὃ(</span> <span class='ocrx_word' id='word_1_701' title='bbox 1852 385 1906 415; x_wconf 78' lang='lat' dir='ltr'>Eas</span> <span class='ocrx_word' id='word_1_702' title='bbox 1921 386 2008 424; x_wconf 87' lang='lat' dir='ltr'>usque</span> <span class='ocrx_word' id='word_1_703' title='bbox 2021 385 2140 416; x_wconf 84' lang='lat' dir='ltr'>Turrim</span> <span class='ocrx_word' id='word_1_704' title='bbox 2154 387 2317 424; x_wconf 55' lang='lat' dir='ltr'>mamistam</span> <span class='ocrx_word' id='word_1_705' title='bbox 2334 389 2369 420; x_wconf 82' lang='lat' dir='ltr'>ad</span> 
     </span>
     <span class='ocr_line' id='line_1_97' title="bbox 1308 423 2369 464; baseline 0.005 -12"><span class='ocrx_word' id='word_1_706' title='bbox 1308 423 1391 454; x_wconf 76' lang='lat' dir='ltr'>citius</span> <span class='ocrx_word' id='word_1_707' title='bbox 1426 434 1485 461; x_wconf 91' lang='lat' dir='ltr'>quo</span> <span class='ocrx_word' id='word_1_708' title='bbox 1501 425 1661 456; x_wconf 79' lang='lat' dir='ltr'>commode</span> <span class='ocrx_word' id='word_1_709' title='bbox 1676 423 1735 455; x_wconf 86' lang='lat' dir='ltr'>fieri</span> <span class='ocrx_word' id='word_1_710' title='bbox 1749 425 1979 464; x_wconf 31' lang='lat' dir='ltr'>poterit„cariari</span> <span class='ocrx_word' id='word_1_711' title='bbox 1992 424 2092 463; x_wconf 79' lang='lat' dir='ltr'>facias,</span> <span class='ocrx_word' id='word_1_712' title='bbox 2109 425 2226 457; x_wconf 70' lang='lat' dir='ltr'>Dilec‘to</span> <span class='ocrx_word' id='word_1_713' title='bbox 2239 427 2272 457; x_wconf 85' lang='lat'>&amp;</span> <span class='ocrx_word' id='word_1_714' title='bbox 2288 427 2369 458; x_wconf 82' lang='lat' dir='ltr'>Fide-</span> 
     </span>
    </p>

    <p class='ocr_par' dir='ltr' id='par_1_41' title="bbox 1308 446 2371 540">
     <span class='ocr_line' id='line_1_98' title="bbox 1308 446 2371 505; baseline 0.006 -15"><span class='ocrx_word' id='word_1_715' title='bbox 1308 460 1328 504; x_wconf 80' lang='lat' dir='ltr'>li</span> <span class='ocrx_word' id='word_1_716' title='bbox 1340 446 1460 505; x_wconf 20' lang='lat' dir='ltr'>noffrot,</span> <span class='ocrx_word' id='word_1_717' title='bbox 1478 462 1624 494; x_wconf 87' lang='lat' dir='ltr'>Nicholao</span> <span class='ocrx_word' id='word_1_718' title='bbox 1637 463 1674 493; x_wconf 90' lang='lat' dir='ltr'>de</span> <span class='ocrx_word' id='word_1_719' title='bbox 1689 463 1715 492; x_wconf 89' lang='lat' dir='ltr'>la</span> <span class='ocrx_word' id='word_1_720' title='bbox 1728 462 1838 501; x_wconf 87' lang='lat' dir='ltr'>Beche,</span> <span class='ocrx_word' id='word_1_721' title='bbox 1855 463 2074 493; x_wconf 80' lang='lat' dir='ltr'>Constabulario</span> <span class='ocrx_word' id='word_1_722' title='bbox 2088 464 2188 494; x_wconf 79' lang='lat' dir='ltr'>Turris</span> <span class='ocrx_word' id='word_1_723' title='bbox 2209 464 2352 502; x_wconf 67' lang='lat' dir='ltr'>praedistae</span> <span class='ocrx_word' id='word_1_724' title='bbox 2360 489 2371 505; x_wconf 91' lang='lat'>,</span> 
     </span>
     <span class='ocr_line' id='line_1_99' title="bbox 1309 499 2031 540; baseline 0.004 -11"><span class='ocrx_word' id='word_1_725' title='bbox 1309 499 1414 530; x_wconf 90' lang='lat' dir='ltr'>ibidem</span> <span class='ocrx_word' id='word_1_726' title='bbox 1429 499 1594 540; x_wconf 69' lang='lat' dir='ltr'>liberandis,</span> <span class='ocrx_word' id='word_1_727' title='bbox 1610 503 1645 533; x_wconf 91' lang='lat'>&amp;</span> <span class='ocrx_word' id='word_1_728' title='bbox 1657 502 1715 532; x_wconf 92' lang='lat' dir='ltr'>hoc</span> <span class='ocrx_word' id='word_1_729' title='bbox 1728 501 1884 532; x_wconf 80' lang='lat' dir='ltr'>nullatenus</span> <span class='ocrx_word' id='word_1_730' title='bbox 1899 503 2031 539; x_wconf 73' lang='lat' dir='ltr'>omittas,</span> 
     </span>
    </p>

    <p class='ocr_par' dir='ltr' id='par_1_42' title="bbox 1309 536 2371 615">
     <span class='ocr_line' id='line_1_100' title="bbox 1325 536 2371 582; baseline 0.005 -14"><span class='ocrx_word' id='word_1_731' title='bbox 1325 576 1331 582; x_wconf 32' lang='lat'><em>⁶</em></span> <span class='ocrx_word' id='word_1_732' title='bbox 1345 536 1386 581; x_wconf 69' lang='lat' dir='ltr'>Et</span> <span class='ocrx_word' id='word_1_733' title='bbox 1398 537 1522 578; x_wconf 79' lang='lat' dir='ltr'>CustuS,</span> <span class='ocrx_word' id='word_1_734' title='bbox 1538 549 1611 577; x_wconf 89' lang='lat' dir='ltr'>quos</span> <span class='ocrx_word' id='word_1_735' title='bbox 1625 542 1654 570; x_wconf 90' lang='lat' dir='ltr'>in</span> <span class='ocrx_word' id='word_1_736' title='bbox 1667 540 1720 571; x_wconf 90' lang='lat' dir='ltr'>hac</span> <span class='ocrx_word' id='word_1_737' title='bbox 1734 548 1811 579; x_wconf 86' lang='lat' dir='ltr'>parte</span> <span class='ocrx_word' id='word_1_738' title='bbox 1830 540 2004 580; x_wconf 89' lang='lat' dir='ltr'>apposueris,</span> <span class='ocrx_word' id='word_1_739' title='bbox 2021 549 2093 571; x_wconf 90' lang='lat' dir='ltr'>cum</span> <span class='ocrx_word' id='word_1_740' title='bbox 2112 539 2173 570; x_wconf 84' lang='lat' dir='ltr'>illos</span> <span class='ocrx_word' id='word_1_741' title='bbox 2193 541 2371 581; x_wconf 79' lang='lat' dir='ltr'>sciverimus,</span> 
     </span>
     <span class='ocr_line' id='line_1_101' title="bbox 1309 575 1926 615; baseline 0.003 -8"><span class='ocrx_word' id='word_1_742' title='bbox 1309 576 1363 607; x_wconf 82' lang='lat' dir='ltr'>tibi</span> <span class='ocrx_word' id='word_1_743' title='bbox 1378 585 1408 605; x_wconf 87' lang='lat' dir='ltr'>m</span> <span class='ocrx_word' id='word_1_744' title='bbox 1424 575 1575 615; x_wconf 88' lang='lat' dir='ltr'>Compoto</span> <span class='ocrx_word' id='word_1_745' title='bbox 1591 587 1643 609; x_wconf 90' lang='lat' dir='ltr'>tuo</span> <span class='ocrx_word' id='word_1_746' title='bbox 1658 579 1769 609; x_wconf 82' lang='lat' dir='ltr'>allocari</span> <span class='ocrx_word' id='word_1_747' title='bbox 1784 580 1926 609; x_wconf 81' lang='lat' dir='ltr'>faciemus.</span> 
     </span>
    </p>

    <p class='ocr_par' dir='ltr' id='par_1_43' title="bbox 1346 613 2279 657">
     <span class='ocr_line' id='line_1_102' title="bbox 1346 613 2279 657; baseline 0.004 -12"><span class='ocrx_word' id='word_1_748' title='bbox 1346 613 1439 645; x_wconf 84' lang='lat' dir='ltr'>Teste</span> <span class='ocrx_word' id='word_1_749' title='bbox 1452 614 1535 655; x_wconf 86' lang='lat' dir='ltr'>Rege</span> <span class='ocrx_word' id='word_1_750' title='bbox 1548 616 1623 655; x_wconf 80' lang='lat' dir='ltr'>apud</span> <span class='ocrx_word' id='word_1_751' title='bbox 1635 617 1922 649; x_wconf 86' lang='lat' dir='ltr'>Westmonasteriutn</span> <span class='ocrx_word' id='word_1_752' title='bbox 1929 640 1940 657; x_wconf 86' lang='lat'>,</span> <span class='ocrx_word' id='word_1_753' title='bbox 1957 617 2094 650; x_wconf 90' lang='lat' dir='ltr'>vicesimo</span> <span class='ocrx_word' id='word_1_754' title='bbox 2108 617 2155 649; x_wconf 87' lang='lat' dir='ltr'>die</span> <span class='ocrx_word' id='word_1_755' title='bbox 2173 617 2279 649; x_wconf 87' lang='lat' dir='ltr'>Martii.</span> 
     </span>
    </p>
   </div>
   <div class='ocr_carea' id='block_1_14' title="bbox 2002 693 2267 734">
    <p class='ocr_par' dir='ltr' id='par_1_44' title="bbox 2002 693 2267 734">
     <span class='ocr_line' id='line_1_103' title="bbox 2002 693 2267 734; baseline 0 -9"><span class='ocrx_word' id='word_1_756' title='bbox 2002 697 2057 725; x_wconf 83' lang='lat' dir='ltr'>Per</span> <span class='ocrx_word' id='word_1_757' title='bbox 2068 693 2149 734; x_wconf 66' lang='lat' dir='ltr'>ipfima</span> <span class='ocrx_word' id='word_1_758' title='bbox 2162 697 2267 733; x_wconf 84' lang='lat' dir='ltr'>Regem.</span> 
     </span>
    </p>
   </div>
   <div class='ocr_carea' id='block_1_15' title="bbox 1489 813 2182 865">
    <p class='ocr_par' dir='ltr' id='par_1_45' title="bbox 1489 813 2182 865">
     <span class='ocr_line' id='line_1_104' title="bbox 1489 813 2182 865; baseline 0.007 -18"><span class='ocrx_word' id='word_1_759' title='bbox 1489 813 1548 848; x_wconf 84' lang='lat' dir='ltr'>Ad</span> <span class='ocrx_word' id='word_1_760' title='bbox 1562 817 1698 862; x_wconf 77' lang='lat' dir='ltr'>Papam,</span> <span class='ocrx_word' id='word_1_761' title='bbox 1715 815 1806 863; x_wconf 75' lang='lat' dir='ltr'>fhper</span> <span class='ocrx_word' id='word_1_762' title='bbox 1826 817 2047 865; x_wconf 81' lang='lat' dir='ltr'>Dispensatione</span> <span class='ocrx_word' id='word_1_763' title='bbox 2063 830 2084 851; x_wconf 90' lang='lat' dir='ltr'>a</span> <span class='ocrx_word' id='word_1_764' title='bbox 2100 820 2182 852; x_wconf 77' lang='lat' dir='ltr'>Vota.</span> 
     </span>
    </p>
   </div>
   <div class='ocr_carea' id='block_1_16' title="bbox 1301 896 2516 2408">
    <p class='ocr_par' dir='ltr' id='par_1_46' title="bbox 1306 896 2516 1092">
     <span class='ocr_line' id='line_1_105' title="bbox 1357 896 2516 938; baseline 0.007 -9"><span class='ocrx_word' id='word_1_765' title='bbox 1357 897 1454 930; x_wconf 85' lang='lat' dir='ltr'>APAE</span> <span class='ocrx_word' id='word_1_766' title='bbox 1470 899 1554 938; x_wconf 84' lang='lat' dir='ltr'>Rex,</span> <span class='ocrx_word' id='word_1_767' title='bbox 1571 901 1633 932; x_wconf 90' lang='lat' dir='ltr'>&amp;c.</span> <span class='ocrx_word' id='word_1_768' title='bbox 2382 896 2460 928; x_wconf 66' lang='lat' dir='ltr'>Arm·</span> <span class='ocrx_word' id='word_1_769' title='bbox 2473 897 2516 929; x_wconf 88' lang='lat' dir='ltr'>D·</span> 
     </span>
     <span class='ocr_line' id='line_1_106' title="bbox 1390 936 2497 982; baseline 0.006 -14"><span class='ocrx_word' id='word_1_770' title='bbox 1390 936 1611 975; x_wconf 89' lang='lat' dir='ltr'>Dispensationis</span> <span class='ocrx_word' id='word_1_771' title='bbox 1634 938 1810 978; x_wconf 83' lang='lat' dir='ltr'>Apostolicae</span> <span class='ocrx_word' id='word_1_772' title='bbox 1824 939 1984 972; x_wconf 84' lang='lat' dir='ltr'>moderatio</span> <span class='ocrx_word' id='word_1_773' title='bbox 1997 941 2216 982; x_wconf 66' lang='lat' dir='ltr'>circumspesta,</span> <span class='ocrx_word' id='word_1_774' title='bbox 2234 941 2369 975; x_wconf 84' lang='lat' dir='ltr'>Persona·</span> <span class='ocrx_word' id='word_1_775' title='bbox 2412 945 2497 977; x_wconf 83' lang='lat'>1337-</span> 
     </span>
     <span class='ocr_line' id='line_1_107' title="bbox 1306 976 2495 1019; baseline 0.006 -12"><span class='ocrx_word' id='word_1_776' title='bbox 1306 985 1372 1019; x_wconf 81' lang='lat' dir='ltr'>rum</span> <span class='ocrx_word' id='word_1_777' title='bbox 1384 976 1418 1008; x_wconf 91' lang='lat'>&amp;</span> <span class='ocrx_word' id='word_1_778' title='bbox 1435 976 1622 1016; x_wconf 88' lang='lat' dir='ltr'>Temporum</span> <span class='ocrx_word' id='word_1_779' title='bbox 1635 979 1689 1010; x_wconf 77' lang='lat' dir='ltr'>rite</span> <span class='ocrx_word' id='word_1_780' title='bbox 1702 978 1850 1010; x_wconf 88' lang='lat' dir='ltr'>discutiens</span> <span class='ocrx_word' id='word_1_781' title='bbox 1866 979 2027 1019; x_wconf 73' lang='lat' dir='ltr'>qualitates,</span> <span class='ocrx_word' id='word_1_782' title='bbox 2064 981 2094 1011; x_wconf 86' lang='lat' dir='ltr'>iis</span> <span class='ocrx_word' id='word_1_783' title='bbox 2108 981 2296 1013; x_wconf 91' lang='lat' dir='ltr'>Devotorum</span> <span class='ocrx_word' id='word_1_784' title='bbox 2313 993 2368 1014; x_wconf 87' lang='lat' dir='ltr'>vo·</span> <span class='ocrx_word' id='word_1_785' title='bbox 2383 978 2435 1004; x_wconf 68' lang='lat'>²²⁷¹·</span> <span class='ocrx_word' id='word_1_786' title='bbox 2454 986 2495 1004; x_wconf 93' lang='lat'>¹¹·</span> 
     </span>
     <span class='ocr_line' id='line_1_108' title="bbox 1306 1014 2459 1060; baseline 0.008 -16"><span class='ocrx_word' id='word_1_787' title='bbox 1306 1021 1341 1044; x_wconf 90' lang='lat' dir='ltr'>tis</span> <span class='ocrx_word' id='word_1_788' title='bbox 1355 1014 1425 1046; x_wconf 87' lang='lat' dir='ltr'>solet</span> <span class='ocrx_word' id='word_1_789' title='bbox 1439 1015 1594 1047; x_wconf 79' lang='lat' dir='ltr'>clementer</span> <span class='ocrx_word' id='word_1_790' title='bbox 1607 1026 1747 1057; x_wconf 85' lang='lat' dir='ltr'>annuere,</span> <span class='ocrx_word' id='word_1_791' title='bbox 1764 1027 1828 1057; x_wconf 87' lang='lat' dir='ltr'>quae</span> <span class='ocrx_word' id='word_1_792' title='bbox 1849 1017 2024 1050; x_wconf 85' lang='lat' dir='ltr'>securitatem</span> <span class='ocrx_word' id='word_1_793' title='bbox 2093 1029 2228 1060; x_wconf 89' lang='lat' dir='ltr'>rporum,</span> <span class='ocrx_word' id='word_1_794' title='bbox 2245 1022 2279 1053; x_wconf 88' lang='lat'>&amp;</span> <span class='ocrx_word' id='word_1_795' title='bbox 2299 1021 2367 1053; x_wconf 86' lang='lat' dir='ltr'>salu·</span> <span class='ocrx_word' id='word_1_796' title='bbox 2384 1017 2410 1044; x_wconf 76' lang='lat' dir='ltr'>E,</span> <span class='ocrx_word' id='word_1_797' title='bbox 2433 1024 2459 1052; x_wconf 86' lang='lat'>3·</span> 
     </span>
     <span class='ocr_line' id='line_1_109' title="bbox 1306 1054 2513 1092; baseline 0.006 -9"><span class='ocrx_word' id='word_1_798' title='bbox 1306 1061 1366 1084; x_wconf 90' lang='lat' dir='ltr'>tem</span> <span class='ocrx_word' id='word_1_799' title='bbox 1380 1054 1530 1092; x_wconf 83' lang='lat' dir='ltr'>respiciunt</span> <span class='ocrx_word' id='word_1_800' title='bbox 1545 1054 1724 1087; x_wconf 87' lang='lat' dir='ltr'>Animarum.</span> <span class='ocrx_word' id='word_1_801' title='bbox 2384 1057 2454 1080; x_wconf 80' lang='lat' dir='ltr'>Rom.</span> <span class='ocrx_word' id='word_1_802' title='bbox 2472 1060 2513 1081; x_wconf 85' lang='lat'>¹¹·</span> 
     </span>
    </p>

    <p class='ocr_par' dir='ltr' id='par_1_47' title="bbox 1304 1091 2500 1442">
     <span class='ocr_line' id='line_1_110' title="bbox 1344 1091 2500 1138; baseline 0.004 -15"><span class='ocrx_word' id='word_1_803' title='bbox 1344 1091 1435 1136; x_wconf 69' lang='lat' dir='ltr'>Sane,</span> <span class='ocrx_word' id='word_1_804' title='bbox 1453 1092 1584 1126; x_wconf 66' lang='lat' dir='ltr'>Diiettus</span> <span class='ocrx_word' id='word_1_805' title='bbox 1602 1095 1637 1127; x_wconf 91' lang='lat'><strong>&amp;</strong></span> <span class='ocrx_word' id='word_1_806' title='bbox 1658 1094 1760 1126; x_wconf 88' lang='lat' dir='ltr'>Fidelis</span> <span class='ocrx_word' id='word_1_807' title='bbox 1780 1094 1894 1133; x_wconf 88' lang='lat' dir='ltr'>noster,</span> <span class='ocrx_word' id='word_1_808' title='bbox 1917 1094 2140 1127; x_wconf 87' lang='lat' dir='ltr'>Bartholomaeus</span> <span class='ocrx_word' id='word_1_809' title='bbox 2157 1095 2194 1128; x_wconf 89' lang='lat' dir='ltr'>de</span> <span class='ocrx_word' id='word_1_810' title='bbox 2213 1097 2369 1138; x_wconf 81' lang='lat' dir='ltr'>Burghersh</span> <span class='ocrx_word' id='word_1_811' title='bbox 2388 1096 2416 1119; x_wconf 76' lang='grc' dir='ltr'>Ε·</span> <span class='ocrx_word' id='word_1_812' title='bbox 2430 1101 2500 1128; x_wconf 63' lang='lat'>3³⁷7*-</span> 
     </span>
     <span class='ocr_line' id='line_1_111' title="bbox 1306 1129 2418 1176; baseline 0.006 -15"><span class='ocrx_word' id='word_1_813' title='bbox 1306 1129 1410 1171; x_wconf 88' lang='lat' dir='ltr'>Miles,</span> <span class='ocrx_word' id='word_1_814' title='bbox 1427 1131 1608 1172; x_wconf 83' lang='lat' dir='ltr'>Germanus,</span> <span class='ocrx_word' id='word_1_815' title='bbox 1626 1132 1800 1164; x_wconf 86' lang='lat' dir='ltr'>Venerabilis</span> <span class='ocrx_word' id='word_1_816' title='bbox 1814 1133 1919 1172; x_wconf 88' lang='lat' dir='ltr'>Patris,</span> <span class='ocrx_word' id='word_1_817' title='bbox 1938 1133 2062 1164; x_wconf 89' lang='lat' dir='ltr'>Domini</span> <span class='ocrx_word' id='word_1_818' title='bbox 2077 1134 2282 1168; x_wconf 89' lang='lat' dir='ltr'>Lineolniensis</span> <span class='ocrx_word' id='word_1_819' title='bbox 2301 1137 2371 1176; x_wconf 87' lang='lat' dir='ltr'>Epi-</span> <span class='ocrx_word' id='word_1_820' title='bbox 2389 1140 2418 1168; x_wconf 88' lang='lat'>3·</span> 
     </span>
     <span class='ocr_line' id='line_1_112' title="bbox 1305 1168 2371 1214; baseline 0.007 -14"><span class='ocrx_word' id='word_1_821' title='bbox 1305 1168 1398 1208; x_wconf 87' lang='lat' dir='ltr'>scopi,</span> <span class='ocrx_word' id='word_1_822' title='bbox 1414 1171 1598 1202; x_wconf 84' lang='lat' dir='ltr'>arridentibus</span> <span class='ocrx_word' id='word_1_823' title='bbox 1622 1182 1710 1211; x_wconf 89' lang='lat' dir='ltr'>nuper</span> <span class='ocrx_word' id='word_1_824' title='bbox 1731 1174 1759 1202; x_wconf 88' lang='lat' dir='ltr'>in</span> <span class='ocrx_word' id='word_1_825' title='bbox 1781 1171 1888 1212; x_wconf 81' lang='lat' dir='ltr'>Regno</span> <span class='ocrx_word' id='word_1_826' title='bbox 1909 1172 2006 1203; x_wconf 84' lang='lat' dir='ltr'>nostro</span> <span class='ocrx_word' id='word_1_827' title='bbox 2027 1173 2218 1211; x_wconf 69' lang='lat' dir='ltr'>tranquilitatis</span> <span class='ocrx_word' id='word_1_828' title='bbox 2231 1178 2371 1214; x_wconf 89' lang='lat' dir='ltr'>tempori-</span> 
     </span>
     <span class='ocr_line' id='line_1_113' title="bbox 1305 1208 2370 1250; baseline 0.009 -13"><span class='ocrx_word' id='word_1_829' title='bbox 1305 1208 1374 1247; x_wconf 91' lang='lat' dir='ltr'>bus,</span> <span class='ocrx_word' id='word_1_830' title='bbox 1392 1211 1508 1247; x_wconf 89' lang='lat' dir='ltr'>cupiens</span> <span class='ocrx_word' id='word_1_831' title='bbox 1528 1209 1598 1241; x_wconf 90' lang='lat' dir='ltr'>Deo</span> <span class='ocrx_word' id='word_1_832' title='bbox 1618 1212 1731 1250; x_wconf 79' lang='lat' dir='ltr'>potius,</span> <span class='ocrx_word' id='word_1_833' title='bbox 1748 1212 1836 1250; x_wconf 69' lang='lat' dir='ltr'>quam</span> <span class='ocrx_word' id='word_1_834' title='bbox 1859 1211 1982 1249; x_wconf 91' lang='lat' dir='ltr'>Seculo,</span> <span class='ocrx_word' id='word_1_835' title='bbox 2000 1211 2136 1250; x_wconf 90' lang='lat' dir='ltr'>militare,</span> <span class='ocrx_word' id='word_1_836' title='bbox 2162 1211 2220 1242; x_wconf 86' lang='lat' dir='ltr'>sine</span> <span class='ocrx_word' id='word_1_837' title='bbox 2239 1213 2370 1247; x_wconf 51' lang='lat' dir='ltr'>Licentia</span> 
     </span>
     <span class='ocr_line' id='line_1_114' title="bbox 1304 1246 2369 1288; baseline 0.008 -12"><span class='ocrx_word' id='word_1_838' title='bbox 1304 1246 1349 1277; x_wconf 88' lang='lat' dir='ltr'>seu</span> <span class='ocrx_word' id='word_1_839' title='bbox 1365 1248 1487 1279; x_wconf 64' lang='lat' dir='ltr'>Scientii</span> <span class='ocrx_word' id='word_1_840' title='bbox 1502 1248 1608 1287; x_wconf 88' lang='lat' dir='ltr'>nostri,</span> <span class='ocrx_word' id='word_1_841' title='bbox 1628 1248 1752 1280; x_wconf 89' lang='lat' dir='ltr'>Domini</span> <span class='ocrx_word' id='word_1_842' title='bbox 1765 1249 1806 1280; x_wconf 91' lang='lat' dir='ltr'>sui</span> <span class='ocrx_word' id='word_1_843' title='bbox 1820 1249 2000 1288; x_wconf 87' lang='lat' dir='ltr'>Temporalis</span> <span class='ocrx_word' id='word_1_844' title='bbox 2013 1250 2071 1287; x_wconf 90' lang='lat' dir='ltr'>(cui</span> <span class='ocrx_word' id='word_1_845' title='bbox 2088 1259 2185 1288; x_wconf 87' lang='lat' dir='ltr'>parere</span> <span class='ocrx_word' id='word_1_846' title='bbox 2203 1259 2313 1284; x_wconf 90' lang='lat' dir='ltr'>tenetur</span> <span class='ocrx_word' id='word_1_847' title='bbox 2335 1263 2369 1285; x_wconf 83' lang='lat' dir='ltr'>ex</span> 
     </span>
     <span class='ocr_line' id='line_1_115' title="bbox 1306 1279 2476 1356; baseline 0.005 -41"><span class='ocrx_word' id='word_1_848' title='bbox 1306 1285 1404 1329; x_wconf 82' lang='lat' dir='ltr'>debito</span> <span class='ocrx_word' id='word_1_849' title='bbox 1418 1286 1713 1356; x_wconf 75' lang='lat' dir='ltr'>praestitidJuramenti)</span> <span class='ocrx_word' id='word_1_850' title='bbox 1741 1287 1853 1319; x_wconf 92' lang='lat' dir='ltr'>Votum</span> <span class='ocrx_word' id='word_1_851' title='bbox 1875 1290 1975 1327; x_wconf 85' lang='lat' dir='ltr'>vovit,</span> <span class='ocrx_word' id='word_1_852' title='bbox 1991 1288 2070 1327; x_wconf 82' lang='lat' dir='ltr'>quod</span> <span class='ocrx_word' id='word_1_853' title='bbox 2093 1288 2254 1320; x_wconf 88' lang='lat' dir='ltr'>Armaturas</span> <span class='ocrx_word' id='word_1_854' title='bbox 2271 1291 2291 1310; x_wconf 71' lang='lat'>*²</span> <span class='ocrx_word' id='word_1_855' title='bbox 2308 1301 2367 1324; x_wconf 90' lang='lat' dir='ltr'>non</span> <span class='ocrx_word' id='word_1_856' title='bbox 2386 1279 2401 1296; x_wconf 57' lang='lat'>⁸*</span> <span class='ocrx_word' id='word_1_857' title='bbox 2423 1279 2476 1308; x_wconf 75' lang='lat' dir='ltr'>W·</span> 
     </span>
     <span class='ocr_line' id='line_1_116' title="bbox 1304 1323 2452 1368; baseline 0.007 -15"><span class='ocrx_word' id='word_1_858' title='bbox 1304 1323 1447 1364; x_wconf 83' lang='lat' dir='ltr'>indueret,</span> <span class='ocrx_word' id='word_1_859' title='bbox 1466 1336 1521 1357; x_wconf 91' lang='lat' dir='ltr'>nec</span> <span class='ocrx_word' id='word_1_860' title='bbox 1552 1326 1671 1366; x_wconf 88' lang='lat' dir='ltr'>eferret,</span> <span class='ocrx_word' id='word_1_861' title='bbox 1685 1327 1832 1365; x_wconf 88' lang='lat' dir='ltr'>quousque</span> <span class='ocrx_word' id='word_1_862' title='bbox 1845 1326 2034 1365; x_wconf 81' lang='lat' dir='ltr'>Sepulchrum</span> <span class='ocrx_word' id='word_1_863' title='bbox 2048 1325 2259 1368; x_wconf 89' lang='lat' dir='ltr'>Dominicum,</span> <span class='ocrx_word' id='word_1_864' title='bbox 2270 1329 2304 1360; x_wconf 87' lang='lat'>&amp;</span> <span class='ocrx_word' id='word_1_865' title='bbox 2319 1330 2369 1361; x_wconf 89' lang='lat' dir='ltr'>Li-</span> <span class='ocrx_word' id='word_1_866' title='bbox 2387 1326 2452 1355; x_wconf 85' lang='lat'>739·</span> 
     </span>
     <span class='ocr_line' id='line_1_117' title="bbox 1306 1363 2369 1405; baseline 0.008 -13"><span class='ocrx_word' id='word_1_867' title='bbox 1306 1363 1382 1393; x_wconf 83' lang='lat' dir='ltr'>mina</span> <span class='ocrx_word' id='word_1_868' title='bbox 1400 1363 1496 1394; x_wconf 65' lang='lat' dir='ltr'>saneti</span> <span class='ocrx_word' id='word_1_869' title='bbox 1515 1364 1619 1403; x_wconf 89' lang='lat' dir='ltr'>Jacobi</span> <span class='ocrx_word' id='word_1_870' title='bbox 1633 1390 1643 1404; x_wconf 85' lang='lat'>,</span> <span class='ocrx_word' id='word_1_871' title='bbox 1668 1365 1816 1405; x_wconf 75' lang='lat' dir='ltr'>visitasset,</span> <span class='ocrx_word' id='word_1_872' title='bbox 1840 1366 1886 1397; x_wconf 89' lang='lat' dir='ltr'>vel</span> <span class='ocrx_word' id='word_1_873' title='bbox 1906 1375 1976 1396; x_wconf 91' lang='lat' dir='ltr'>cum</span> <span class='ocrx_word' id='word_1_874' title='bbox 1995 1366 2121 1397; x_wconf 76' lang='lat' dir='ltr'>inimicis</span> <span class='ocrx_word' id='word_1_875' title='bbox 2140 1364 2243 1398; x_wconf 80' lang='lat' dir='ltr'>Crucis</span> <span class='ocrx_word' id='word_1_876' title='bbox 2262 1366 2369 1400; x_wconf 88' lang='lat' dir='ltr'>Christi</span> 
     </span>
     <span class='ocr_line' id='line_1_118' title="bbox 1304 1401 1634 1442; baseline 0.009 -11"><span class='ocrx_word' id='word_1_877' title='bbox 1304 1401 1448 1442; x_wconf 64' lang='lat' dir='ltr'>astiialitei·</span> <span class='ocrx_word' id='word_1_878' title='bbox 1459 1402 1634 1441; x_wconf 78' lang='lat' dir='ltr'>dimicasset,</span> 
     </span>
    </p>

    <p class='ocr_par' dir='ltr' id='par_1_48' title="bbox 1304 1440 2371 1597">
     <span class='ocr_line' id='line_1_119' title="bbox 1341 1440 2371 1482; baseline 0.005 -11"><span class='ocrx_word' id='word_1_879' title='bbox 1341 1440 1501 1480; x_wconf 59' lang='lat' dir='ltr'>Didiusque</span> <span class='ocrx_word' id='word_1_880' title='bbox 1523 1441 1749 1473; x_wconf 71' lang='lat' dir='ltr'>Bartholomaeus</span> <span class='ocrx_word' id='word_1_881' title='bbox 1763 1467 1773 1480; x_wconf 84' lang='lat'>,</span> <span class='ocrx_word' id='word_1_882' title='bbox 1800 1442 1837 1473; x_wconf 88' lang='lat' dir='ltr'>de</span> <span class='ocrx_word' id='word_1_883' title='bbox 1860 1441 2011 1482; x_wconf 75' lang='lat' dir='ltr'>Praecepto</span> <span class='ocrx_word' id='word_1_884' title='bbox 2030 1443 2130 1473; x_wconf 86' lang='lat' dir='ltr'>nostro</span> <span class='ocrx_word' id='word_1_885' title='bbox 2145 1468 2155 1481; x_wconf 85' lang='lat'>,</span> <span class='ocrx_word' id='word_1_886' title='bbox 2187 1453 2221 1475; x_wconf 91' lang='lat' dir='ltr'>ac</span> <span class='ocrx_word' id='word_1_887' title='bbox 2246 1444 2371 1477; x_wconf 87' lang='lat' dir='ltr'>diffinito</span> 
     </span>
     <span class='ocr_line' id='line_1_120' title="bbox 1304 1477 2371 1520; baseline 0.007 -12"><span class='ocrx_word' id='word_1_888' title='bbox 1304 1477 1484 1512; x_wconf 71' lang='lat' dir='ltr'>parliamenti</span> <span class='ocrx_word' id='word_1_889' title='bbox 1498 1480 1585 1511; x_wconf 84' lang='lat' dir='ltr'>nostri</span> <span class='ocrx_word' id='word_1_890' title='bbox 1601 1480 1749 1520; x_wconf 73' lang='lat' dir='ltr'>Commio,</span> <span class='ocrx_word' id='word_1_891' title='bbox 1766 1491 1836 1511; x_wconf 88' lang='lat' dir='ltr'>curn</span> <span class='ocrx_word' id='word_1_892' title='bbox 1849 1481 1907 1512; x_wconf 80' lang='lat' dir='ltr'>aliis</span> <span class='ocrx_word' id='word_1_893' title='bbox 1931 1481 2034 1511; x_wconf 81' lang='lat' dir='ltr'>nostris</span> <span class='ocrx_word' id='word_1_894' title='bbox 2053 1482 2210 1520; x_wconf 79' lang='lat' dir='ltr'>Fidelibus,</span> <span class='ocrx_word' id='word_1_895' title='bbox 2227 1483 2262 1514; x_wconf 88' lang='lat' dir='ltr'>ad</span> <span class='ocrx_word' id='word_1_896' title='bbox 2283 1493 2371 1520; x_wconf 73' lang='lat' dir='ltr'>partes</span> 
     </span>
     <span class='ocr_line' id='line_1_121' title="bbox 1306 1517 2370 1561; baseline 0.006 -13"><span class='ocrx_word' id='word_1_897' title='bbox 1306 1517 1332 1547; x_wconf 87' lang='lat' dir='ltr'>V</span> <span class='ocrx_word' id='word_1_898' title='bbox 1335 1517 1472 1558; x_wconf 79' lang='lat' dir='ltr'>asconiae,</span> <span class='ocrx_word' id='word_1_899' title='bbox 1490 1530 1544 1558; x_wconf 87' lang='lat' dir='ltr'>pro</span> <span class='ocrx_word' id='word_1_900' title='bbox 1564 1519 1726 1551; x_wconf 77' lang='lat' dir='ltr'>defeniione</span> <span class='ocrx_word' id='word_1_901' title='bbox 1744 1520 1849 1550; x_wconf 87' lang='lat' dir='ltr'>Gentis</span> <span class='ocrx_word' id='word_1_902' title='bbox 1868 1521 1901 1551; x_wconf 87' lang='lat'>&amp;</span> <span class='ocrx_word' id='word_1_903' title='bbox 1923 1519 2100 1551; x_wconf 79' lang='lat' dir='ltr'>Haercditatis</span> <span class='ocrx_word' id='word_1_904' title='bbox 2114 1520 2236 1559; x_wconf 71' lang='lat' dir='ltr'>nostrae,</span> <span class='ocrx_word' id='word_1_905' title='bbox 2249 1523 2309 1561; x_wconf 69' lang='lat' dir='ltr'>jam</span> <span class='ocrx_word' id='word_1_906' title='bbox 2329 1522 2370 1554; x_wconf 88' lang='lat' dir='ltr'>est</span> 
     </span>
     <span class='ocr_line' id='line_1_122' title="bbox 1304 1557 1666 1597; baseline 0.011 -12"><span class='ocrx_word' id='word_1_907' title='bbox 1304 1557 1459 1587; x_wconf 74' lang='lat' dir='ltr'>necessario</span> <span class='ocrx_word' id='word_1_908' title='bbox 1472 1558 1649 1595; x_wconf 68' lang='lat' dir='ltr'>profesturus</span> <span class='ocrx_word' id='word_1_909' title='bbox 1657 1583 1666 1597; x_wconf 86' lang='lat'>,</span> 
     </span>
    </p>

    <p class='ocr_par' dir='ltr' id='par_1_49' title="bbox 1302 1594 2371 1790">
     <span class='ocr_line' id='line_1_123' title="bbox 1327 1594 2370 1638; baseline 0.005 -13"><span class='ocrx_word' id='word_1_910' title='bbox 1327 1594 1380 1638; x_wconf 29' lang='lat' dir='ltr'>’Et</span> <span class='ocrx_word' id='word_1_911' title='bbox 1396 1597 1476 1635; x_wconf 84' lang='lat' dir='ltr'>quia,</span> <span class='ocrx_word' id='word_1_912' title='bbox 1494 1606 1609 1636; x_wconf 81' lang='lat' dir='ltr'>propter</span> <span class='ocrx_word' id='word_1_913' title='bbox 1623 1598 1704 1636; x_wconf 66' lang='lat' dir='ltr'>ipsius</span> <span class='ocrx_word' id='word_1_914' title='bbox 1717 1596 1914 1628; x_wconf 84' lang='lat' dir='ltr'>strenuitatem</span> <span class='ocrx_word' id='word_1_915' title='bbox 1929 1597 1962 1628; x_wconf 88' lang='lat'>&amp;</span> <span class='ocrx_word' id='word_1_916' title='bbox 1984 1596 2281 1637; x_wconf 71' lang='lat' dir='ltr'>circumspectionem</span> <span class='ocrx_word' id='word_1_917' title='bbox 2302 1609 2370 1638; x_wconf 89' lang='lat' dir='ltr'>pro-</span> 
     </span>
     <span class='ocr_line' id='line_1_124' title="bbox 1304 1633 2371 1676; baseline 0.007 -13"><span class='ocrx_word' id='word_1_918' title='bbox 1304 1633 1417 1672; x_wconf 83' lang='lat' dir='ltr'>vidam,</span> <span class='ocrx_word' id='word_1_919' title='bbox 1436 1637 1493 1673; x_wconf 77' lang='lat' dir='ltr'>ejus</span> <span class='ocrx_word' id='word_1_920' title='bbox 1513 1636 1647 1674; x_wconf 87' lang='lat' dir='ltr'>obsequia</span> <span class='ocrx_word' id='word_1_921' title='bbox 1664 1637 1727 1667; x_wconf 89' lang='lat' dir='ltr'>sunt</span> <span class='ocrx_word' id='word_1_922' title='bbox 1749 1637 1832 1667; x_wconf 91' lang='lat' dir='ltr'>nobis</span> <span class='ocrx_word' id='word_1_923' title='bbox 1853 1636 1976 1674; x_wconf 85' lang='lat' dir='ltr'>ibidem,</span> <span class='ocrx_word' id='word_1_924' title='bbox 1994 1637 2146 1674; x_wconf 82' lang='lat' dir='ltr'>praesertim</span> <span class='ocrx_word' id='word_1_925' title='bbox 2170 1638 2220 1668; x_wconf 87' lang='lat' dir='ltr'>hiis</span> <span class='ocrx_word' id='word_1_926' title='bbox 2232 1639 2371 1676; x_wconf 89' lang='lat' dir='ltr'>tempori-</span> 
     </span>
     <span class='ocr_line' id='line_1_125' title="bbox 1304 1672 2369 1713; baseline 0.006 -11"><span class='ocrx_word' id='word_1_927' title='bbox 1304 1672 1371 1710; x_wconf 80' lang='lat' dir='ltr'>bus,</span> <span class='ocrx_word' id='word_1_928' title='bbox 1390 1674 1545 1711; x_wconf 79' lang='lat' dir='ltr'>plurimum</span> <span class='ocrx_word' id='word_1_929' title='bbox 1560 1683 1718 1713; x_wconf 85' lang='lat' dir='ltr'>oportuna,</span> <span class='ocrx_word' id='word_1_930' title='bbox 1735 1685 1769 1706; x_wconf 86' lang='lat' dir='ltr'>ac</span> <span class='ocrx_word' id='word_1_931' title='bbox 1782 1675 1877 1706; x_wconf 77' lang='lat' dir='ltr'>secure</span> <span class='ocrx_word' id='word_1_932' title='bbox 1891 1685 1951 1705; x_wconf 89' lang='lat' dir='ltr'>non</span> <span class='ocrx_word' id='word_1_933' title='bbox 1965 1675 2059 1713; x_wconf 86' lang='lat' dir='ltr'>potest</span> <span class='ocrx_word' id='word_1_934' title='bbox 2073 1675 2190 1706; x_wconf 88' lang='lat' dir='ltr'>Inermis</span> <span class='ocrx_word' id='word_1_935' title='bbox 2201 1676 2267 1708; x_wconf 91' lang='lat' dir='ltr'>illuc</span> <span class='ocrx_word' id='word_1_936' title='bbox 2288 1678 2369 1708; x_wconf 86' lang='lat' dir='ltr'>ince-</span> 
     </span>
     <span class='ocr_line' id='line_1_126' title="bbox 1302 1710 2369 1755; baseline 0.006 -13"><span class='ocrx_word' id='word_1_937' title='bbox 1302 1710 1370 1755; x_wconf 75' lang='lat' dir='ltr'>dere</span> <span class='ocrx_word' id='word_1_938' title='bbox 1384 1721 1499 1750; x_wconf 85' lang='lat' dir='ltr'>propter</span> <span class='ocrx_word' id='word_1_939' title='bbox 1512 1711 1657 1751; x_wconf 78' lang='lat' dir='ltr'>Peii&#39;cula,</span> <span class='ocrx_word' id='word_1_940' title='bbox 1675 1722 1740 1752; x_wconf 83' lang='lat' dir='ltr'>quae</span> <span class='ocrx_word' id='word_1_941' title='bbox 1752 1714 1886 1744; x_wconf 84' lang='lat' dir='ltr'>timentur</span> <span class='ocrx_word' id='word_1_942' title='bbox 1900 1714 1958 1752; x_wconf 88' lang='lat' dir='ltr'>ibi,</span> <span class='ocrx_word' id='word_1_943' title='bbox 1978 1713 2028 1744; x_wconf 86' lang='lat' dir='ltr'>nisi</span> <span class='ocrx_word' id='word_1_944' title='bbox 2041 1713 2123 1745; x_wconf 86' lang='lat' dir='ltr'>Deus</span> <span class='ocrx_word' id='word_1_945' title='bbox 2138 1723 2259 1754; x_wconf 85' lang='lat' dir='ltr'>avertat,</span> <span class='ocrx_word' id='word_1_946' title='bbox 2275 1716 2369 1748; x_wconf 84' lang='lat' dir='ltr'>verisi-</span> 
     </span>
     <span class='ocr_line' id='line_1_127' title="bbox 1304 1749 1594 1790; baseline 0.007 -11"><span class='ocrx_word' id='word_1_947' title='bbox 1304 1749 1408 1780; x_wconf 85' lang='lat' dir='ltr'>militer</span> <span class='ocrx_word' id='word_1_948' title='bbox 1425 1752 1594 1790; x_wconf 86' lang='lat' dir='ltr'>provenire,</span> 
     </span>
    </p>

    <p class='ocr_par' dir='ltr' id='par_1_50' title="bbox 1302 1788 2370 1868">
     <span class='ocr_line' id='line_1_128' title="bbox 1340 1788 2370 1829; baseline 0.005 -10"><span class='ocrx_word' id='word_1_949' title='bbox 1340 1788 1449 1819; x_wconf 84' lang='lat' dir='ltr'>Vestrae</span> <span class='ocrx_word' id='word_1_950' title='bbox 1469 1789 1639 1821; x_wconf 86' lang='lat' dir='ltr'>Clementiae</span> <span class='ocrx_word' id='word_1_951' title='bbox 1663 1791 1762 1829; x_wconf 86' lang='lat' dir='ltr'>(quam</span> <span class='ocrx_word' id='word_1_952' title='bbox 1782 1790 1891 1828; x_wconf 89' lang='lat' dir='ltr'>semper</span> <span class='ocrx_word' id='word_1_953' title='bbox 1904 1791 1933 1820; x_wconf 90' lang='lat' dir='ltr'>in</span> <span class='ocrx_word' id='word_1_954' title='bbox 1946 1790 2182 1823; x_wconf 66' lang='lat' dir='ltr'>nostrainstantifi</span> <span class='ocrx_word' id='word_1_955' title='bbox 2196 1792 2370 1824; x_wconf 81' lang='lat' dir='ltr'>confidimus</span> 
     </span>
     <span class='ocr_line' id='line_1_129' title="bbox 1302 1827 2161 1868; baseline 0.003 -12"><span class='ocrx_word' id='word_1_956' title='bbox 1302 1827 1431 1857; x_wconf 89' lang='lat' dir='ltr'>invenire</span> <span class='ocrx_word' id='word_1_957' title='bbox 1445 1828 1609 1866; x_wconf 85' lang='lat' dir='ltr'>propitiam)</span> <span class='ocrx_word' id='word_1_958' title='bbox 1623 1828 1801 1861; x_wconf 82' lang='lat' dir='ltr'>devotiffime</span> <span class='ocrx_word' id='word_1_959' title='bbox 1813 1829 1999 1867; x_wconf 89' lang='lat' dir='ltr'>supplicamus</span> <span class='ocrx_word' id='word_1_960' title='bbox 2015 1831 2161 1868; x_wconf 89' lang='lat' dir='ltr'>quatinus,</span> 
     </span>
    </p>

    <p class='ocr_par' dir='ltr' id='par_1_51' title="bbox 1304 1865 2368 1982">
     <span class='ocr_line' id='line_1_130' title="bbox 1341 1865 2368 1907; baseline 0.006 -12"><span class='ocrx_word' id='word_1_961' title='bbox 1341 1865 1457 1896; x_wconf 62' lang='lat' dir='ltr'>Artem-3.</span> <span class='ocrx_word' id='word_1_962' title='bbox 1470 1866 1627 1898; x_wconf 88' lang='lat' dir='ltr'>clementer</span> <span class='ocrx_word' id='word_1_963' title='bbox 1638 1868 1774 1899; x_wconf 90' lang='lat' dir='ltr'>iminente</span> <span class='ocrx_word' id='word_1_964' title='bbox 1789 1868 1871 1898; x_wconf 88' lang='lat' dir='ltr'>nobis</span> <span class='ocrx_word' id='word_1_965' title='bbox 1887 1877 2006 1907; x_wconf 88' lang='lat' dir='ltr'>urgente</span> <span class='ocrx_word' id='word_1_966' title='bbox 2028 1867 2187 1899; x_wconf 77' lang='lat' dir='ltr'>necestitate</span> <span class='ocrx_word' id='word_1_967' title='bbox 2209 1869 2368 1901; x_wconf 81' lang='lat' dir='ltr'>Haeredita—</span> 
     </span>
     <span class='ocr_line' id='line_1_131' title="bbox 1304 1904 2368 1948; baseline 0.005 -14"><span class='ocrx_word' id='word_1_968' title='bbox 1304 1911 1365 1934; x_wconf 89' lang='lat' dir='ltr'>tem</span> <span class='ocrx_word' id='word_1_969' title='bbox 1385 1904 1510 1935; x_wconf 88' lang='lat' dir='ltr'>nostram</span> <span class='ocrx_word' id='word_1_970' title='bbox 1531 1905 1656 1944; x_wconf 90' lang='lat' dir='ltr'>ibidem,</span> <span class='ocrx_word' id='word_1_971' title='bbox 1673 1907 1707 1937; x_wconf 88' lang='lat'>&amp;</span> <span class='ocrx_word' id='word_1_972' title='bbox 1731 1905 1813 1945; x_wconf 91' lang='lat' dir='ltr'>alibi,</span> <span class='ocrx_word' id='word_1_973' title='bbox 1839 1916 1872 1937; x_wconf 88' lang='lat' dir='ltr'>ac</span> <span class='ocrx_word' id='word_1_974' title='bbox 1893 1906 2080 1937; x_wconf 73' lang='lat' dir='ltr'>commissum</span> <span class='ocrx_word' id='word_1_975' title='bbox 2098 1907 2182 1937; x_wconf 91' lang='lat' dir='ltr'>nobis</span> <span class='ocrx_word' id='word_1_976' title='bbox 2204 1907 2368 1948; x_wconf 88' lang='lat' dir='ltr'>Populum,</span> 
     </span>
     <span class='ocr_line' id='line_1_132' title="bbox 1304 1943 1990 1982; baseline 0.001 -9"><span class='ocrx_word' id='word_1_977' title='bbox 1304 1952 1405 1973; x_wconf 89' lang='lat' dir='ltr'>contra</span> <span class='ocrx_word' id='word_1_978' title='bbox 1417 1952 1507 1981; x_wconf 82' lang='lat' dir='ltr'>parata</span> <span class='ocrx_word' id='word_1_979' title='bbox 1520 1944 1603 1975; x_wconf 86' lang='lat' dir='ltr'>nobis</span> <span class='ocrx_word' id='word_1_980' title='bbox 1618 1943 1790 1975; x_wconf 87' lang='lat' dir='ltr'>Discrimina</span> <span class='ocrx_word' id='word_1_981' title='bbox 1804 1944 1990 1982; x_wconf 89' lang='lat' dir='ltr'>defendendi,</span> 
     </span>
    </p>

    <p class='ocr_par' dir='ltr' id='par_1_52' title="bbox 1302 1981 2368 2137">
     <span class='ocr_line' id='line_1_133' title="bbox 1342 1981 2366 2023; baseline 0.002 -11"><span class='ocrx_word' id='word_1_982' title='bbox 1342 1981 1456 2020; x_wconf 90' lang='lat' dir='ltr'>Velitis,</span> <span class='ocrx_word' id='word_1_983' title='bbox 1475 1982 1495 2012; x_wconf 84' lang='lat' dir='ltr'>fi</span> <span class='ocrx_word' id='word_1_984' title='bbox 1508 1982 1617 2021; x_wconf 86' lang='lat' dir='ltr'>placet,</span> <span class='ocrx_word' id='word_1_985' title='bbox 1635 1984 1665 2012; x_wconf 89' lang='lat' dir='ltr'>in</span> <span class='ocrx_word' id='word_1_986' title='bbox 1679 1983 1731 2013; x_wconf 87' lang='lat' dir='ltr'>hac</span> <span class='ocrx_word' id='word_1_987' title='bbox 1755 1983 1950 2021; x_wconf 84' lang='lat' dir='ltr'>perplexitate,</span> <span class='ocrx_word' id='word_1_988' title='bbox 1973 1983 2033 2013; x_wconf 78' lang='lat' dir='ltr'>tam</span> <span class='ocrx_word' id='word_1_989' title='bbox 2054 1982 2261 2023; x_wconf 81' lang='lat' dir='ltr'>Conscientiae,</span> <span class='ocrx_word' id='word_1_990' title='bbox 2279 1985 2366 2022; x_wconf 74' lang='lat' dir='ltr'>quam</span> 
     </span>
     <span class='ocr_line' id='line_1_134' title="bbox 1303 2019 2367 2059; baseline 0.001 -8"><span class='ocrx_word' id='word_1_991' title='bbox 1303 2019 1467 2058; x_wconf 87' lang='lat' dir='ltr'>Securitati,</span> <span class='ocrx_word' id='word_1_992' title='bbox 1489 2021 1597 2059; x_wconf 75' lang='lat' dir='ltr'>praesati</span> <span class='ocrx_word' id='word_1_993' title='bbox 1619 2020 1821 2052; x_wconf 79' lang='lat' dir='ltr'>Bartliolomaei</span> <span class='ocrx_word' id='word_1_994' title='bbox 1842 2020 2005 2059; x_wconf 88' lang='lat' dir='ltr'>consulere,</span> <span class='ocrx_word' id='word_1_995' title='bbox 2030 2022 2241 2052; x_wconf 89' lang='lat' dir='ltr'>committendo</span> <span class='ocrx_word' id='word_1_996' title='bbox 2262 2023 2367 2052; x_wconf 90' lang='lat' dir='ltr'>miseri-</span> 
     </span>
     <span class='ocr_line' id='line_1_135' title="bbox 1302 2058 2368 2100; baseline 0.003 -11"><span class='ocrx_word' id='word_1_997' title='bbox 1302 2058 1424 2090; x_wconf 90' lang='lat' dir='ltr'>corditer</span> <span class='ocrx_word' id='word_1_998' title='bbox 1438 2059 1534 2090; x_wconf 87' lang='lat' dir='ltr'>Alicui</span> <span class='ocrx_word' id='word_1_999' title='bbox 1546 2059 1667 2091; x_wconf 80' lang='lat' dir='ltr'>Praelato</span> <span class='ocrx_word' id='word_1_1000' title='bbox 1681 2059 1777 2100; x_wconf 87' lang='lat' dir='ltr'>Regni</span> <span class='ocrx_word' id='word_1_1001' title='bbox 1789 2059 1877 2090; x_wconf 88' lang='lat' dir='ltr'>nostri</span> <span class='ocrx_word' id='word_1_1002' title='bbox 1893 2059 1942 2098; x_wconf 91' lang='lat' dir='ltr'>(de</span> <span class='ocrx_word' id='word_1_1003' title='bbox 1957 2069 2016 2098; x_wconf 92' lang='lat' dir='ltr'>quo</span> <span class='ocrx_word' id='word_1_1004' title='bbox 2029 2058 2182 2097; x_wconf 86' lang='lat' dir='ltr'>confiditis)</span> <span class='ocrx_word' id='word_1_1005' title='bbox 2193 2059 2368 2092; x_wconf 87' lang='lat' dir='ltr'>Potestatem</span> 
     </span>
     <span class='ocr_line' id='line_1_136' title="bbox 1302 2097 1637 2137; baseline 0.006 -10"><span class='ocrx_word' id='word_1_1006' title='bbox 1302 2097 1399 2136; x_wconf 88' lang='lat' dir='ltr'>Ipsum</span> <span class='ocrx_word' id='word_1_1007' title='bbox 1412 2108 1427 2128; x_wconf 93' lang='lat' dir='ltr'>a</span> <span class='ocrx_word' id='word_1_1008' title='bbox 1445 2098 1526 2129; x_wconf 57' lang='lat' dir='ltr'>dieto</span> <span class='ocrx_word' id='word_1_1009' title='bbox 1537 2097 1637 2137; x_wconf 91' lang='lat' dir='ltr'>Voto,</span> 
     </span>
    </p>

    <p class='ocr_par' dir='ltr' id='par_1_53' title="bbox 1302 2135 2369 2215">
     <span class='ocr_line' id='line_1_137' title="bbox 1341 2135 2369 2178; baseline 0.003 -12"><span class='ocrx_word' id='word_1_1010' title='bbox 1341 2135 1374 2166; x_wconf 90' lang='lat' dir='ltr'>In</span> <span class='ocrx_word' id='word_1_1011' title='bbox 1389 2146 1463 2175; x_wconf 86' lang='lat' dir='ltr'>quo,</span> <span class='ocrx_word' id='word_1_1012' title='bbox 1479 2136 1670 2176; x_wconf 86' lang='lat' dir='ltr'>quorumdam</span> <span class='ocrx_word' id='word_1_1013' title='bbox 1684 2136 1845 2168; x_wconf 89' lang='lat' dir='ltr'>Peritorum</span> <span class='ocrx_word' id='word_1_1014' title='bbox 1858 2135 1993 2176; x_wconf 90' lang='lat' dir='ltr'>Judicio,</span> <span class='ocrx_word' id='word_1_1015' title='bbox 2011 2135 2169 2174; x_wconf 88' lang='lat' dir='ltr'>Superioris</span> <span class='ocrx_word' id='word_1_1016' title='bbox 2189 2137 2369 2178; x_wconf 67' lang='lat' dir='ltr'>Auctoritas,</span> 
     </span>
     <span class='ocr_line' id='line_1_138' title="bbox 1302 2175 1864 2215; baseline -0.002 -8"><span class='ocrx_word' id='word_1_1017' title='bbox 1302 2177 1348 2207; x_wconf 90' lang='lat' dir='ltr'>cui</span> <span class='ocrx_word' id='word_1_1018' title='bbox 1366 2176 1441 2214; x_wconf 82' lang='lat' dir='ltr'>prius</span> <span class='ocrx_word' id='word_1_1019' title='bbox 1448 2177 1554 2214; x_wconf 87' lang='lat' dir='ltr'>juratus</span> <span class='ocrx_word' id='word_1_1020' title='bbox 1570 2176 1678 2215; x_wconf 80' lang='lat' dir='ltr'>fuerat,</span> <span class='ocrx_word' id='word_1_1021' title='bbox 1695 2175 1736 2206; x_wconf 90' lang='lat' dir='ltr'>est</span> <span class='ocrx_word' id='word_1_1022' title='bbox 1749 2184 1864 2214; x_wconf 80' lang='lat' dir='ltr'>excepta</span> 
     </span>
    </p>

    <p class='ocr_par' dir='ltr' id='par_1_54' title="bbox 1301 2200 2367 2332">
     <span class='ocr_line' id='line_1_139' title="bbox 1339 2200 2367 2253; baseline 0 -9"><span class='ocrx_word' id='word_1_1023' title='bbox 1339 2214 1518 2246; x_wconf 65' lang='lat' dir='ltr'>Auctoritate</span> <span class='ocrx_word' id='word_1_1024' title='bbox 1536 2214 1704 2253; x_wconf 68' lang='lat' dir='ltr'>Apostolicfi</span> <span class='ocrx_word' id='word_1_1025' title='bbox 1731 2200 1911 2253; x_wconf 81' lang='lat' dir='ltr'>absolvendi,</span> <span class='ocrx_word' id='word_1_1026' title='bbox 1927 2214 1972 2245; x_wconf 92' lang='lat' dir='ltr'>seu</span> <span class='ocrx_word' id='word_1_1027' title='bbox 1994 2213 2105 2245; x_wconf 63' lang='lat' dir='ltr'>disi-um</span> <span class='ocrx_word' id='word_1_1028' title='bbox 2125 2213 2236 2245; x_wconf 91' lang='lat' dir='ltr'>Votum</span> <span class='ocrx_word' id='word_1_1029' title='bbox 2251 2214 2316 2245; x_wconf 71' lang='lat' dir='ltr'>alias</span> <span class='ocrx_word' id='word_1_1030' title='bbox 2328 2215 2367 2245; x_wconf 75' lang='lat' dir='ltr'>fii-</span> 
     </span>
     <span class='ocr_line' id='line_1_140' title="bbox 1301 2252 2367 2292; baseline 0.001 -9"><span class='ocrx_word' id='word_1_1031' title='bbox 1301 2253 1435 2292; x_wconf 89' lang='lat' dir='ltr'>liibriter,</span> <span class='ocrx_word' id='word_1_1032' title='bbox 1452 2263 1485 2284; x_wconf 82' lang='lat' dir='ltr'>ex</span> <span class='ocrx_word' id='word_1_1033' title='bbox 1504 2254 1591 2284; x_wconf 83' lang='lat' dir='ltr'>causis</span> <span class='ocrx_word' id='word_1_1034' title='bbox 1611 2255 1721 2292; x_wconf 86' lang='lat' dir='ltr'>praeviis</span> <span class='ocrx_word' id='word_1_1035' title='bbox 1739 2253 1956 2291; x_wconf 85' lang='lat' dir='ltr'>commutandi,</span> <span class='ocrx_word' id='word_1_1036' title='bbox 1975 2261 2005 2283; x_wconf 92' lang='lat' dir='ltr'>ut</span> <span class='ocrx_word' id='word_1_1037' title='bbox 2025 2254 2056 2282; x_wconf 93' lang='lat' dir='ltr'>in</span> <span class='ocrx_word' id='word_1_1038' title='bbox 2073 2252 2176 2283; x_wconf 85' lang='lat' dir='ltr'>nostris</span> <span class='ocrx_word' id='word_1_1039' title='bbox 2197 2252 2367 2292; x_wconf 82' lang='lat' dir='ltr'>obsequiis,</span> 
     </span>
     <span class='ocr_line' id='line_1_141' title="bbox 1302 2291 2310 2332; baseline 0 -10"><span class='ocrx_word' id='word_1_1040' title='bbox 1302 2300 1402 2323; x_wconf 87' lang='lat' dir='ltr'>contra</span> <span class='ocrx_word' id='word_1_1041' title='bbox 1417 2293 1500 2322; x_wconf 91' lang='lat' dir='ltr'>nobis</span> <span class='ocrx_word' id='word_1_1042' title='bbox 1514 2292 1715 2331; x_wconf 72' lang='lat' dir='ltr'>Advcriantes,</span> <span class='ocrx_word' id='word_1_1043' title='bbox 1732 2302 1838 2323; x_wconf 86' lang='lat' dir='ltr'>armare</span> <span class='ocrx_word' id='word_1_1044' title='bbox 1850 2292 1884 2324; x_wconf 89' lang='lat'>&amp;</span> <span class='ocrx_word' id='word_1_1045' title='bbox 1897 2300 1993 2332; x_wconf 87' lang='lat' dir='ltr'>gerere</span> <span class='ocrx_word' id='word_1_1046' title='bbox 2007 2291 2034 2322; x_wconf 86' lang='lat' dir='ltr'>se</span> <span class='ocrx_word' id='word_1_1047' title='bbox 2046 2291 2135 2323; x_wconf 81' lang='lat' dir='ltr'>valeat</span> <span class='ocrx_word' id='word_1_1048' title='bbox 2148 2300 2178 2323; x_wconf 90' lang='lat' dir='ltr'>ut</span> <span class='ocrx_word' id='word_1_1049' title='bbox 2191 2300 2310 2324; x_wconf 85' lang='lat' dir='ltr'>tenetur.</span> 
     </span>
    </p>

    <p class='ocr_par' dir='ltr' id='par_1_55' title="bbox 1340 2330 1592 2370">
     <span class='ocr_line' id='line_1_142' title="bbox 1340 2330 1592 2370; baseline -0.008 -8"><span class='ocrx_word' id='word_1_1050' title='bbox 1340 2330 1516 2370; x_wconf 87' lang='lat' dir='ltr'>Conservet,</span> <span class='ocrx_word' id='word_1_1051' title='bbox 1531 2332 1592 2362; x_wconf 85' lang='lat' dir='ltr'>&amp;c.</span> 
     </span>
    </p>

    <p class='ocr_par' dir='ltr' id='par_1_56' title="bbox 1378 2368 2193 2408">
     <span class='ocr_line' id='line_1_143' title="bbox 1378 2368 2193 2408; baseline 0 -9"><span class='ocrx_word' id='word_1_1052' title='bbox 1378 2369 1446 2400; x_wconf 92' lang='lat' dir='ltr'>Dat.</span> <span class='ocrx_word' id='word_1_1053' title='bbox 1463 2369 1537 2408; x_wconf 92' lang='lat' dir='ltr'>apud</span> <span class='ocrx_word' id='word_1_1054' title='bbox 1550 2368 1854 2408; x_wconf 87' lang='lat' dir='ltr'>Westmonasteriutn,</span> <span class='ocrx_word' id='word_1_1055' title='bbox 1874 2368 2012 2402; x_wconf 87' lang='lat' dir='ltr'>vicefimo</span> <span class='ocrx_word' id='word_1_1056' title='bbox 2025 2368 2072 2400; x_wconf 90' lang='lat' dir='ltr'>die</span> <span class='ocrx_word' id='word_1_1057' title='bbox 2087 2368 2193 2400; x_wconf 89' lang='lat' dir='ltr'>Martii.</span> 
     </span>
    </p>
   </div>
   <div class='ocr_carea' id='block_1_17' title="bbox 1309 2447 2136 2451">
    <p class='ocr_par' dir='ltr' id='par_1_57' title="bbox 1309 2447 2136 2451">
     <span class='ocr_line' id='line_1_144' title="bbox 1309 2447 2136 2451; baseline 0 0"><span class='ocrx_word' id='word_1_1058' title='bbox 1309 2447 2136 2451; x_wconf 95' lang='lat' dir='ltr'> </span> 
     </span>
    </p>
   </div>
   <div class='ocr_carea' id='block_1_18' title="bbox 1325 2491 2347 2576">
    <p class='ocr_par' dir='ltr' id='par_1_58' title="bbox 1325 2491 2347 2576">
     <span class='ocr_line' id='line_1_145' title="bbox 1325 2491 2347 2541; baseline -0.002 -15"><span class='ocrx_word' id='word_1_1059' title='bbox 1325 2491 1384 2526; x_wconf 84' lang='lat' dir='ltr'>Ad</span> <span class='ocrx_word' id='word_1_1060' title='bbox 1399 2496 1514 2540; x_wconf 71' lang='lat' dir='ltr'>Papam</span> <span class='ocrx_word' id='word_1_1061' title='bbox 1524 2520 1533 2536; x_wconf 87' lang='lat'>‚</span> <span class='ocrx_word' id='word_1_1062' title='bbox 1549 2504 1605 2541; x_wconf 88' lang='lat' dir='ltr'>pro</span> <span class='ocrx_word' id='word_1_1063' title='bbox 1621 2497 1734 2528; x_wconf 82' lang='lat' dir='ltr'>Literis</span> <span class='ocrx_word' id='word_1_1064' title='bbox 1750 2493 2066 2539; x_wconf 73' lang='lat' dir='ltr'>Declarasoriissicper</span> <span class='ocrx_word' id='word_1_1065' title='bbox 2083 2493 2251 2525; x_wconf 72' lang='lat' dir='ltr'>Taxatione</span> <span class='ocrx_word' id='word_1_1066' title='bbox 2267 2491 2347 2524; x_wconf 75' lang='lat' dir='ltr'>Cleri</span> 
     </span>
     <span class='ocr_line' id='line_1_146' title="bbox 1672 2539 1999 2576; baseline -0.006 -1"><span class='ocrx_word' id='word_1_1067' title='bbox 1672 2546 1834 2576; x_wconf 72' lang='lat' dir='ltr'>Provincia</span> <span class='ocrx_word' id='word_1_1068' title='bbox 1850 2539 1999 2575; x_wconf 77' lang='lat' dir='ltr'>Eburum.</span> 
     </span>
    </p>
   </div>
   <div class='ocr_carea' id='block_1_19' title="bbox 1300 2621 2511 3011">
    <p class='ocr_par' dir='ltr' id='par_1_59' title="bbox 1300 2621 2511 3011">
     <span class='ocr_line' id='line_1_147' title="bbox 1351 2621 2511 2665; baseline -0.003 -8"><span class='ocrx_word' id='word_1_1069' title='bbox 1351 2626 1448 2657; x_wconf 86' lang='lat' dir='ltr'>APAE</span> <span class='ocrx_word' id='word_1_1070' title='bbox 1470 2626 1551 2665; x_wconf 73' lang='lat' dir='ltr'>Rex,</span> <span class='ocrx_word' id='word_1_1071' title='bbox 1569 2628 1631 2659; x_wconf 88' lang='lat' dir='ltr'>&amp;c.</span> <span class='ocrx_word' id='word_1_1072' title='bbox 2385 2621 2462 2653; x_wconf 88' lang='lat' dir='ltr'>Ann.</span> <span class='ocrx_word' id='word_1_1073' title='bbox 2470 2622 2511 2653; x_wconf 91' lang='lat' dir='ltr'>D.</span> 
     </span>
     <span class='ocr_line' id='line_1_148' title="bbox 1385 2662 2492 2703; baseline -0.005 -8"><span class='ocrx_word' id='word_1_1074' title='bbox 1385 2664 1562 2703; x_wconf 81' lang='lat' dir='ltr'>Apostolicae</span> <span class='ocrx_word' id='word_1_1075' title='bbox 1583 2663 1772 2695; x_wconf 80' lang='lat' dir='ltr'>Praefidentiae</span> <span class='ocrx_word' id='word_1_1076' title='bbox 1795 2662 1842 2701; x_wconf 90' lang='lat' dir='ltr'>(ad</span> <span class='ocrx_word' id='word_1_1077' title='bbox 1862 2662 2040 2702; x_wconf 84' lang='lat' dir='ltr'>extirpandos</span> <span class='ocrx_word' id='word_1_1078' title='bbox 2061 2662 2196 2702; x_wconf 87' lang='lat' dir='ltr'>Errores,</span> <span class='ocrx_word' id='word_1_1079' title='bbox 2217 2663 2252 2695; x_wconf 91' lang='lat'>&amp;</span> <span class='ocrx_word' id='word_1_1080' title='bbox 2276 2663 2368 2703; x_wconf 81' lang='lat' dir='ltr'>Qae-</span> <span class='ocrx_word' id='word_1_1081' title='bbox 2405 2669 2492 2701; x_wconf 83' lang='lat'>1337.</span> 
     </span>
     <span class='ocr_line' id='line_1_149' title="bbox 1301 2701 2498 2741; baseline 0 -9"><span class='ocrx_word' id='word_1_1082' title='bbox 1301 2702 1404 2733; x_wconf 88' lang='lat' dir='ltr'>stiones</span> <span class='ocrx_word' id='word_1_1083' title='bbox 1423 2703 1521 2733; x_wconf 78' lang='lat' dir='ltr'>dubias</span> <span class='ocrx_word' id='word_1_1084' title='bbox 1541 2702 1723 2741; x_wconf 86' lang='lat' dir='ltr'>decidendas,</span> <span class='ocrx_word' id='word_1_1085' title='bbox 1740 2703 1770 2733; x_wconf 91' lang='lat' dir='ltr'>in</span> <span class='ocrx_word' id='word_1_1086' title='bbox 1789 2701 1933 2740; x_wconf 86' lang='lat' dir='ltr'>potestatis</span> <span class='ocrx_word' id='word_1_1087' title='bbox 1953 2701 2126 2740; x_wconf 89' lang='lat' dir='ltr'>plenitudine</span> <span class='ocrx_word' id='word_1_1088' title='bbox 2139 2701 2277 2740; x_wconf 85' lang='lat' dir='ltr'>stabilitae)</span> <span class='ocrx_word' id='word_1_1089' title='bbox 2294 2712 2367 2740; x_wconf 86' lang='lat' dir='ltr'>prae-</span> <span class='ocrx_word' id='word_1_1090' title='bbox 2382 2704 2434 2728; x_wconf 73' lang='lat' dir='ltr'>An.</span> <span class='ocrx_word' id='word_1_1091' title='bbox 2455 2710 2498 2728; x_wconf 85' lang='lat'>1¹·</span> 
     </span>
     <span class='ocr_line' id='line_1_150' title="bbox 1300 2739 2455 2779; baseline 0.001 -8"><span class='ocrx_word' id='word_1_1092' title='bbox 1300 2740 1405 2772; x_wconf 86' lang='lat' dir='ltr'>sentem</span> <span class='ocrx_word' id='word_1_1093' title='bbox 1421 2740 1668 2772; x_wconf 85' lang='lat' dir='ltr'>Consultationem</span> <span class='ocrx_word' id='word_1_1094' title='bbox 1682 2741 1827 2772; x_wconf 89' lang='lat' dir='ltr'>humiliter</span> <span class='ocrx_word' id='word_1_1095' title='bbox 1841 2741 2006 2779; x_wconf 89' lang='lat' dir='ltr'>offerimus,</span> <span class='ocrx_word' id='word_1_1096' title='bbox 2023 2740 2073 2771; x_wconf 89' lang='lat' dir='ltr'>sub</span> <span class='ocrx_word' id='word_1_1097' title='bbox 2087 2739 2134 2778; x_wconf 89' lang='lat' dir='ltr'>spe</span> <span class='ocrx_word' id='word_1_1098' title='bbox 2156 2739 2366 2772; x_wconf 85' lang='lat' dir='ltr'>Declarationis</span> <span class='ocrx_word' id='word_1_1099' title='bbox 2382 2743 2411 2766; x_wconf 81' lang='grc' dir='ltr'>Ε·</span> <span class='ocrx_word' id='word_1_1100' title='bbox 2428 2748 2455 2775; x_wconf 86' lang='lat'>3·</span> 
     </span>
     <span class='ocr_line' id='line_1_151' title="bbox 1300 2777 2446 2819; baseline 0.001 -10"><span class='ocrx_word' id='word_1_1101' title='bbox 1300 2779 1428 2817; x_wconf 82' lang='lat' dir='ltr'>providae</span> <span class='ocrx_word' id='word_1_1102' title='bbox 1441 2779 1520 2818; x_wconf 86' lang='lat' dir='ltr'>super</span> <span class='ocrx_word' id='word_1_1103' title='bbox 1534 2778 1582 2817; x_wconf 62' lang='lat' dir='ltr'>ei,</span> <span class='ocrx_word' id='word_1_1104' title='bbox 1601 2780 1620 2810; x_wconf 83' lang='lat' dir='ltr'>fi</span> <span class='ocrx_word' id='word_1_1105' title='bbox 1635 2779 1788 2819; x_wconf 87' lang='lat' dir='ltr'>placuerit,</span> <span class='ocrx_word' id='word_1_1106' title='bbox 1803 2789 1819 2810; x_wconf 87' lang='lat' dir='ltr'>a</span> <span class='ocrx_word' id='word_1_1107' title='bbox 1831 2778 1922 2810; x_wconf 90' lang='lat' dir='ltr'>vestra</span> <span class='ocrx_word' id='word_1_1108' title='bbox 1935 2778 2098 2810; x_wconf 90' lang='lat' dir='ltr'>Clementia</span> <span class='ocrx_word' id='word_1_1109' title='bbox 2114 2779 2330 2818; x_wconf 75' lang='lat' dir='ltr'>consequendae.</span> <span class='ocrx_word' id='word_1_1110' title='bbox 2382 2777 2446 2805; x_wconf 71' lang='lat' dir='ltr'>thid.</span> 
     </span>
     <span class='ocr_line' id='line_1_152' title="bbox 1340 2817 2367 2857; baseline 0 -8"><span class='ocrx_word' id='word_1_1111' title='bbox 1340 2817 1462 2849; x_wconf 76' lang='lat' dir='ltr'>Dudum</span> <span class='ocrx_word' id='word_1_1112' title='bbox 1484 2818 1620 2857; x_wconf 75' lang='lat' dir='ltr'>liquidem</span> <span class='ocrx_word' id='word_1_1113' title='bbox 1656 2818 1776 2850; x_wconf 87' lang='lat' dir='ltr'>celebris</span> <span class='ocrx_word' id='word_1_1114' title='bbox 1798 2818 1967 2856; x_wconf 79' lang='lat' dir='ltr'>memoriae,</span> <span class='ocrx_word' id='word_1_1115' title='bbox 1986 2817 2134 2849; x_wconf 90' lang='lat' dir='ltr'>Dominus</span> <span class='ocrx_word' id='word_1_1116' title='bbox 2156 2817 2222 2848; x_wconf 84' lang='lat' dir='ltr'>Rex</span> <span class='ocrx_word' id='word_1_1117' title='bbox 2237 2818 2283 2849; x_wconf 87' lang='lat' dir='ltr'>An</span> <span class='ocrx_word' id='word_1_1118' title='bbox 2305 2818 2367 2857; x_wconf 87' lang='lat' dir='ltr'>liae,</span> 
     </span>
     <span class='ocr_line' id='line_1_153' title="bbox 1300 2841 2366 2900; baseline 0.002 -14"><span class='ocrx_word' id='word_1_1119' title='bbox 1300 2856 1383 2888; x_wconf 90' lang='lat' dir='ltr'>Patet</span> <span class='ocrx_word' id='word_1_1120' title='bbox 1397 2857 1508 2896; x_wconf 89' lang='lat' dir='ltr'>noster,</span> <span class='ocrx_word' id='word_1_1121' title='bbox 1528 2857 1616 2888; x_wconf 93' lang='lat' dir='ltr'>Anno</span> <span class='ocrx_word' id='word_1_1122' title='bbox 1628 2841 1729 2894; x_wconf 72' lang='lat' dir='ltr'>Regni</span> <span class='ocrx_word' id='word_1_1123' title='bbox 1742 2856 1780 2887; x_wconf 91' lang='lat' dir='ltr'>sui</span> <span class='ocrx_word' id='word_1_1124' title='bbox 1795 2855 1927 2900; x_wconf 84' lang='lat' dir='ltr'>decimo,</span> <span class='ocrx_word' id='word_1_1125' title='bbox 1945 2857 2026 2894; x_wconf 91' lang='lat' dir='ltr'>petiit</span> <span class='ocrx_word' id='word_1_1126' title='bbox 2039 2866 2054 2886; x_wconf 90' lang='lat' dir='ltr'>a</span> <span class='ocrx_word' id='word_1_1127' title='bbox 2082 2855 2204 2887; x_wconf 85' lang='lat' dir='ltr'>Praelatis</span> <span class='ocrx_word' id='word_1_1128' title='bbox 2223 2857 2257 2888; x_wconf 91' lang='lat'>&amp;</span> <span class='ocrx_word' id='word_1_1129' title='bbox 2305 2857 2366 2888; x_wconf 91' lang='lat' dir='ltr'>lero</span> 
     </span>
     <span class='ocr_line' id='line_1_154' title="bbox 1301 2894 2366 2935; baseline 0 -9"><span class='ocrx_word' id='word_1_1130' title='bbox 1301 2895 1444 2926; x_wconf 84' lang='lat' dir='ltr'>Dioecefis</span> <span class='ocrx_word' id='word_1_1131' title='bbox 1457 2897 1490 2927; x_wconf 68' lang='grc' dir='ltr'>ὃς</span> <span class='ocrx_word' id='word_1_1132' title='bbox 1507 2895 1668 2927; x_wconf 83' lang='lat' dir='ltr'>Provinciae</span> <span class='ocrx_word' id='word_1_1133' title='bbox 1681 2895 1828 2933; x_wconf 89' lang='lat' dir='ltr'>Eborum,</span> <span class='ocrx_word' id='word_1_1134' title='bbox 1846 2904 1878 2926; x_wconf 93' lang='lat' dir='ltr'>ut</span> <span class='ocrx_word' id='word_1_1135' title='bbox 1893 2894 2057 2935; x_wconf 76' lang='lat' dir='ltr'>indigentiae</span> <span class='ocrx_word' id='word_1_1136' title='bbox 2072 2895 2131 2933; x_wconf 91' lang='lat' dir='ltr'>(cui</span> <span class='ocrx_word' id='word_1_1137' title='bbox 2145 2903 2215 2926; x_wconf 92' lang='lat' dir='ltr'>tunc</span> <span class='ocrx_word' id='word_1_1138' title='bbox 2231 2905 2285 2933; x_wconf 88' lang='lat' dir='ltr'>pro</span> <span class='ocrx_word' id='word_1_1139' title='bbox 2304 2895 2366 2926; x_wconf 90' lang='lat' dir='ltr'>Re-</span> 
     </span>
     <span class='ocr_line' id='line_1_155' title="bbox 1300 2933 2170 2973; baseline -0.002 -8"><span class='ocrx_word' id='word_1_1140' title='bbox 1300 2934 1413 2973; x_wconf 89' lang='lat' dir='ltr'>publica</span> <span class='ocrx_word' id='word_1_1141' title='bbox 1424 2935 1592 2973; x_wconf 88' lang='lat' dir='ltr'>subjacebat)</span> <span class='ocrx_word' id='word_1_1142' title='bbox 1608 2934 1644 2964; x_wconf 90' lang='lat' dir='ltr'>de</span> <span class='ocrx_word' id='word_1_1143' title='bbox 1660 2944 1714 2965; x_wconf 92' lang='lat' dir='ltr'>una</span> <span class='ocrx_word' id='word_1_1144' title='bbox 1727 2942 1857 2965; x_wconf 89' lang='lat' dir='ltr'>curarent</span> <span class='ocrx_word' id='word_1_1145' title='bbox 1872 2933 1996 2964; x_wconf 90' lang='lat' dir='ltr'>Decima</span> <span class='ocrx_word' id='word_1_1146' title='bbox 2007 2933 2170 2964; x_wconf 85' lang='lat' dir='ltr'>subvenire:</span> 
     </span>
     <span class='ocr_line' id='line_1_156' title="bbox 1338 2971 2366 3011; baseline 0 -8"><span class='ocrx_word' id='word_1_1147' title='bbox 1338 2972 1450 3005; x_wconf 89' lang='lat' dir='ltr'>Praelati</span> <span class='ocrx_word' id='word_1_1148' title='bbox 1468 2983 1540 3004; x_wconf 89' lang='lat' dir='ltr'>vero</span> <span class='ocrx_word' id='word_1_1149' title='bbox 1560 2973 1594 3004; x_wconf 89' lang='lat'>&amp;</span> <span class='ocrx_word' id='word_1_1150' title='bbox 1616 2971 1719 3004; x_wconf 89' lang='lat' dir='ltr'>Clerus</span> <span class='ocrx_word' id='word_1_1151' title='bbox 1738 2972 1885 3011; x_wconf 66' lang='lat' dir='ltr'>praedicti,</span> <span class='ocrx_word' id='word_1_1152' title='bbox 1905 2972 2002 3003; x_wconf 90' lang='lat' dir='ltr'>Unius</span> <span class='ocrx_word' id='word_1_1153' title='bbox 2015 2972 2096 3002; x_wconf 90' lang='lat' dir='ltr'>Anni</span> <span class='ocrx_word' id='word_1_1154' title='bbox 2108 2971 2265 3002; x_wconf 90' lang='lat' dir='ltr'>Decimam</span> <span class='ocrx_word' id='word_1_1155' title='bbox 2283 2973 2366 3011; x_wconf 85' lang='lat' dir='ltr'>gratis</span> 
     </span>
    </p>
   </div>
   <div class='ocr_carea' id='block_1_20' title="bbox 1300 3009 2368 3049">
    <p class='ocr_par' dir='ltr' id='par_1_60' title="bbox 1300 3009 2368 3049">
     <span class='ocr_line' id='line_1_157' title="bbox 1300 3009 2368 3049; baseline -0.001 -7"><span class='ocrx_word' id='word_1_1156' title='bbox 1300 3020 1334 3042; x_wconf 86' lang='lat' dir='ltr'>ex</span> <span class='ocrx_word' id='word_1_1157' title='bbox 1356 3012 1438 3043; x_wconf 69' lang='lat' dir='ltr'>causa</span> <span class='ocrx_word' id='word_1_1158' title='bbox 1455 3011 1533 3043; x_wconf 57' lang='lat' dir='ltr'>licit&amp;</span> <span class='ocrx_word' id='word_1_1159' title='bbox 1554 3010 1757 3043; x_wconf 60' lang='lat' dir='ltr'>Concedent&amp;</span> <span class='ocrx_word' id='word_1_1160' title='bbox 1777 3011 1871 3042; x_wconf 89' lang='lat' dir='ltr'>eidem</span> <span class='ocrx_word' id='word_1_1161' title='bbox 1887 3035 1897 3049; x_wconf 89' lang='lat'>‚</span> <span class='ocrx_word' id='word_1_1162' title='bbox 1918 3020 1987 3041; x_wconf 89' lang='lat' dir='ltr'>cum</span> <span class='ocrx_word' id='word_1_1163' title='bbox 2005 3009 2134 3040; x_wconf 66' lang='lat' dir='ltr'>instantii</span> <span class='ocrx_word' id='word_1_1164' title='bbox 2153 3009 2343 3048; x_wconf 69' lang='lat' dir='ltr'>supplicfirunt</span> <span class='ocrx_word' id='word_1_1165' title='bbox 2357 3035 2368 3049; x_wconf 86' lang='lat'>,</span> 
     </span>
    </p>
   </div>
   <div class='ocr_carea' id='block_1_21' title="bbox 1301 3060 2369 3783">
    <p class='ocr_par' dir='ltr' id='par_1_61' title="bbox 1301 3060 2369 3395">
     <span class='ocr_line' id='line_1_158' title="bbox 1301 3060 1333 3081; baseline 0 0"><span class='ocrx_word' id='word_1_1166' title='bbox 1301 3060 1333 3081; x_wconf 90' lang='lat' dir='ltr'>ut</span> 
     </span>
     <span class='ocr_line' id='line_1_159' title="bbox 1339 3074 2364 3126; baseline -0.002 -6"><span class='ocrx_word' id='word_1_1167' title='bbox 1339 3074 1422 3120; x_wconf 73' lang='lat' dir='ltr'>Cum</span> <span class='ocrx_word' id='word_1_1168' title='bbox 1438 3088 1577 3120; x_wconf 77' lang='lat' dir='ltr'>Beneficia</span> <span class='ocrx_word' id='word_1_1169' title='bbox 1591 3089 1636 3120; x_wconf 90' lang='lat' dir='ltr'>sua</span> <span class='ocrx_word' id='word_1_1170' title='bbox 1651 3087 1864 3126; x_wconf 77' lang='lat' dir='ltr'>Ecciefiastica,</span> <span class='ocrx_word' id='word_1_1171' title='bbox 1880 3097 1929 3125; x_wconf 90' lang='lat' dir='ltr'>per</span> <span class='ocrx_word' id='word_1_1172' title='bbox 1944 3085 2122 3118; x_wconf 84' lang='lat' dir='ltr'>Invafionem</span> <span class='ocrx_word' id='word_1_1173' title='bbox 2134 3086 2364 3126; x_wconf 86' lang='lat' dir='ltr'>Scotorum,de-</span> 
     </span>
     <span class='ocr_line' id='line_1_160' title="bbox 1322 3125 2367 3167; baseline -0.002 -9"><span class='ocrx_word' id='word_1_1174' title='bbox 1322 3137 1449 3167; x_wconf 86' lang='lat' dir='ltr'>auperata</span> <span class='ocrx_word' id='word_1_1175' title='bbox 1461 3128 1556 3159; x_wconf 85' lang='lat' dir='ltr'>forent</span> <span class='ocrx_word' id='word_1_1176' title='bbox 1571 3128 1760 3158; x_wconf 89' lang='lat' dir='ltr'>miserabiliter</span> <span class='ocrx_word' id='word_1_1177' title='bbox 1772 3128 1806 3158; x_wconf 76' lang='grc' dir='ltr'>δε</span> <span class='ocrx_word' id='word_1_1178' title='bbox 1820 3125 2050 3164; x_wconf 64' lang='lat' dir='ltr'>depretia-‚quod</span> <span class='ocrx_word' id='word_1_1179' title='bbox 2066 3134 2125 3155; x_wconf 91' lang='lat' dir='ltr'>non</span> <span class='ocrx_word' id='word_1_1180' title='bbox 2139 3133 2286 3164; x_wconf 85' lang='lat' dir='ltr'>poterant,</span> <span class='ocrx_word' id='word_1_1181' title='bbox 2297 3128 2367 3157; x_wconf 85' lang='lat' dir='ltr'>&#39;uxta</span> 
     </span>
     <span class='ocr_line' id='line_1_161' title="bbox 1301 3136 2365 3236; baseline -0.002 -39"><span class='ocrx_word' id='word_1_1182' title='bbox 1301 3167 1491 3236; x_wconf 45' lang='lat' dir='ltr'>ssaitagiodrtiem</span> <span class='ocrx_word' id='word_1_1183' title='bbox 1505 3167 1614 3198; x_wconf 87' lang='lat' dir='ltr'>solitam</span> <span class='ocrx_word' id='word_1_1184' title='bbox 1627 3165 1837 3197; x_wconf 85' lang='lat' dir='ltr'>Beneficiorum</span> <span class='ocrx_word' id='word_1_1185' title='bbox 1855 3165 1990 3202; x_wconf 89' lang='lat' dir='ltr'>suorum,</span> <span class='ocrx_word' id='word_1_1186' title='bbox 2008 3164 2058 3194; x_wconf 91' lang='lat' dir='ltr'>sibi</span> <span class='ocrx_word' id='word_1_1187' title='bbox 2081 3163 2240 3194; x_wconf 86' lang='lat' dir='ltr'>Decimam</span> <span class='ocrx_word' id='word_1_1188' title='bbox 2257 3136 2365 3197; x_wconf 70' lang='lat' dir='ltr'>soivere</span> 
     </span>
     <span class='ocr_line' id='line_1_162' title="bbox 1313 3215 1486 3236; baseline 0.006 -1"><span class='ocrx_word' id='word_1_1189' title='bbox 1313 3216 1330 3235; x_wconf 83' lang='lat' dir='ltr'>u</span> <span class='ocrx_word' id='word_1_1190' title='bbox 1351 3216 1379 3236; x_wconf 74' lang='lat' dir='ltr'>Ta</span> <span class='ocrx_word' id='word_1_1191' title='bbox 1401 3216 1408 3235; x_wconf 90' lang='lat' dir='ltr'>l</span> <span class='ocrx_word' id='word_1_1192' title='bbox 1441 3215 1486 3236; x_wconf 70' lang='lat' dir='ltr'>am</span> 
     </span>
     <span class='ocr_line' id='line_1_163' title="bbox 1332 3215 2368 3283; baseline -0.002 -9"><span class='ocrx_word' id='word_1_1193' title='bbox 1332 3215 1468 3274; x_wconf 63' lang='lat' dir='ltr'>lPlaceret</span> <span class='ocrx_word' id='word_1_1194' title='bbox 1489 3229 1569 3274; x_wconf 63' lang='lat' dir='ltr'>dieto</span> <span class='ocrx_word' id='word_1_1195' title='bbox 1589 3242 1664 3283; x_wconf 84' lang='lat' dir='ltr'>Regi</span> <span class='ocrx_word' id='word_1_1196' title='bbox 1685 3241 1876 3272; x_wconf 79' lang='lat' dir='ltr'>Taxationem</span> <span class='ocrx_word' id='word_1_1197' title='bbox 1893 3240 1979 3272; x_wconf 57' lang='lat' dir='ltr'>disice</span> <span class='ocrx_word' id='word_1_1198' title='bbox 2002 3239 2136 3272; x_wconf 81' lang='lat' dir='ltr'>Decima:</span> <span class='ocrx_word' id='word_1_1199' title='bbox 2161 3240 2270 3272; x_wconf 87' lang='lat' dir='ltr'>solitam</span> <span class='ocrx_word' id='word_1_1200' title='bbox 2291 3242 2368 3273; x_wconf 87' lang='lat' dir='ltr'>miti-</span> 
     </span>
     <span class='ocr_line' id='line_1_164' title="bbox 1321 3291 1381 3312; baseline -0.017 0"><span class='ocrx_word' id='word_1_1201' title='bbox 1321 3291 1381 3312; x_wconf 89' lang='lat' dir='ltr'>are·</span> 
     </span>
     <span class='ocr_line' id='line_1_165' title="bbox 1301 3291 2369 3358; baseline 0 -9"><span class='ocrx_word' id='word_1_1202' title='bbox 1301 3291 1320 3322; x_wconf 75' lang='lat' dir='ltr'>g</span> <span class='ocrx_word' id='word_1_1203' title='bbox 1338 3306 1444 3357; x_wconf 58' lang='lat' dir='ltr'>Sidque</span> <span class='ocrx_word' id='word_1_1204' title='bbox 1465 3319 1596 3357; x_wconf 59' lang='lat' dir='ltr'>qua-„dam</span> <span class='ocrx_word' id='word_1_1205' title='bbox 1617 3318 1765 3358; x_wconf 84' lang='lat' dir='ltr'>Mitigatio</span> <span class='ocrx_word' id='word_1_1206' title='bbox 1788 3317 1938 3348; x_wconf 88' lang='lat' dir='ltr'>Moderata</span> <span class='ocrx_word' id='word_1_1207' title='bbox 1955 3317 2040 3348; x_wconf 66' lang='lat' dir='ltr'>distre</span> <span class='ocrx_word' id='word_1_1208' title='bbox 2054 3317 2234 3356; x_wconf 83' lang='lat' dir='ltr'>Taxationis‚</span> <span class='ocrx_word' id='word_1_1209' title='bbox 2252 3325 2369 3357; x_wconf 85' lang='lat' dir='ltr'>propter</span> 
     </span>
     <span class='ocr_line' id='line_1_166' title="bbox 1302 3356 2077 3395; baseline -0.005 -5"><span class='ocrx_word' id='word_1_1210' title='bbox 1302 3358 1539 3390; x_wconf 65' lang='lat' dir='ltr'>DestruEtionem</span> <span class='ocrx_word' id='word_1_1211' title='bbox 1555 3357 1734 3395; x_wconf 66' lang='lat' dir='ltr'>praedietam,</span> <span class='ocrx_word' id='word_1_1212' title='bbox 1753 3356 1826 3388; x_wconf 70' lang='lat' dir='ltr'>faeta</span> <span class='ocrx_word' id='word_1_1213' title='bbox 1840 3357 1929 3387; x_wconf 82' lang='lat' dir='ltr'>fuerat</span> <span class='ocrx_word' id='word_1_1214' title='bbox 1943 3357 1986 3387; x_wconf 87' lang='lat' dir='ltr'>illa</span> <span class='ocrx_word' id='word_1_1215' title='bbox 2001 3358 2077 3387; x_wconf 88' lang='lat' dir='ltr'>vice:</span> 
     </span>
    </p>

    <p class='ocr_par' dir='ltr' id='par_1_62' title="bbox 1302 3395 2367 3629">
     <span class='ocr_line' id='line_1_167' title="bbox 1339 3395 2365 3435; baseline -0.001 -9"><span class='ocrx_word' id='word_1_1216' title='bbox 1339 3395 1377 3427; x_wconf 89' lang='lat' dir='ltr'>Et</span> <span class='ocrx_word' id='word_1_1217' title='bbox 1394 3395 1602 3435; x_wconf 81' lang='lat' dir='ltr'>postmodum,</span> <span class='ocrx_word' id='word_1_1218' title='bbox 1620 3405 1674 3434; x_wconf 89' lang='lat' dir='ltr'>pro</span> <span class='ocrx_word' id='word_1_1219' title='bbox 1697 3395 1823 3426; x_wconf 70' lang='lat' dir='ltr'>Decima</span> <span class='ocrx_word' id='word_1_1220' title='bbox 1843 3395 2065 3435; x_wconf 84' lang='lat' dir='ltr'>Qadriennali,</span> <span class='ocrx_word' id='word_1_1221' title='bbox 2082 3405 2150 3434; x_wconf 90' lang='lat' dir='ltr'>per,</span> <span class='ocrx_word' id='word_1_1222' title='bbox 2168 3395 2285 3426; x_wconf 86' lang='lat' dir='ltr'>celebris</span> <span class='ocrx_word' id='word_1_1223' title='bbox 2304 3403 2365 3425; x_wconf 88' lang='lat' dir='ltr'>me-</span> 
     </span>
     <span class='ocr_line' id='line_1_168' title="bbox 1302 3431 2364 3473; baseline -0.004 -7"><span class='ocrx_word' id='word_1_1224' title='bbox 1302 3436 1422 3473; x_wconf 81' lang='lat' dir='ltr'>moriae,</span> <span class='ocrx_word' id='word_1_1225' title='bbox 1440 3433 1606 3466; x_wconf 91' lang='lat' dir='ltr'>Dominum</span> <span class='ocrx_word' id='word_1_1226' title='bbox 1621 3434 1648 3473; x_wconf 86' lang='lat' dir='ltr'>J.</span> <span class='ocrx_word' id='word_1_1227' title='bbox 1668 3434 1774 3473; x_wconf 88' lang='lat' dir='ltr'>Papam</span> <span class='ocrx_word' id='word_1_1228' title='bbox 1794 3435 1962 3465; x_wconf 81' lang='lat' dir='ltr'>vicesimum</span> <span class='ocrx_word' id='word_1_1229' title='bbox 1983 3433 2139 3465; x_wconf 89' lang='lat' dir='ltr'>secundum</span> <span class='ocrx_word' id='word_1_1230' title='bbox 2164 3431 2312 3471; x_wconf 68' lang='lat' dir='ltr'>imposita,</span> <span class='ocrx_word' id='word_1_1231' title='bbox 2330 3432 2364 3462; x_wconf 93' lang='lat'>&amp;</span> 
     </span>
     <span class='ocr_line' id='line_1_169' title="bbox 1303 3469 2366 3514; baseline -0.004 -11"><span class='ocrx_word' id='word_1_1232' title='bbox 1303 3475 1384 3504; x_wconf 89' lang='lat' dir='ltr'>nobis</span> <span class='ocrx_word' id='word_1_1233' title='bbox 1399 3484 1450 3512; x_wconf 86' lang='lat' dir='ltr'>pro</span> <span class='ocrx_word' id='word_1_1234' title='bbox 1462 3474 1612 3505; x_wconf 84' lang='lat' dir='ltr'>medietate</span> <span class='ocrx_word' id='word_1_1235' title='bbox 1623 3472 1773 3512; x_wconf 54' lang='lat' dir='ltr'>concessa,</span> <span class='ocrx_word' id='word_1_1236' title='bbox 1791 3472 1827 3503; x_wconf 92' lang='lat' dir='ltr'>de</span> <span class='ocrx_word' id='word_1_1237' title='bbox 1839 3472 1924 3512; x_wconf 65' lang='lat' dir='ltr'>gratia</span> <span class='ocrx_word' id='word_1_1238' title='bbox 1939 3472 2104 3510; x_wconf 83' lang='lat' dir='ltr'>dumtaxat,</span> <span class='ocrx_word' id='word_1_1239' title='bbox 2123 3473 2187 3511; x_wconf 88' lang='lat' dir='ltr'>quia</span> <span class='ocrx_word' id='word_1_1240' title='bbox 2201 3477 2274 3514; x_wconf 52' lang='lat' dir='ltr'>tuncj</span> <span class='ocrx_word' id='word_1_1241' title='bbox 2289 3469 2366 3500; x_wconf 66' lang='lat' dir='ltr'>dieta</span> 
     </span>
     <span class='ocr_line' id='line_1_170' title="bbox 1304 3507 2366 3555; baseline -0.004 -13"><span class='ocrx_word' id='word_1_1242' title='bbox 1304 3512 1441 3543; x_wconf 82' lang='lat' dir='ltr'>Beneficia</span> <span class='ocrx_word' id='word_1_1243' title='bbox 1455 3513 1573 3544; x_wconf 82' lang='lat' dir='ltr'>relevata</span> <span class='ocrx_word' id='word_1_1244' title='bbox 1585 3522 1645 3543; x_wconf 92' lang='lat' dir='ltr'>non</span> <span class='ocrx_word' id='word_1_1245' title='bbox 1657 3511 1782 3549; x_wconf 87' lang='lat' dir='ltr'>fuerant,</span> <span class='ocrx_word' id='word_1_1246' title='bbox 1795 3512 1854 3542; x_wconf 73' lang='lat' dir='ltr'>tam</span> <span class='ocrx_word' id='word_1_1247' title='bbox 1868 3521 1916 3549; x_wconf 86' lang='lat' dir='ltr'>per</span> <span class='ocrx_word' id='word_1_1248' title='bbox 1931 3510 2017 3549; x_wconf 90' lang='lat' dir='ltr'>Nos,</span> <span class='ocrx_word' id='word_1_1249' title='bbox 2026 3512 2113 3549; x_wconf 72' lang='lat' dir='ltr'>quam</span> <span class='ocrx_word' id='word_1_1250' title='bbox 2126 3520 2177 3548; x_wconf 88' lang='lat' dir='ltr'>per</span> <span class='ocrx_word' id='word_1_1251' title='bbox 2192 3507 2366 3555; x_wconf 63' lang='lat' dir='ltr'>Magistrum</span> 
     </span>
     <span class='ocr_line' id='line_1_171' title="bbox 1305 3546 2367 3589; baseline -0.005 -8"><span class='ocrx_word' id='word_1_1252' title='bbox 1305 3551 1437 3581; x_wconf 79' lang='lat' dir='ltr'>Iclicrum</span> <span class='ocrx_word' id='word_1_1253' title='bbox 1457 3550 1492 3581; x_wconf 88' lang='lat' dir='ltr'>de</span> <span class='ocrx_word' id='word_1_1254' title='bbox 1512 3551 1699 3589; x_wconf 88' lang='lat' dir='ltr'>Concoreto,</span> <span class='ocrx_word' id='word_1_1255' title='bbox 1717 3560 1786 3582; x_wconf 89' lang='lat' dir='ltr'>tunc</span> <span class='ocrx_word' id='word_1_1256' title='bbox 1810 3549 1988 3589; x_wconf 88' lang='lat' dir='ltr'>Apostolicae</span> <span class='ocrx_word' id='word_1_1257' title='bbox 2006 3549 2085 3581; x_wconf 79' lang='lat' dir='ltr'>Sedis</span> <span class='ocrx_word' id='word_1_1258' title='bbox 2104 3550 2134 3579; x_wconf 90' lang='lat' dir='ltr'>in</span> <span class='ocrx_word' id='word_1_1259' title='bbox 2155 3546 2257 3586; x_wconf 78' lang='lat' dir='ltr'>Anglia</span> <span class='ocrx_word' id='word_1_1260' title='bbox 2277 3546 2367 3577; x_wconf 76' lang='lat' dir='ltr'>Nun-</span> 
     </span>
     <span class='ocr_line' id='line_1_172' title="bbox 1306 3590 2181 3629; baseline -0.003 -8"><span class='ocrx_word' id='word_1_1261' title='bbox 1306 3592 1402 3628; x_wconf 86' lang='lat' dir='ltr'>cium,</span> <span class='ocrx_word' id='word_1_1262' title='bbox 1421 3591 1509 3620; x_wconf 75' lang='lat' dir='ltr'>extitit</span> <span class='ocrx_word' id='word_1_1263' title='bbox 1521 3590 1655 3628; x_wconf 80' lang='lat' dir='ltr'>tolerata,</span> <span class='ocrx_word' id='word_1_1264' title='bbox 2176 3623 2181 3629; x_wconf 35' lang='lat'>⁵</span> 
     </span>
    </p>

    <p class='ocr_par' dir='ltr' id='par_1_63' title="bbox 1305 3622 2367 3707">
     <span class='ocr_line' id='line_1_173' title="bbox 1344 3622 2366 3667; baseline -0.005 -9"><span class='ocrx_word' id='word_1_1265' title='bbox 1344 3629 1434 3666; x_wconf 80' lang='lat' dir='ltr'>Super</span> <span class='ocrx_word' id='word_1_1266' title='bbox 1448 3639 1507 3666; x_wconf 89' lang='lat' dir='ltr'>quo</span> <span class='ocrx_word' id='word_1_1267' title='bbox 1522 3629 1651 3666; x_wconf 86' lang='lat' dir='ltr'>praefatus</span> <span class='ocrx_word' id='word_1_1268' title='bbox 1659 3627 1804 3667; x_wconf 78' lang='lat' dir='ltr'>johannes</span> <span class='ocrx_word' id='word_1_1269' title='bbox 1819 3627 1928 3658; x_wconf 90' lang='lat' dir='ltr'>Bullam</span> <span class='ocrx_word' id='word_1_1270' title='bbox 1941 3626 2038 3658; x_wconf 87' lang='lat' dir='ltr'>habuit</span> <span class='ocrx_word' id='word_1_1271' title='bbox 2052 3622 2265 3663; x_wconf 85' lang='lat' dir='ltr'>Apostolicam,</span> <span class='ocrx_word' id='word_1_1272' title='bbox 2283 3622 2366 3654; x_wconf 55' lang='lat' dir='ltr'>Con0</span> 
     </span>
     <span class='ocr_line' id='line_1_174' title="bbox 1305 3665 2367 3707; baseline -0.005 -10"><span class='ocrx_word' id='word_1_1273' title='bbox 1305 3669 1430 3698; x_wconf 65' lang='lat' dir='ltr'>tinentia:</span> <span class='ocrx_word' id='word_1_1274' title='bbox 1448 3667 1637 3705; x_wconf 86' lang='lat' dir='ltr'>subsequentis</span> <span class='ocrx_word' id='word_1_1275' title='bbox 1646 3689 1656 3705; x_wconf 88' lang='lat'>,</span> <span class='ocrx_word' id='word_1_1276' title='bbox 1669 3665 1831 3705; x_wconf 73' lang='lat' dir='ltr'>Johannex,</span> <span class='ocrx_word' id='word_1_1277' title='bbox 1846 3665 1906 3701; x_wconf 59' lang='lat' dir='ltr'>&amp;a</span> <span class='ocrx_word' id='word_1_1278' title='bbox 2244 3700 2249 3704; x_wconf 34' lang='grc' dir='ltr'>Ι</span> <span class='ocrx_word' id='word_1_1279' title='bbox 2364 3704 2367 3707; x_wconf 33' lang='grc'><strong>-</strong></span> 
     </span>
    </p>

    <p class='ocr_par' dir='ltr' id='par_1_64' title="bbox 1307 3698 2365 3783">
     <span class='ocr_line' id='line_1_175' title="bbox 1345 3698 2364 3745; baseline -0.006 -10"><span class='ocrx_word' id='word_1_1280' title='bbox 1345 3706 1408 3744; x_wconf 86' lang='lat' dir='ltr'>Set,</span> <span class='ocrx_word' id='word_1_1281' title='bbox 1426 3705 1493 3735; x_wconf 79' lang='lat' dir='ltr'>licet</span> <span class='ocrx_word' id='word_1_1282' title='bbox 1515 3705 1666 3742; x_wconf 82' lang='lat' dir='ltr'>Beneficia,</span> <span class='ocrx_word' id='word_1_1283' title='bbox 1684 3705 1722 3736; x_wconf 90' lang='lat' dir='ltr'>sic</span> <span class='ocrx_word' id='word_1_1284' title='bbox 1746 3704 1868 3743; x_wconf 87' lang='lat' dir='ltr'>vastata,</span> <span class='ocrx_word' id='word_1_1285' title='bbox 1885 3704 1937 3734; x_wconf 80' lang='lat' dir='ltr'>{int</span> <span class='ocrx_word' id='word_1_1286' title='bbox 1958 3699 2169 3745; x_wconf 38' lang='lat' dir='ltr'>&#39;am,·laudetur</span> <span class='ocrx_word' id='word_1_1287' title='bbox 2192 3698 2364 3738; x_wconf 81' lang='lat' dir='ltr'>Altiffimus‚</span> 
     </span>
     <span class='ocr_line' id='line_1_176' title="bbox 1307 3713 2365 3783; baseline -0.005 -9"><span class='ocrx_word' id='word_1_1288' title='bbox 1307 3752 1501 3783; x_wconf 88' lang='lat' dir='ltr'>competenter</span> <span class='ocrx_word' id='word_1_1289' title='bbox 1518 3744 1656 3781; x_wconf 82' lang='lat' dir='ltr'>relevata,</span> <span class='ocrx_word' id='word_1_1290' title='bbox 1677 3742 1816 3781; x_wconf 87' lang='lat' dir='ltr'>Pauperes</span> <span class='ocrx_word' id='word_1_1291' title='bbox 1830 3751 1924 3774; x_wconf 86' lang='lat' dir='ltr'>tamen</span> <span class='ocrx_word' id='word_1_1292' title='bbox 1937 3713 2044 3771; x_wconf 61' lang='lat' dir='ltr'>dierici</span> <span class='ocrx_word' id='word_1_1293' title='bbox 2059 3739 2172 3782; x_wconf 77' lang='lat' dir='ltr'>(quibus</span> <span class='ocrx_word' id='word_1_1294' title='bbox 2188 3747 2238 3775; x_wconf 86' lang='lat' dir='ltr'>per</span> <span class='ocrx_word' id='word_1_1295' title='bbox 2260 3737 2365 3769; x_wconf 83' lang='lat' dir='ltr'>Scdem</span> 
     </span>
    </p>
   </div>
   <div class='ocr_carea' id='block_1_22' title="bbox 1253 3775 2364 3825">
    <p class='ocr_par' dir='ltr' id='par_1_65' title="bbox 1253 3775 2364 3825">
     <span class='ocr_line' id='line_1_177' title="bbox 1253 3775 2364 3825; baseline -0.004 -14"><span class='ocrx_word' id='word_1_1296' title='bbox 1253 3800 1265 3803; x_wconf 90' lang='lat'>—</span> <span class='ocrx_word' id='word_1_1297' title='bbox 1309 3782 1508 3819; x_wconf 79' lang='lat' dir='ltr'>Apostolicam</span> <span class='ocrx_word' id='word_1_1298' title='bbox 1526 3783 1562 3825; x_wconf 68' lang='lat' dir='ltr'>de</span> <span class='ocrx_word' id='word_1_1299' title='bbox 1578 3781 1726 3812; x_wconf 82' lang='lat' dir='ltr'>Beneficiis</span> <span class='ocrx_word' id='word_1_1300' title='bbox 1746 3783 1814 3812; x_wconf 87' lang='lat' dir='ltr'>certi</span> <span class='ocrx_word' id='word_1_1301' title='bbox 1838 3781 1940 3811; x_wconf 87' lang='lat' dir='ltr'>valoris</span> <span class='ocrx_word' id='word_1_1302' title='bbox 1953 3777 2098 3809; x_wconf 85' lang='lat' dir='ltr'>mandatur</span> <span class='ocrx_word' id='word_1_1303' title='bbox 2110 3787 2140 3806; x_wconf 93' lang='lat' dir='ltr'>in</span> <span class='ocrx_word' id='word_1_1304' title='bbox 2153 3775 2249 3806; x_wconf 71' lang='lat' dir='ltr'>forma</span> <span class='ocrx_word' id='word_1_1305' title='bbox 2256 3775 2364 3815; x_wconf 83' lang='lat' dir='ltr'>Paupe-</span> 
     </span>
    </p>
   </div>
   <div class='ocr_carea' id='block_1_23' title="bbox 1307 3814 2367 4052">
    <p class='ocr_par' dir='ltr' id='par_1_66' title="bbox 1307 3814 2367 4052">
     <span class='ocr_line' id='line_1_178' title="bbox 1308 3814 2363 3861; baseline -0.004 -11"><span class='ocrx_word' id='word_1_1306' title='bbox 1308 3831 1372 3850; x_wconf 84' lang='lat' dir='ltr'>rum</span> <span class='ocrx_word' id='word_1_1307' title='bbox 1388 3821 1540 3858; x_wconf 78' lang='lat' dir='ltr'>provideri)</span> <span class='ocrx_word' id='word_1_1308' title='bbox 1554 3820 1691 3851; x_wconf 86' lang='lat' dir='ltr'>Beneficia</span> <span class='ocrx_word' id='word_1_1309' title='bbox 1707 3819 1828 3858; x_wconf 84' lang='lat' dir='ltr'>Pinguia</span> <span class='ocrx_word' id='word_1_1310' title='bbox 1841 3819 1986 3855; x_wconf 89' lang='lat' dir='ltr'>Centum,</span> <span class='ocrx_word' id='word_1_1311' title='bbox 2004 3815 2050 3860; x_wconf 80' lang='lat' dir='ltr'>vel</span> <span class='ocrx_word' id='word_1_1312' title='bbox 2065 3814 2262 3861; x_wconf 73' lang='lat' dir='ltr'>Ducentarum</span> <span class='ocrx_word' id='word_1_1313' title='bbox 2282 3815 2363 3846; x_wconf 81' lang='lat' dir='ltr'>Mar-</span> 
     </span>
     <span class='ocr_line' id='line_1_179' title="bbox 1309 3852 2363 3898; baseline -0.005 -9"><span class='ocrx_word' id='word_1_1314' title='bbox 1309 3869 1409 3889; x_wconf 79' lang='lat' dir='ltr'>caruni</span> <span class='ocrx_word' id='word_1_1315' title='bbox 1433 3860 1509 3897; x_wconf 83' lang='lat' dir='ltr'>(quae</span> <span class='ocrx_word' id='word_1_1316' title='bbox 1527 3861 1604 3898; x_wconf 83' lang='lat' dir='ltr'>juxta</span> <span class='ocrx_word' id='word_1_1317' title='bbox 1623 3859 1813 3890; x_wconf 80' lang='lat' dir='ltr'>Taxationem</span> <span class='ocrx_word' id='word_1_1318' title='bbox 1828 3858 1973 3895; x_wconf 85' lang='lat' dir='ltr'>antiquam</span> <span class='ocrx_word' id='word_1_1319' title='bbox 1986 3854 2035 3885; x_wconf 84' lang='lat' dir='ltr'>fibi</span> <span class='ocrx_word' id='word_1_1320' title='bbox 2049 3862 2168 3883; x_wconf 87' lang='lat' dir='ltr'>minime</span> <span class='ocrx_word' id='word_1_1321' title='bbox 2181 3852 2363 3898; x_wconf 74' lang='lat' dir='ltr'>deberentur)</span> 
     </span>
     <span class='ocr_line' id='line_1_180' title="bbox 1309 3889 2365 3938; baseline -0.004 -12"><span class='ocrx_word' id='word_1_1322' title='bbox 1309 3897 1358 3927; x_wconf 86' lang='lat' dir='ltr'>sub</span> <span class='ocrx_word' id='word_1_1323' title='bbox 1379 3897 1464 3928; x_wconf 63' lang='lat' dir='ltr'>diet-,e</span> <span class='ocrx_word' id='word_1_1324' title='bbox 1485 3897 1672 3938; x_wconf 80' lang='lat' dir='ltr'>Mitigan&#39;onis</span> <span class='ocrx_word' id='word_1_1325' title='bbox 1691 3896 1856 3934; x_wconf 82' lang='lat' dir='ltr'>velamine,</span> <span class='ocrx_word' id='word_1_1326' title='bbox 1871 3902 1972 3933; x_wconf 82' lang='lat' dir='ltr'>praeter</span> <span class='ocrx_word' id='word_1_1327' title='bbox 1991 3893 2028 3936; x_wconf 62' lang='lat' dir='ltr'>§c</span> <span class='ocrx_word' id='word_1_1328' title='bbox 2039 3899 2140 3921; x_wconf 82' lang='lat' dir='ltr'>contra</span> <span class='ocrx_word' id='word_1_1329' title='bbox 2155 3889 2365 3935; x_wconf 77' lang='lat' dir='ltr'>Intentionem,</span> 
     </span>
     <span class='ocr_line' id='line_1_181' title="bbox 1308 3929 2367 3974; baseline -0.006 -9"><span class='ocrx_word' id='word_1_1330' title='bbox 1308 3944 1339 3966; x_wconf 92' lang='lat' dir='ltr'>ut</span> <span class='ocrx_word' id='word_1_1331' title='bbox 1353 3936 1531 3967; x_wconf 84' lang='lat' dir='ltr'>virifimiliter</span> <span class='ocrx_word' id='word_1_1332' title='bbox 1544 3937 1703 3973; x_wconf 85' lang='lat' dir='ltr'>conicitur,</span> <span class='ocrx_word' id='word_1_1333' title='bbox 1722 3934 1919 3970; x_wconf 82' lang='lat' dir='ltr'>concedentis,</span> <span class='ocrx_word' id='word_1_1334' title='bbox 1935 3937 2086 3974; x_wconf 84' lang='lat' dir='ltr'>accipiant,</span> <span class='ocrx_word' id='word_1_1335' title='bbox 2104 3929 2138 3960; x_wconf 84' lang='lat'>&amp;</span> <span class='ocrx_word' id='word_1_1336' title='bbox 2151 3929 2277 3960; x_wconf 84' lang='lat' dir='ltr'>detinere</span> <span class='ocrx_word' id='word_1_1337' title='bbox 2295 3940 2367 3968; x_wconf 71' lang='lat' dir='ltr'>prae-</span> 
     </span>
     <span class='ocr_line' id='line_1_182' title="bbox 1307 3967 2366 4012; baseline -0.006 -8"><span class='ocrx_word' id='word_1_1338' title='bbox 1307 3974 1435 4012; x_wconf 81' lang='lat' dir='ltr'>sumunt,</span> <span class='ocrx_word' id='word_1_1339' title='bbox 1455 3976 1483 4005; x_wconf 88' lang='lat' dir='ltr'>in</span> <span class='ocrx_word' id='word_1_1340' title='bbox 1503 3974 1694 4006; x_wconf 86' lang='lat' dir='ltr'>Patronorum</span> <span class='ocrx_word' id='word_1_1341' title='bbox 1715 3973 1862 4004; x_wconf 66' lang='lat' dir='ltr'>dictorum</span> <span class='ocrx_word' id='word_1_1342' title='bbox 1880 3968 2103 4006; x_wconf 80' lang='lat' dir='ltr'>Beneficiorum,</span> <span class='ocrx_word' id='word_1_1343' title='bbox 2127 3969 2160 3999; x_wconf 74' lang='grc' dir='ltr'>δε</span> <span class='ocrx_word' id='word_1_1344' title='bbox 2183 3967 2366 3999; x_wconf 82' lang='lat' dir='ltr'>Praesentato-</span> 
     </span>
     <span class='ocr_line' id='line_1_183' title="bbox 1309 4008 2159 4052; baseline -0.008 -10"><span class='ocrx_word' id='word_1_1345' title='bbox 1309 4022 1375 4042; x_wconf 89' lang='lat' dir='ltr'>rum</span> <span class='ocrx_word' id='word_1_1346' title='bbox 1390 4012 1424 4042; x_wconf 84' lang='lat' dir='ltr'>ad</span> <span class='ocrx_word' id='word_1_1347' title='bbox 1438 4023 1485 4051; x_wconf 87' lang='lat' dir='ltr'>ea,</span> <span class='ocrx_word' id='word_1_1348' title='bbox 1501 4013 1697 4052; x_wconf 81' lang='lat' dir='ltr'>praejudicium</span> <span class='ocrx_word' id='word_1_1349' title='bbox 1711 4020 1771 4041; x_wconf 90' lang='lat' dir='ltr'>non</span> <span class='ocrx_word' id='word_1_1350' title='bbox 1783 4009 1931 4040; x_wconf 87' lang='lat' dir='ltr'>modicum</span> <span class='ocrx_word' id='word_1_1351' title='bbox 1946 4008 1980 4037; x_wconf 93' lang='lat'>&amp;</span> <span class='ocrx_word' id='word_1_1352' title='bbox 1993 4015 2159 4046; x_wconf 82' lang='lat' dir='ltr'>gravamen;</span> 
     </span>
    </p>
   </div>
   <div class='ocr_carea' id='block_1_24' title="bbox 1348 4043 2370 4113">
    <p class='ocr_par' dir='ltr' id='par_1_67' title="bbox 1348 4043 2370 4113">
     <span class='ocr_line' id='line_1_184' title="bbox 1348 4043 2370 4113; baseline -0.011 -29"><span class='ocrx_word' id='word_1_1353' title='bbox 1348 4051 1566 4089; x_wconf 69' lang='lat' dir='ltr'>Qiamobrem,</span> <span class='ocrx_word' id='word_1_1354' title='bbox 1578 4051 1613 4082; x_wconf 88' lang='lat' dir='ltr'>ad</span> <span class='ocrx_word' id='word_1_1355' title='bbox 1626 4049 1834 4087; x_wconf 68' lang='lat' dir='ltr'>requisitionem</span> <span class='ocrx_word' id='word_1_1356' title='bbox 1847 4045 2033 4078; x_wconf 84' lang='lat' dir='ltr'>Praelatorum</span> <span class='ocrx_word' id='word_1_1357' title='bbox 2042 4069 2050 4083; x_wconf 87' lang='lat'>,</span> <span class='ocrx_word' id='word_1_1358' title='bbox 2064 4046 2097 4076; x_wconf 91' lang='lat'>&amp;</span> <span class='ocrx_word' id='word_1_1359' title='bbox 2114 4044 2272 4077; x_wconf 85' lang='lat' dir='ltr'>Procerum</span> <span class='ocrx_word' id='word_1_1360' title='bbox 2287 4043 2370 4113; x_wconf 37' lang='lat' dir='ltr'>Rea-i</span> 
     </span>
    </p>
   </div>
  </div>
 </body>
</html>
