2562 4279
128 176 206 214 192

0 240 124 315 &lm-‘152
140 249 196 318 [ge
209 247 251 318 dicti
266 248 415 317 Ῑῖζεοὲειὶιῃε,
433 247 466 279 &
481 246 516 278 de
530 245 624 277 ouster
639 245 663 277 la
677 246 758 287 lange
771 246 1023 287 d’Engleterre,fil
1039 249 1199 289 poeit,que

43 289 56 319 3
102 307 109 314 .
178 290 221 318 1011
253 298 269 317 0
297 295 315 317 n
337 297 352 316 e

0 293 79 351 Edvf‘
86 333 113 362 3.
181 326 238 356 Pur
252 336 323 363 queu
337 308 450 362 passage
465 323 497 354 &
511 322 622 354 defense
637 323 719 361 faire,
737 322 756 353 il
769 333 841 355 nous
855 326 972 356 covient
986 325 1054 357 faire
1065 327 1195 359 Mises&

142 362 298 403 Coustage's
312 364 384 392 molt
397 361 564 399 exceffives,

179 402 234 439 Et,
250 409 366 432 coment
381 410 436 438 que
451 399 563 430 Grantz
576 399 648 429 Eidz
663 409 734 430 nous
746 400 837 431 soient
850 410 978 441 grantez,
997 402 1083 434 sibien
1099 414 1147 443 par
1168 405 1196 435 le

141 440 263 479 Clergee
276 462 285 478 ,
303 448 389 469 come
407 448 457 476 par
477 438 503 468 le
524 437 693 468 Commune
715 438 750 468 de
768 439 865 470 nostre
886 440 1019 472 Roialme
1032 466 1041 480 ‚
1057 452 1106 480 par
1125 443 1196 474 celle

141 478 240 515 cause,
255 479 331 508 nient
346 478 434 507 meins
450 476 488 506 les
500 477 639 514 Termes,
656 476 704 506 des
719 479 879 515 paiementz
898 479 934 509 de
949 489 1031 517 grant
1055 482 1143 519 partie
1159 481 1196 512 de

144 516 262 546 mesmes
276 517 312 545 les
326 514 427 552 Eides,
445 525 481 544 ne
495 514 557 545 sont
571 516 630 545 mie
643 525 750 546 uncore
764 525 871 555 venuz‚

180 554 232 584 Par
247 564 299 584 ont
310 554 328 583 il
345 564 416 583 nous
430 555 562 591 covient,
580 563 615 583 en
630 553 656 583 le
672 564 755 584 meen
770 563 878 594 temps,
897 555 969 587 estre
982 555 1071 588 Eidez
1091 557 1196 589 d'autre

142 601 218 660 pag?
235 602 281 630 par
296 593 362 623 voie
375 591 525 630 d’Apprest
540 593 573 623 ὃς
587 591 760 632 Chevance,
778 604 830 632 pur
846 594 865 624 si
877 604 958 634 grant
973 595 1031 627 fees
1045 595 1180 635 sustenir,

217 641 269 661 ous

179 653 380 699 Confid’eramz
402 679 456 707 que
477 679 564 707 vous,
582 670 615 700 ὃς
636 677 705 700 touz
724 678 813 702 autres
833 682 892 703 noz
909 674 1038 712 subgitz‚
1057 673 1133 704 estez
1154 681 1197 704 te-

140 716 199 737 nuz
211 730 221 745 ,
241 708 361 738 chescun
380 708 477 737 solone
497 708 546 738 son
568 709 645 745 poair
659 733 667 746 ,
686 709 791 740 d'eider
811 720 827 740 a
849 712 867 741 11
887 712 944 742 fort
964 712 1119 751 busoigne,
1140 719 1197 750 que

141 746 246 776 touche
260 756 399 776 commun
415 745 500 784 profit
514 747 547 777 &
563 746 650 777 l’estat
662 749 694 779 ὃς
708 748 839 780 salvation
853 749 888 780 de
903 758 966 781 tout
980 750 1076 781 nostre
1098 750 1198 781 Roial-

141 793 205 820 me,

186 822 266 852 Vous
286 824 378 860 prions
398 822 562 854 cherement
581 834 657 862 que,
683 824 746 854 sanz
767 826 842 857 nulle
862 827 1021 857 excusation
1041 838 1080 858 ou
1100 827 1198 858 fentise

141 860 300 900 monstret,
317 872 331 891 a
355 861 431 891 ceste
452 862 511 892 foiz
533 873 603 892 vous
618 872 688 893 nous
700 864 804 894 voillez
818 865 960 903 apprester
974 865 1040 896 Mill
1054 865 1132 896 Mars
1146 876 1195 904 pas

141 897 167 928 la
188 900 267 929 cause
289 899 402 938 susdite,
421 901 454 930 &
477 901 648 931 niaintenant
669 904 785 932 envoier
805 903 844 933 les
865 903 984 934 Deniers
997 915 1012 934 a
1027 904 1196 944 Loundrae,

141 946 194 1004 Bur
206 947 223 976 y
239 938 336 968 liverei·
350 948 365 967 a
378 939 473 969 nostre
486 939 639 977 Tresorer,
659 941 708 978 &,
727 940 768 971 sur
785 941 810 971 13
825 942 946 973 Liveree
959 942 996 973 de
1013 944 1132 975 mesmes
1156 943 1196 974 les

178 978 279 1014 eniers,
300 987 372 1007 nous
385 988 456 1007 vous
469 987 516 1008 ent
531 979 637 1008 ferroris
650 980 729 1009 avoir
744 980 807 1010 tiele
824 981 939 1012 Suertee
954 980 990 1011 de
1008 981 1101 1012 vestre
1120 983 1196 1022 paie-

142 1022 238 1053 ment,
257 1025 312 1053 que
328 1026 398 1046 vous
410 1016 471 1046 doit
484 1016 594 1053 suffire,
613 1018 646 1047 &
666 1017 684 1046 si
702 1016 782 1049 Vous
800 1019 923 1059 serronS,
941 1030 955 1050 a
978 1028 1042 1051 tous
1055 1021 1134 1059 jours
1169 1021 1197 1052 le

140 1051 202 1089 plus
223 1062 310 1084 tenuz
331 1055 364 1085 &
385 1055 411 1084 le
429 1055 487 1092 plus
511 1056 640 1099 gracious
661 1065 689 1087 es
702 1057 818 1097 choses,
832 1068 889 1098 que
902 1069 974 1090 vous
987 1068 1089 1091 averez
1100 1044 1196 1091 affiiire

141 1100 190 1128 par
204 1092 301 1123 devers
313 1102 385 1123 nous
398 1103 432 1123 en
446 1102 537 1131 temps
549 1104 654 1124 avenir.

178 1128 216 1161 Et
232 1130 268 1161 de
283 1141 330 1168 ce,
350 1141 405 1169 que
418 1142 489 1162 vous
504 1141 551 1162 ent
565 1132 671 1163 voillez
689 1133 774 1173 faire,
792 1146 865 1166 nous
883 1135 963 1167 facez
981 1136 1197 1177 distin&ement

140 1168 268 1199 certefier
282 1179 330 1207 par
346 1169 371 1199 le
385 1170 508 1200 Portour
524 1170 559 1201 de
573 1171 677 1210 cestes,
694 1173 727 1203 &
740 1183 788 1211 par
799 1183 859 1205 voz
874 1175 994 1207 Lettres.

179 1206 260 1237 Don.
275 1217 290 1238 a
305 1207 545 1249 Westmonstier,
562 1210 588 1240 le
608 1220 643 1240 12
652 1210 718 1249 jour
731 1212 768 1242 de
781 1212 909 1245 Feverer.

178 1282 302 1315 Autieles
317 1284 353 1315 de
366 1284 461 1317 Priere
474 1294 547 1317 ount
560 1286 598 1316 les
611 1287 804 1328 souzescrites,
823 1289 973 1328 d‘aprester
989 1300 1023 1322 au
1041 1291 1108 1332 Roy
1122 1292 1162 1324 les

228 1322 362 1354 Summes
373 1323 511 1357 susescritz
518 1348 528 1364 ,
543 1324 648 1357 desouz
660 1327 766 1359 mesme
776 1328 802 1359 la
815 1329 895 1368 date,
914 1329 982 1362 c’est
994 1330 1099 1363 affaver
1107 1352 1118 1370 ‚

180 1401 265 1438 Roger
280 1400 367 1440 Evef
375 1413 407 1433 ue
422 1403 502 1455 cestr.
517 1412 575 1443 500
594 1408 684 1435 Mart.

178 1438 278 1477 Johan
291 1442 319 1469 Ε
320 1413 378 1480 ve}
385 1453 416 1472 ue
429 1445 450 1472 A
460 1443 587 1483 Excestre
603 1452 659 1482 300
678 1447 769 1474 Mart.

177 1478 278 1516 Johan
291 1452 415 1521 EvesZue
429 1483 460 1511 de
475 1481 613 1521 Hereford
625 1492 682 1523 300
701 1487 790 1513 Mars.

180 1518 289 1546 Hamon
307 1519 367 1548 Eve
378 1530 427 1559 que
439 1520 472 1549 de
485 1520 621 1560 Rouccstre
636 1531 696 1552 200
715 1525 807 1553 Mars.

178 1556 266 1585 Henr.
281 1558 346 1586 Eve
357 1569 407 1598 que
423 1560 454 1588 de
469 1563 509 1589 St.
525 1560 629 1590 David
642 1570 698 1600 300
717 1564 809 1592 Mars.

179 1593 278 1623 Robert
295 1597 420 1636 Evesque
435 1598 467 1627 de
479 1598 609 1628 Salerbirs
628 1608 688 1630 200
708 1603 797 1630 Mars.

181 1632 300 1673 Wlstan
314 1635 439 1675 Evesque
453 1637 484 1666 de
500 1636 644 1676 Wyrcqstre
655 1647 714 1668 200
732 1641 824 1668 Mars.

180 1671 292 1701 Thomas
307 1674 431 1714 Evesque
446 1676 477 1704 de
491 1675 584 1705 Nicole
596 1685 656 1706 200
671 1676 690 1707 Ι.

179 1710 301 1740 L’Abbe
315 1713 346 1743 de
360 1713 501 1753 Gloucestr.
515 1724 573 1744 200
593 1718 684 1745 Mars.

178 1752 222 1778 Le
236 1752 331 1780 Priour
346 1751 429 1791 d’Ely
446 1761 501 1791 300
520 1756 610 1783 Mars.

178 1790 221 1817 Le
238 1790 334 1819 Priour
346 1791 378 1820 de
390 1793 510 1820 Norwiz
525 1800 582 1830 300
602 1794 691 1821 Marri

179 1826 301 1856 L’Abbe
316 1829 347 1857 de
361 1833 435 1858 Seint
449 1831 536 1859 Benet
557 1838 612 1868 300
632 1834 723 1860 Mars.

180 1865 303 1894 L’Abbe
320 1867 351 1896 de
366 1871 449 1896 Rame
462 1878 504 1906 eye
519 1877 579 1907 400
598 1872 688 1899 Mars.

179 1903 302 1933 L'Abbe
316 1906 347 1934 de
360 1909 434 1944 Burg
443 1917 455 1935 1
489 1916 528 1937 00
551 1910 642 1937 Mars.

178 1944 222 1970 Le
236 1944 332 1972 Priour
345 1945 376 1974 de
391 1944 457 1983 Spal
468 1957 523 1985 yng
539 1955 598 1976 200
618 1949 708 1976 Mars.

178 1980 299 2010 L'Abbe
313 1983 344 2012 de
356 1982 536 2023 Glastinghirs
550 1994 611 2023 400
630 1988 722 2015 Mars.

176 2018 299 2048 L’Abbe
311 2022 343 2050 de
357 2025 431 2052 Seint
445 2022 553 2062 Austyn
568 2023 600 2052 de
616 2024 733 2062 Briftuit
751 2033 806 2055 100
826 2027 914 2056 Mart.

178 2057 296 2087 L’Abbe
315 2059 346 2089 de
364 2064 469 2090 Cirence
494 2073 521 2090 re
544 2071 600 2092 100
620 2065 710 2093 Mars.

176 2096 297 2126 L'Abhe
315 2099 346 2128 de
364 2100 460 2129 Teukes
481 2111 528 2140 ury
550 2110 604 2130 100
625 2104 716 2131 Mars.

177 2134 299 2165 L'Abhe
317 2137 347 2167 de
366 2138 468 2179 Hayles
491 2149 546 2169 100
566 2143 657 2169 Mars.

177 2174 297 2204 L’Abbe
314 2177 346 2206 de
363 2176 499 2215 Evelham
524 2188 583 2208 200
602 2182 694 2208 Mars.

178 2214 221 2242 Le
236 2215 331 2244 Priour
345 2216 377 2246 de
393 2216 530 2256 Wirastr.
550 2226 608 2256 300
628 2221 720 2247 Mars.

177 2253 221 2280 Le
235 2254 331 2283 Priour
342 2255 373 2284 de
385 2259 512 2285 Coventr.
535 2265 591 2286 100
610 2259 701 2286 Mars.

0 2312 13 2333 b
179 2290 198 2308 *²
216 2293 257 2319 Le
272 2293 368 2322 Priour
381 2295 412 2323 de
422 2294 597 2324 Kenilworth
616 2304 671 2324 100
691 2298 781 2325 Mars.

25 2317 126 2352 V492·
178 2328 298 2359 L'Abhe
314 2332 346 2360 de
362 2333 485 2370 Petfhore
501 2343 556 2363 100
576 2337 666 2363 Mars.

178 2368 299 2398 L'Abbe
313 2370 343 2399 de
359 2372 437 2409 Hyde
454 2381 510 2402 100
529 2372 546 2402 Ι.

177 2406 296 2436 L’Ahbe
309 2409 338 2438 de
353 2410 468 2439 Nuttele
484 2419 540 2440 100
558 2413 649 2440 Mars.

178 2445 297 2474 L’Ahbe
310 2448 341 2476 de
353 2448 452 2477 Tharne
469 2459 509 2487 40
524 2447 542 2479 l.

176 2483 297 2512 L’Abbe
312 2487 342 2514 de
357 2487 489 2525 Certefi’ye
504 2497 542 2525 40
555 2486 574 2516 l.

180 2522 301 2551 L'Abbe
314 2524 345 2553 de
359 2525 386 2554 la
402 2522 532 2564 Baltayle
550 2535 605 2555 100
625 2525 643 2556 I.

178 2560 299 2590 L’Abbe
314 2564 345 2591 de
357 2563 516 2601 Fevetjsham
534 2573 588 2594 100
608 2564 626 2594 Ι.

177 2599 299 2629 L'Abhe
312 2602 344 2631 de
361 2604 403 2632 W
401 2602 564 2632 inchecumbe
587 2612 642 2632 100
657 2602 677 2632 l.

175 2638 298 2667 L'Ahbe
313 2641 344 2670 de
359 2642 493 2681 Redynges
512 2651 567 2671 100
584 2640 602 2670 Ι.

178 2677 300 2706 L’Abbe
317 2680 348 2708 de
361 2683 434 2710 Seint
449 2680 552 2718 Esman
567 2689 627 2719 400
647 2682 739 2709 Marr.

177 2715 299 2752 LfAbbe
314 2718 345 2747 de
358 2718 538 2758 Shrovesbury
557 2728 615 2748 200
635 2722 725 2754 Mqrs.

178 2754 301 2784 L’Abbe
316 2756 347 2785 de
361 2756 443 2795 Cestr.
466 2767 523 2796 300
540 2760 630 2787 Mars.

176 2792 296 2822 L’Ahbe
310 2795 341 2823 de
355 2799 468 2834 Oseneye
490 2804 544 2825 100
562 2799 653 2824 Mms.

176 2830 299 2861 L‘Abbe
313 2834 344 2862 de
359 2834 496 2873 Abyndon
515 2843 573 2863 200
594 2838 685 2863 Mars.

176 2869 298 2899 L’Abbe
313 2873 344 2901 de
357 2875 430 2902 Seint
447 2873 552 2902 Auban
572 2882 630 2911 300
648 2875 739 2902 Mars.

176 2907 298 2938 L’Abbe
312 2911 344 2940 de
358 2910 464 2950 Wstm.
488 2920 542 2940 100
561 2915 652 2940 Mars.

176 2949 219 2976 Le
234 2951 329 2978 Priour
348 2949 392 2979 del
403 2948 530 2988 Hospita!
549 2958 605 2985 300
625 2952 715 2978 Mars.

177 2988 220 3015 Le
234 2989 329 3017 Priour
342 2989 373 3018 de
387 2988 542 3018 Canterbirs
563 2997 620 3026 300
639 2991 730 3017 Mars.

176 3024 298 3055 L'Abbe
310 3025 341 3054 de
355 3030 430 3056 Seiut
446 3026 550 3066 Austin
567 3035 626 3056 200
645 3029 737 3055 Mars.

178 3063 300 3098 L'Abhe
313 3066 345 3095 de
359 3065 497 3105 colecestre
521 3075 577 3095 100
596 3068 687 3094 Mars.

178 3103 300 3136 L'Abbe
316 3105 347 3134 de
362 3106 516 3144 Burdeneye
535 3112 591 3134 100
612 3106 702 3132 Mars.

176 3145 299 3174 L'Abbe
313 3144 344 3172 de
357 3143 492 3177 Croyland
511 3152 566 3172 100
586 3145 677 3171 Mars.

177 3183 299 3213 L’Abbe
312 3182 343 3211 de
355 3182 487 3221 Thorneye
509 3191 564 3211 100
583 3183 676 3210 Mars.

177 3222 301 3252 L’Abbe
314 3221 347 3250 de
356 3220 496 3250 Thornton
519 3228 574 3249 100
593 3221 683 3248 Mars.

179 3266 223 3294 Le
235 3265 331 3292 Priour
345 3261 376 3290 de
388 3259 561 3290 Newenham
580 3266 635 3287 100
655 3259 746 3287 Mars.

178 3300 299 3332 L’Abbe
313 3300 345 3329 de
358 3297 482 3329 Derham
500 3307 539 3333 40
557 3296 576 3325 Ι.

178 3339 299 3370 L'Abbe
312 3339 343 3368 de
360 3336 474 3367 ldlzldon
497 3344 550 3364 100
568 3333 586 3364 Ι.

180 3377 304 3408 L'Abbe
317 3377 348 3406 de
362 3373 545 3414 Malmesbury
564 3383 623 3402 200
641 3371 659 3401 l.

179 3416 291 3456 Meistre
306 3414 366 3444 Elis
379 3415 411 3443 de
425 3417 499 3443 Seint
514 3411 623 3441 Alban.
640 3418 699 3448 500
718 3408 736 3438 l.

180 3454 292 3494 Meistre
305 3451 395 3491 Raufe
409 3452 440 3481 de
456 3450 636 3487 {ealdegrave
654 3458 712 3478 200
732 3447 750 3476 l.

179 3492 293 3531 Meiftre
307 3494 393 3521 Henr.
407 3491 439 3520 de
452 3488 604 3527 Idesworth
622 3496 679 3525 500
699 3489 789 3515 Mars.

179 3531 292 3570 Meistre
305 3529 395 3559 Alam
411 3530 442 3558 de
458 3527 582 3557 Hothum
600 3535 658 3564 500
678 3528 769 3554 lli'ars.

180 3569 282 3609 Mestre
296 3568 410 3598 Thomas
422 3568 454 3596 de
469 3565 578 3604 Asteley
592 3573 653 3603 400
673 3566 763 3593 Illam

180 3608 282 3647 Mestre
294 3606 433 3645 Reymund
443 3606 474 3634 de
490 3603 616 3642 Polegryn
635 3611 692 3640 500
711 3604 802 3631 Illam·-

181 3649 238 3675 Sire
253 3648 379 3674 Wautter
391 3644 424 3673 de
434 3642 573 3672 Louna'res
583 3643 665 3670 Dean
680 3641 711 3669 de
726 3639 808 3670 Wells
829 3648 886 3680 300
906 3644 996 3670 Mars,

182 3683 285 3721 Mestre
297 3683 417 3711 Richard
426 3682 457 3710 de
470 3679 607 3719 Thiselden
628 3687 686 3718 300
708 3681 797 3708 ,Marsa

185 3721 285 3759 Mestre
297 3721 396 3758 Johan
411 3720 443 3749 de
458 3717 640 3748 W'hitchi'rche
660 3727 716 3757 300
735 3719 824 3746 Mars.

185 3761 243 3787 Sire
257 3758 382 3787 William
396 3759 427 3787 de
440 3761 530 3786 Stowe
552 3766 608 3786 100
626 3759 717 3785 Mars.

187 3799 245 3826 Sire
259 3799 357 3825 Gervis
370 3796 400 3824 de
414 3795 541 3834 VVilford
558 3804 614 3823 100
631 3797 722 3823 Mars.

185 3837 243 3865 Sire
260 3834 383 3862 William
398 3835 429 3862 de
444 3832 600 3867 Brokelesby
620 3842 675 3861 100
690 3835 781 3861 Mars.

188 3871 315 3910 Monseur
329 3871 450 3900 Richard
463 3871 606 3911 llfiilughby
624 3879 684 3908 400
703 3873 794 3901 Mars.

187 3908 314 3949 MonJeur
328 3907 424 3945 Johan
436 3910 468 3937 de
479 3913 588 3938 Stonore
613 3918 669 3938 100
687 3907 704 3937 l.

187 3946 316 3987 Monftur
331 3945 456 3975 William
472 3949 502 3976 de
517 3945 672 3984 sharefhull
690 3954 744 3975 100
762 3945 782 3976 Ι.

188 3986 317 4026 Monseur
331 3986 415 4021 Roger
431 3984 538 4024 Hillary
561 3994 616 4014 100
635 3987 726 4013 Mars.

189 4029 246 4056 Sire
258 4023 357 4063 Esinon
368 4023 400 4052 de
418 4021 547 4060 Bereford
561 4031 618 4059 500
637 4026 728 4052 Mars.

189 4065 317 4103 Mensem
332 4063 420 4092 Henr.
434 4059 466 4090 de
478 4059 551 4090 Dale
572 4069 628 4098 300
647 4064 737 4091 Mars.

578 160 1380 217 CONVENTIONES‚
1437 162 1825 214 LITERAE‚

1274 252 1345 280 Mon
1357 261 1404 280 eur
1416 252 1444 280 E
1457 262 1518 281 mon
1533 250 1654 281 Gan-vill
1671 260 1730 291 300
1749 256 1843 283 Mars.
2316 259 2442 295 AnnJ),

1276 292 1327 335 Me
1351 300 1378 319 re
1392 292 1432 319 Ro
1449 297 1492 319 ert
1503 290 1534 319 de
1546 292 1706 320 Hereward
1716 292 1872 321 Ercedekne
1885 291 1917 321 de
1930 292 2037 323 Tanton
2055 302 2116 325 200
2133 297 2225 327 Imm
2336 303 2422 340 1346,

1275 330 1333 357 Stre
1375 327 1428 357 ohn
1446 329 1478 358 de
1492 328 1582 358 Leche
1596 329 1632 358 du
1647 332 1749 359 Counte
1763 331 1796 359 de
1810 329 1904 369 Norffi
1924 339 1981 369 300
2000 334 2092 362 Mars.
2316 342 2383 369 Ἐάν.
2403 351 2429 378 3⁶

1275 369 1328 396 Me
1351 376 1379 395 re
1392 366 1473 404 John
1486 367 1518 396 de
1534 366 1654 406 Kirkeby
1671 368 1824 398 Ercedekne
1838 370 1870 398 de
1884 369 2023 409 Dorcestre
2045 380 2102 402 100
2119 374 2211 403 Mars.

1276 403 1380 444 Mestre
1395 404 1525 435 William
1539 405 1571 435 de
1585 406 1681 436 Salton
1695 405 1848 445 Chanoigne
1862 408 1894 437 de
1909 407 2040 439 Salesbirs
2059 418 2115 439 100
2132 410 2152 441 l.

1274 442 1378 483 Mestre
1390 443 1516 473 Richard
1527 445 1558 474 de
1573 444 1746 475 Thermerton
1759 445 1913 484 chanoigne
1926 447 1958 477 de
1973 446 2104 478 Salesbirs
2122 458 2179 480 100
2196 448 2216 482 Ι.

1276 485 1334 511 Sire
1346 481 1448 519 Johan
1462 483 1494 512 de
1507 482 1593 522 Eston
1616 493 1673 513 100
1689 486 1781 514 Mars.

1274 519 1378 559 Mestre
1390 519 1515 550 Richard
1525 521 1557 550 de
1570 522 1705 562 Wytstade
1720 523 1840 563 Trefiirer
1853 523 2013 565 d’Excestre
2029 534 2089 556 200
2102 528 2194 565 Mam

1279 561 1329 587 Me
1354 569 1381 588 re
1406 560 1482 587 Piers
1504 560 1655 597 Inkepenne
1678 571 1734 591 100
1749 561 1768 591 l.

1277 596 1320 635 Jo
1339 608 1376 626 an
1391 597 1423 626 de
1437 596 1579 627 Cherleton
1594 598 1626 627 de
1639 600 1783 630 Loundres
1801 609 1877 631 1000
1891 600 1911 631 l.

1278 638 1337 665 Sire
1355 634 1488 676 Humfrey
1507 636 1539 665 de
1555 635 1682 675 Hastang
1700 647 1756 667 100
1772 639 1791 668 l.

1278 677 1337 703 Sire
1356 676 1450 711 Henry
1469 675 1500 704 de
1517 673 1692 714 Edenestowe
1714 685 1770 705 100
1787 675 1806 706 Ι.

1279 712 1382 752 Mestre
1401 711 1530 742 William
1547 713 1705 753 d’Excestre
1727 723 1783 743 100
1800 713 1820 744 Ι.

1278 755 1338 781 Sire
1356 750 1460 780 Nichol
1475 751 1625 781 Husbande
1641 761 1701 782 200
1718 756 1809 782 Mars.

1278 793 1338 819 Sire
1354 789 1455 827 Johan
1469 790 1501 819 de
1519 789 1690 830 Tylmyngton
1712 800 1769 821 100
1787 790 1805 820 l.

1279 827 1383 868 Mestre
1400 827 1527 858 William
1547 828 1678 858 Bacheler
1700 838 1756 859 100
1774 828 1795 858 Ι.

1277 869 1336 896 Sire
1352 866 1453 905 Johan
1471 867 1503 896 de
1522 870 1648 897 Cravene
1669 877 1726 898 100
1743 867 1762 898 Ι.

1277 904 1383 946 Mestre
1395 907 1511 936 Wauter
1526 906 1559 936 de
1570 906 1710 947 Lyndrich
1724 906 1879 938 Ercedekne
1894 908 1926 938 de
1941 910 2041 940 Lewes
2060 920 2116 942 100
2134 912 2226 943 Mars.

1588 1033 1639 1069 De
1661 1030 1771 1069 orando
1787 1046 1844 1084 pro
1868 1039 1956 1085 Rege.

1244 1118 1363 1177 REX
1374 1144 1382 1159 ‚
1400 1120 1552 1152 venerabili
1570 1121 1599 1151 in
1620 1120 1738 1153 Christo
1759 1121 1852 1162 Patri,
1888 1146 1894 1152 .
1909 1121 2016 1154 'eidem
2030 1119 2136 1163 gratia,
2153 1120 2303 1164 Archiepi-
2324 1121 2401 1153 Ann.
2415 1119 2458 1152 D.

1321 1159 1411 1197 scopo
1425 1158 1632 1199 Cantuarienfi,
1649 1161 1734 1192 totius
1748 1160 1858 1201 Angliae
1897 1163 2008 1201 rimati,
2027 1162 2163 1194 Salutem.
2342 1160 2430 1201 1346.

1278 1195 1348 1228 Satis
1362 1199 1452 1236 scitis,
1471 1199 1564 1229 immo
1580 1209 1647 1237 vos,
1664 1199 1734 1231 sicut
1746 1202 1844 1231 caeteri
1859 1199 1966 1232 Fideles
1980 1200 2218 1240 nostri‚quadam
2230 1211 2302 1232 one-
2322 1204 2374 1229 An.
2388 1212 2434 1230 20.

1242 1235 1305 1267 rosa
1324 1238 1535 1275 participatione
1555 1236 1690 1277 sensistis,
1709 1240 1820 1276 quantis
1839 1238 2016 1270 Guerrarum
2038 1240 2232 1271 incommodis
2245 1240 2300 1272 fui-
2325 1243 2354 1267 E·
2375 1249 2401 1276 3-

1243 1282 1324 1313 111115,
1343 1286 1358 1305 3
1371 1284 1504 1314 tempore
1521 1275 1635 1317 suscepti
1650 1277 1829 1316 Regiminis,
1845 1279 1982 1309 continue
1997 1278 2136 1309 lasceffiti:
2324 1277 2429 1307 Ibidem.

1281 1312 1319 1344 Et
1332 1314 1401 1344 cum
1415 1314 1544 1352 pridem,
1562 1317 1648 1353 captis
1661 1315 1787 1353 Treugis
1802 1317 1833 1346 in
1857 1316 2012 1355 Britannia,
2028 1327 2078 1355 per
2102 1316 2305 1349 mediationem

1243 1351 1367 1383 Domini
1388 1353 1502 1384 Summi
1520 1351 1667 1384 Pontificis
1701 1356 1776 1394 pacis
1793 1356 1942 1386 amoenitas
1963 1356 2116 1396 provenire
2136 1356 2307 1396 speraretur,

1243 1391 1337 1424 subito
1351 1393 1451 1430 quietis
1468 1391 1620 1430 Applausus
1633 1394 1661 1423 in
1693 1392 1818 1424 orridam
1831 1394 2171 1434 tranfitTempestatem3

1282 1429 1365 1461 Nam
1379 1430 1523 1469 Philippus
1537 1430 1574 1461 de
1589 1430 1718 1471 Valesio,
1736 1433 1785 1471 qui
1797 1432 1833 1463 ad
1847 1433 1935 1463 nostri
1949 1434 1983 1464 &
1995 1433 2161 1464 nostrorum
2183 1432 2309 1465 Subver-

1245 1468 1373 1508 sionem,
1391 1471 1485 1500 immo
1502 1469 1634 1500 Nationis
1648 1470 1816 1507 Anglicanae
1831 1470 2034 1510 Deletionem,
2052 1481 2105 1511 pro
2125 1472 2233 1503 viribus
2250 1471 2307 1503 ela-

1245 1509 1343 1547 borat,
1362 1509 1412 1539 sub
1427 1508 1529 1539 umbra
1540 1508 1682 1541 dictarum
1695 1509 1893 1549 Treugarum,
1909 1511 1987 1548 plura
2001 1511 2166 1550 commisit,
2184 1520 2235 1550 per
2242 1519 2308 1549 quae

1244 1547 1330 1578 dietae
1351 1547 1479 1586 Treugae
1496 1547 1649 1578 noscuntur
1669 1550 1783 1579 notorie
1803 1548 1932 1588 violatae,
1950 1549 2056 1589 Sicque
2076 1547 2221 1583 Guerram
2235 1549 2309 1581 resu-

1245 1594 1326 1656 metrJe
1341 1587 1542 1654 gompellimur
1559 1587 1653 1625 (novit
1669 1587 1838 1625 Altiffimus)
1853 1588 1887 1620 ὃ(
1901 1589 1992 1620 inviti.

1322 1635 1340 1654 n
1362 1635 1395 1664 e,

1284 1663 1323 1694 Et
1338 1664 1357 1694 si
1370 1665 1378 1694 i
1401 1664 1451 1695 fius
1464 1663 1622 1695 Adversarii
1635 1663 1724 1695 nostri
1736 1663 1896 1696 Thesaurus
1907 1665 1941 1697 &
1956 1665 2090 1697 Potentia
2104 1665 2204 1697 nostris
2224 1665 2309 1697 nimis

1246 1712 1365 1741 praepon
1387 1712 1482 1742 erent,
1500 1704 1534 1735 &
1550 1703 1606 1741 ipse
1617 1713 1667 1741 per
1679 1702 1776 1734 dolosa
1794 1704 1909 1735 consilia
1926 1705 2077 1744 praevalere
2097 1702 2196 1745 satagat
2211 1705 2242 1735 in
2254 1706 2309 1735 ini-

1246 1742 1350 1780 quitate
1364 1741 1428 1781 sua,

1285 1779 1355 1810 Nos
1367 1789 1462 1811 tamen
1462 1804 1479 1828 ³
1497 1791 1556 1812 non
1569 1780 1605 1812 de
1616 1780 1764 1819 Terreni,
1779 1781 1817 1813 set
1829 1781 1864 1812 de
1876 1780 1985 1813 Divina
1999 1781 2150 1822 Potentia,
2167 1792 2201 1813 ac
2213 1780 2311 1812 nostra

1246 1816 1345 1862 confisi
1362 1818 1492 1858 Justitia,
1509 1820 1569 1850 tam
1589 1829 1642 1857 pro
1664 1819 1826 1851 defenfione
1838 1820 1973 1852 Ecclesiae
1987 1821 2020 1852 &
2036 1821 2130 1861 Regni
2145 1820 2235 1852 nostri
2248 1820 2310 1851 An-

1267 1857 1328 1896 hae,
1346 1868 1379 1888 ac
1401 1858 1517 1889 aliarum
1540 1858 1698 1888 Terrarum
1719 1858 1896 1898 nostrarum,
1915 1861 2003 1898 quam
2022 1870 2076 1897 pro
2098 1860 2310 1898 recuperatione

1242 1866 1357 1937 furium
1380 1896 1546 1927 nostrorum
1567 1896 1808 1928 haereditariorum
1826 1920 1836 1935 ,
1860 1908 1925 1936 quae
1944 1898 2037 1929 dictus
2058 1897 2204 1936 Philippus
2225 1899 2310 1928 nobis

1245 1936 1355 1966 detinet
1369 1935 1402 1966 &
1418 1935 1535 1975 injuste,
1557 1934 1740 1974 Progreffum
1755 1935 1885 1966 nostrum
1901 1936 2051 1966 fortiorem
2064 1947 2124 1975 quo
2141 1936 2307 1974 postumus,

1246 1974 1316 2006 sicut
1332 1974 1449 2012 impellit
1462 1983 1585 2005 extrema
1599 1974 1777 2013 Necessitas,
1795 1974 1988 2005 ordinavimus
2006 1974 2075 2005 ultra
2098 1974 2200 2013 Mare,
2219 1983 2250 2006 ut
2271 1974 2308 2005 fic

1246 2013 1330 2044 nobis
1343 2013 1375 2044 &
1389 2012 1513 2043 Subditis
1525 2013 1642 2051 nostris,
1661 2012 1726 2050 post
1743 2013 1762 2032 ²¹²
1782 2013 1899 2050 longam
1914 2012 2159 2053 inquietudinem,
2176 2023 2226 2051 per
2249 2012 2308 2044 Dei

1245 2052 1381 2093 gratiam,
1401 2052 1512 2091 Qietis
1526 2051 1744 2090 plucritudinem
1760 2062 1956 2090 praeparemus.

1286 2090 1324 2122 Et
1338 2092 1416 2129 quia,
1435 2091 1469 2121 ad
1483 2091 1643 2129 hujusmodi
1657 2092 1773 2130 gratiam
1787 2090 2035 2129 consequendam,
2055 2089 2213 2121 vestrorum
2227 2090 2261 2121 &
2280 2100 2310 2121 a·

1245 2130 1352 2161 liorum
1373 2129 1513 2160 Fidelium
1535 2130 1710 2160 Orationuni
1734 2129 1875 2166 Suffragia
1895 2130 1975 2159 nobis
1998 2130 2136 2167 speramus
2155 2129 2314 2167 plurimum

1246 2176 1405 2208 oportuna,
1423 2178 1491 2199 cum
1513 2170 1542 2199 in
1564 2168 1643 2199 facto
1664 2167 1763 2198 nostro
1784 2168 1893 2199 nedum
1907 2167 2018 2198 Privata
2035 2167 2146 2206 nostra,
2164 2168 2201 2198 set
2216 2166 2313 2197 Com-

1247 2209 1345 2238 munia
1364 2207 1502 2238 Fidelium
1523 2207 1687 2238 nostrorum
1709 2207 1851 2237 versentur
1873 2206 2000 2238 Pericula
2016 2230 2025 2245 ,
2047 2207 2138 2237 velitis
2158 2217 2210 2244 pro
2229 2206 2311 2236 diCto

1247 2245 1399 2286 Progressu
1413 2245 1510 2276 nostro
1522 2245 1625 2277 Preces
1638 2246 1755 2276 devotas
1771 2245 1936 2283 effundere,
1957 2245 2091 2283 suplentes
2106 2246 2183 2275 vices
2198 2244 2310 2285 Moisy,
2336 2271 2339 2276 .

1247 2294 1279 2317 ut
1293 2285 1430 2324 possimus
1446 2284 1615 2316 Adversariis
1629 2284 1745 2323 nostris,
1764 2286 1792 2315 in
1804 2284 1960 2316 vestrarum
1982 2285 2127 2316 erectione
2148 2282 2311 2322 Manuum,
2344 2318 2345 2321 Ἰ

1247 2323 1406 2363 9121131010,

1285 2363 1341 2401 Et,
1359 2370 1388 2393 ut
1407 2361 1442 2392 ad
1464 2362 1727 2400 multiplicationem
1748 2361 1872 2393 Precum
1891 2361 1989 2392 Gratia
2009 2360 2146 2392 Coelestis
2161 2361 2311 2399 exuberet,

1246 2402 1350 2433 faciatis
1372 2401 1516 2439 (petimus)
1540 2411 1589 2439 per
1610 2400 1713 2431 vestras
1734 2400 1889 2432 Civitatem
1903 2399 2065 2432 Dioecesim
2078 2400 2111 2431 ὃ(
2124 2399 2311 2431 Provinciam

1246 2440 1348 2472 Miffas
1371 2440 1522 2477 celebrari,
1541 2439 1758 2470 Praedicationes
1777 2440 1810 2470 &
1831 2439 2028 2470 Proceffiones
2047 2438 2124 2477 fieri,
2143 2440 2176 2469 &
2190 2439 2242 2469 alia
2255 2439 2312 2477 piae

1245 2478 1415 2510 Placationis
1430 2478 1537 2509 Officia
1553 2479 1692 2517 exerceri,
1711 2487 1741 2509 ut
1757 2477 1839 2509 Deus
1862 2477 2072 2516 Omnipotens,
2087 2476 2183 2516 Justus
2197 2476 2310 2520 juder,

1245 2519 1318 2549 inter
1331 2517 1401 2548 Nos
1412 2518 1446 2549 &
1460 2517 1570 2548 dictum
1587 2516 1785 2548 Adversarium
1800 2516 1930 2547 nostrum
1945 2516 2098 2555 dijudicet,
2117 2517 2151 2548 &
2173 2515 2256 2545 nobis
2278 2523 2308 2544 in

1241 2556 1354 2597 Justitia
1373 2556 1524 2594 praevalere
1544 2555 1700 2594 concedat,
1720 2557 1756 2586 ita
1780 2555 1860 2592 quod
1882 2555 1916 2586 ad
1935 2555 1972 2585 sui
1995 2554 2075 2585 cedat
2095 2552 2182 2584 laudis
2194 2561 2308 2592 praeco-

1245 2597 1345 2633 nium,
1363 2592 1463 2626 Nobis
1484 2594 1518 2626 ad
1537 2596 1672 2625 meritum
1686 2617 1696 2633 ,
1714 2595 1747 2626 &
1770 2593 1878 2624 Christi
1900 2594 2040 2624 Fidelibus
2058 2590 2251 2622 commodum
2272 2591 2307 2623 &

1289 2643 1382 2664 1010111.

1245 2645 1353 2703 quDat.
1367 2671 1441 2710 apud
1459 2670 1751 2702 Westmonasterium
1762 2694 1771 2708 ‚
1789 2669 1925 2700 vicesimo
1939 2667 2059 2706 septimo
2073 2667 2120 2698 die
2132 2666 2286 2697 Februarii.

2329 2005 2462 2042 ·v.493;

1192 2819 1197 2825 ”
1215 2790 1219 2791 ⁷
1244 2815 1294 2848 De
1309 2812 1440 2861 Paffltgio
1462 2814 1549 2860 Regis
1560 2838 1570 2854 ,
1590 2821 1708 2858 propter
1727 2811 1901 2856 Nawgium
1911 2819 1967 2855 per
1982 2807 2124 2844 horridas
2138 2809 2306 2857 mepaesta-

1553 2870 1595 2892 tes
1610 2857 1779 2906 dtffipatum
1787 2885 1797 2901 ,
1817 2867 1988 2905 prorogato.

1243 2945 1357 3005 REX
1378 2945 1634 2985 Majorifflauivis,
1652 2946 1685 2977 &
1700 2945 1755 2976 toti
1772 2942 2143 2983 Communitati,Civitatis
2158 2940 2304 2975 suaeNor-
2323 2949 2400 2982 Arm,
2415 2952 2456 2985 D·

1313 2987 1398 3025 wici,
1415 2986 1549 3016 Salutem.
1953 3021 1959 3027 ι
2036 3021 2041 3026 .
2065 3021 2070 3026 .
2230 3021 2235 3027 ,
2350 2992 2438 3030 ¹346-

1283 3023 1366 3055 Licet
1385 3025 1468 3055 vobis
1486 3033 1575 3062 nuper
1594 3021 1820 3053 mandaverimus
1839 3019 1936 3060 quod,
1951 3030 1980 3051 111
2004 3019 2128 3051 civitate
2150 3020 2301 3060 praedisti,
2320 3032 2372 3058 An.
2386 3040 2433 3060 20,

1243 3060 1372 3093 Centum
1385 3063 1418 3094 &
1433 3062 1545 3100 Viginti
1562 3061 1705 3092 Homines
1720 3061 1853 3091 Armatos
1869 3060 1904 3090 eli
1925 3061 1950 3098 i,
1967 3059 2092 3097 arraiari,
2109 3059 2143 3089 &
2157 3060 2248 3098 triari,
2267 3059 2300 3090 &
2322 3072 2350 3094 E.
2373 3077 2397 3104 3,
2432 3070 2433 3075 ¹

1245 3102 1341 3132 Armis
1363 3101 1591 3139 competentibus
1613 3098 1733 3137 muniri,
1754 3100 1788 3130 ὃς
1811 3098 1895 3136 usque
1944 3096 2097 3140 ortumde
2118 3096 2301 3141 Portesmuth
2321 3110 2395 3134 Fran.
2408 3116 2454 3134 20,

1244 3140 1311 3170 duci
1324 3140 1467 3178 faceretis,
1485 3141 1522 3170 ita
1537 3138 1617 3177 quod
1630 3137 1717 3168 essent
1734 3137 1858 3174 ibidem,
1877 3136 1936 3166 Die
1958 3135 2134 3174 Dominica,
2153 3146 2181 3165 in
2203 3136 2300 3168 medio
2322 3149 2450 3182 13,3,p.1,
2484 3168 2490 3171 μ

1245 3177 1490 3215 Qnadraoeiimae‚
1509 3178 1643 3215 proximo
1665 3175 1774 3213 futura,
1794 3175 1828 3204 ad
1849 3174 1997 3211 ultimum,
2017 3176 2143 3212 prompti
2163 3175 2197 3205 &
2217 3177 2302 3214 parati
2320 3192 2357 3211 m,
2374 3192 2419 3219 30,

1244 3218 1279 3246 ad
1300 3203 1537 3253 proficiscendum
1558 3214 1729 3252 nobiscum,
1757 3212 1792 3243 ad
1813 3211 1902 3244 Vadia
1923 3211 2016 3242 nostra
2030 3235 2040 3251 ,
2065 3222 2118 3250 pro
2143 3212 2303 3246 Salvatione

1244 3255 1279 3286 &
1295 3254 1469 3286 Defenfione
1481 3254 1576 3293 Regni
1590 3252 1679 3284 nostri
1694 3251 1823 3291 Angliae‚
1841 3259 1926 3289 prout
1939 3259 2010 3282 tunc
2034 3250 2203 3282 duceremus
2226 3252 2304 3283 ordi-

1244 3293 1385 3324 nandum:

1283 3332 1360 3369 Qiia
1376 3340 1473 3361 tamen
1485 3330 1646 3370 Navigiurn
1661 3328 1792 3359 nostrum
1805 3337 1855 3366 per
1870 3328 1994 3360 horridas
2009 3327 2206 3366 Tempestates
2238 3339 2304 3368 quae

1244 3370 1295 3400 hiis
1310 3370 1503 3407 Temporibus
1516 3369 1576 3406 plus
1589 3369 1672 3399 solito
1684 3367 1909 3406 inopinabiliter,
1927 3367 1996 3398 sicut
2015 3368 2162 3398 notorium
2183 3378 2199 3398 e
2233 3391 2243 3406 ,
2261 3369 2305 3398 in-

1245 3409 1451 3445 valuerunt,ita
1464 3406 1682 3446 longe,lateque
1693 3405 1734 3436 est
1747 3405 1895 3443 dispersum
1905 3405 2002 3444 ,quod
2016 3406 2045 3436 in
2060 3413 2117 3436 tam
2133 3406 2210 3436 brevi
2228 3416 2301 3437 tem-

1245 3457 1332 3515 poffi,
1351 3446 1420 3477 sicut
1433 3446 1600 3484 sperabitur,
1614 3455 1675 3476 non
1690 3445 1796 3483 poterit
1810 3445 1996 3484 congregari,

1319 3495 1350 3515 os

1281 3522 1324 3554 Ex
1337 3508 1419 3554 causa
1435 3521 1584 3561 praediffl,
1602 3522 1636 3553 &
1650 3523 1688 3552 ne
1700 3520 1868 3559 Magnates,
1885 3522 1920 3552 δε
1932 3520 1977 3551 3111
1998 3519 2106 3550 Fideles
2127 3519 2231 3557 nostri,
2251 3522 2298 3559 qui

1243 3562 1393 3593 nobiscum
1407 3561 1468 3592 sunt
1482 3561 1654 3600 profecturi,
1675 3561 1745 3591 011111
1761 3559 1794 3590 ad
1809 3559 1895 3590 dietas
1909 3568 1996 3597 partes
2006 3558 2042 3589 de
2057 3558 2236 3589 Portesmutli
2252 3569 2301 3588 ve-

1242 3601 1351 3638 nirent,
1370 3609 1483 3630 moram
1496 3599 1632 3630 diutinam
1647 3598 1773 3637 ibidem,
1790 3597 1824 3628 ad
1837 3596 2216 3641 expectandum-Navigium
2227 3607 2300 3635 prce-

1241 3639 1370 3676 dietum,
1387 3638 1543 3675 traherent,
1561 3638 1595 3668 ὅ(
1609 3637 1731 3668 Patriam
1746 3636 1918 3674 adjacentem
1933 3646 1982 3674 per
2005 3635 2163 3674 hujusmodi
2181 3634 2300 3666 Moram

1242 3677 1317 3708 suam
1333 3685 1500 3714 onerarent,
1517 3677 1551 3707 &
1563 3676 1684 3706 nimium
1699 3675 1888 3712 devastarent,

1281 3715 1401 3745 Didium
1414 3714 1492 3744 Passa
1513 3715 1571 3744 ium
1585 3713 1733 3752 nostrum,
1751 3713 1787 3743 de
1809 3712 1926 3744 Affensu
1948 3710 2076 3742 Concilii
2093 3710 2197 3750 nostri,
2215 3710 2301 3748 usque

1241 3753 1275 3783 ad
1292 3753 1477 3791 Qiindenam
1515 3752 1605 3783 aschae
1614 3753 1750 3790 proximo
1764 3752 1891 3782 futuram
1905 3750 2035 3781 duximus
2050 3749 2272 3793 prorogandum.

1280 3791 1318 3822 Et
1337 3791 1405 3821 ideo
1427 3790 1526 3829 vobis,
1543 3791 1592 3821 sub
1611 3789 1786 3821 forisfiaetura
1805 3790 1938 3820 omnium
1958 3798 2022 3826 quae
2038 3789 2120 3832 nobis
2141 3786 2299 3818 forisfacere

1241 3830 1383 3867 poteritis,
1400 3828 1515 3859 firmiter
1530 3828 1707 3867 injungendo
1716 3850 1727 3867 ,
1737 3828 1901 3858 mandamus
1915 3827 1995 3865 quod
2011 3826 2158 3869 praedictos
2172 3823 2300 3869 Centum
2314 3844 2315 3848 =

1241 3868 1277 3898 &
1292 3867 1399 3906 Viginti
1414 3866 1559 3897 Homines
1571 3867 1722 3905 Armatos,
1740 3867 1761 3897 fi
1777 3866 1907 3896 nondum
1921 3865 2022 3902 010611,
2037 3865 2156 3906 armiati,
2175 3864 2208 3892 &
2224 3871 2299 3907 triati
2312 3873 2319 3893 2

1242 3905 1363 3943 fuerint,
1381 3905 1437 3935 sine
1451 3905 1586 3936 dilatione
1601 3906 1680 3944 eligi,
1698 3906 1822 3942 arraiari,
1839 3905 1873 3935 &
1888 3905 1979 3942 triari,
1996 3903 2030 3933 &
2051 3901 2137 3939 Equis
2154 3901 2187 3932 &
2202 3895 2321 3932 Α111113ἲ

1243 3944 1473 3980 competentibus
1494 3944 1597 3974 muniri
1613 3966 1623 3982 ,
1639 3943 1673 3974 &
1695 3943 1730 3974 ad
1751 3953 1805 3973 nos
1825 3942 1911 3979 usque
1931 3940 2100 3980 praedictum
2122 3938 2242 3982 Portum
2260 3939 2300 3984 de
2318 3949 2320 3951 ·

1244 3980 1423 4012 Portesmuth
1434 3981 1501 4012 duci
1515 3981 1634 4020 faciatis,
1651 3982 1688 4012 ira
1702 3980 1782 4019 quod
1795 3980 1847 4011 fint
1859 3979 1964 4010 ibidem
1970 4002 1984 4022 ,Ι
1997 3979 2026 4017 in
2048 3977 2184 4015 praedifflz
2197 3977 2313 4027 ‘Qun-,t

1243 4019 1333 4056 dena,
1350 4019 1384 4049 ad
1397 4019 1530 4051 ultimum
1552 4021 1678 4058 prompti
1690 4021 1723 4051 δε
1737 4020 1822 4057 parati
1837 4017 1872 4048 ad
1885 4015 2121 4056 proficiscendum
2135 4015 2300 4055 nobiscum,

1243 4057 1279 4089 ad
1293 4057 1381 4088 Vadia
1395 4057 1507 4097 nostra,
1525 4042 1595 4090 110111
1607 4056 1776 4098 praedictum
1791 4055 1841 4088 est.
2263 4090 2302 4122 Et
