2562 4279
790 153 898 193 ET
983 153 1249 194 ACTA

77 234 204 268 Anti-D·
258 239 328 270 Nec
349 238 528 270 Colletfmres
549 239 663 270 illorum
683 238 895 269 molestabimus
910 260 919 275 ‚
945 237 991 269 seu
1015 238 1176 275 molestari,
1204 237 1282 277 super

95 284 181 314 1330-
223 278 393 308 collectione
408 278 597 310 Decimarum
611 279 645 309 &
660 277 816 307 Fruituum
831 276 1035 314 praedictorum
1045 299 1054 314 ,
1079 287 1111 306 ac
1127 275 1285 306 Medietatc

74 315 140 342 Edv.
160 322 186 350 3·
222 316 336 346 illorum
350 339 360 354 ,
385 327 432 354 per
452 327 504 348 vos
519 340 528 354 ,
552 326 604 353 pro
623 315 749 345 Ecclesia
764 314 915 352 Romana,
934 323 965 344 ut
977 316 1140 352 prae'fertur,
1159 314 1284 351 retenta,

101 365 104 367 ’
225 354 270 423 festk
278 357 315 384 eis
330 356 424 392 potius
438 379 447 393 ,
472 362 558 392 prout
578 353 646 384 Nos
658 354 841 392 requirendos
856 352 1003 390 duxerint,
1022 353 1119 384 favore
1132 352 1227 391 Regio
1242 362 1285 382 as-

237 405 244 422 i
272 403 358 423 emus.

262 431 330 461 Nos
344 432 377 463 ὃς
391 430 568 462 Successores
588 430 699 461 nostros
714 452 723 466 ,
741 439 774 460 ac
787 430 885 459 omnia
900 427 995 458 nostra
1011 429 1044 459 &
1057 427 1102 458 sua
1114 428 1192 470 Bona
1202 453 1211 465 ,
1230 438 1283 466 pro

224 469 370 507 praemlffis
384 469 558 507 complendis
573 470 604 499 &
621 467 799 499 observandis
816 467 948 497 omnibus
956 474 1073 504 ,tenore
1086 469 1263 505 praeientium
1274 491 1283 504 ,

224 509 323 546 vobis,
343 508 376 539 &
392 508 484 539 eidem
502 507 654 545 Ecclesiae,
673 505 825 537 efficaciter
838 504 1002 543 obligantes.

262 584 421 616 Conservet
435 608 445 623 ,
462 585 522 615 &c.

261 661 331 692 Dat.
349 660 422 698 apud
438 660 622 698 Wodestok‚
640 659 814 690 duodecimo
828 656 873 688 die
887 657 1000 696 Aprilis.

227 786 276 816 De
295 781 475 830 pubh‘cando
491 785 626 814 Mortem
644 782 766 812 Comitis
786 781 900 812 Kantiae
921 801 931 817 ,
956 783 992 818 ὠ·
1012 778 1165 824 aristando
1184 780 1283 813 dicen-

484 840 526 863 tes
545 832 670 862 Patrem
688 830 775 874 Regis
792 827 842 873 effe
856 831 1021 863 viventem.

230 917 318 978 LE
337 917 394 948 Roi
410 925 444 946 au
458 913 614 945 Viscounte
627 913 664 944 de
679 911 828 952 Cumbre,
846 912 939 944 Saluz.

322 955 418 985 Come
432 952 595 990 n’adgaires,
614 961 650 982 en
665 951 760 982 nostre
775 951 954 989 Parlement,
973 960 1058 983 tenuz
1072 962 1088 983 a
1101 953 1146 983 W
1166 953 1286 991 ncestre,

232 992 342 1023 ascunes
354 993 444 1022 lettres
459 989 565 1021 Esmon
585 990 620 1020 de
631 989 812 1020 Wodestoke
827 1012 837 1028 ,
855 990 1009 1028 n'adgaires
1024 991 1124 1022 Count
1159 1003 1174 1022 e
1191 992 1288 1030 Kent,

79 1040 110 1062 E.
133 1045 158 1071 3.
230 1032 377 1062 tochantes
398 1029 520 1060 Trcison
539 1031 573 1061 ὃς
594 1028 760 1059 Defaisance
774 1028 811 1058 de
827 1028 922 1059 nostre
937 1028 1033 1067 Estat,
1052 1030 1172 1061 feuffent
1188 1041 1203 1061 a
1215 1041 1288 1061 nous

212 1095 217 1100 .
235 1068 404 1106 monstrees,
421 1067 448 1098 le
467 1067 560 1106 queles
574 1068 668 1098 lettres
679 1068 706 1098 le
720 1067 761 1098 dit
774 1066 873 1098 Count
888 1077 925 1098 ne
938 1067 1028 1098 dedist
1040 1069 1138 1107 point,
1156 1079 1205 1108 par
1218 1070 1287 1107 quoi

123 1121 135 1147 3
185 1131 190 1137 .
232 1107 250 1137 ii
263 1107 346 1137 estoit
359 1108 501 1136 comande
517 1117 553 1137 en
565 1105 650 1145 arest,

267 1145 307 1176 Et
320 1145 426 1175 rnesrne
441 1145 466 1175 le
479 1145 596 1183 Count,
614 1144 650 1175 de
661 1144 711 1175 son
726 1146 785 1174 bon
797 1155 879 1184 gree,
896 1145 962 1175 sanz
975 1145 1052 1176 nulle
1060 1155 1174 1176 manere
1187 1145 1224 1176 de
1235 1145 1287 1176 de-

230 1183 347 1221 stresce,
366 1183 535 1222 conoiffoit,
554 1183 656 1215 devant
669 1183 696 1214 le
711 1182 845 1214 Coroner
858 1184 894 1213 de
908 1184 1003 1214 nostre
1018 1183 1195 1223 Hostel,q’il
1211 1187 1288 1215 avoit

227 1222 278 1253 fait
292 1222 419 1253 Alliance
430 1246 440 1261 ,
463 1223 495 1252 δε
512 1223 598 1253 decea
616 1223 640 1252 la
655 1232 748 1260 meer,
767 1223 801 1253 &
816 1222 852 1252 de
865 1222 908 1260 la,
926 1232 978 1259 pur
992 1222 1140 1252 assembler
1154 1232 1224 1260 poet
1237 1223 1286 1253 des

225 1261 331 1292 *Gentz
343 1261 490 1299 d'Armes‚
509 1271 545 1292 en
561 1260 736 1291 Defesaunce
750 1260 786 1290 de
800 1259 895 1290 nostre
910 1260 1044 1299 Estat,&
1058 1260 1094 1291 de
1115 1261 1212 1292 nostre
1230 1260 1289 1291 Di-

230 1301 310 1340 gnite
321 1300 391 1330 Reai
411 1308 511 1330 contre
521 1300 571 1330 son
585 1299 735 1339 Homage‚
753 1298 875 1336 Foialte,
894 1300 927 1330 ὃς
943 1298 1119 1338 Ligeaunce‚

268 1338 388 1369 Ptenant
412 1339 514 1370 colour
535 1338 696 1369 fauzement
717 1338 818 1376 dece,
837 1347 910 1376 que,
929 1337 954 1367 la
970 1338 1047 1367 bone
1061 1348 1207 1375 memore,
1229 1337 1289 1369 Sire

229 1377 372 1416 Edward,
391 1377 542 1414 n’adgaires
556 1376 624 1415 Roy
637 1376 846 1415 d'Engleterre,
864 1376 960 1407 nostre
974 1376 1112 1406 treschere
1127 1376 1208 1407 Piere
1224 1377 1249 1414 (a
1259 1378 1289 1414 qi

231 1416 431 1446 Enterrement
451 1416 470 1445 il
493 1414 575 1445 estoit
589 1438 598 1453 ,
624 1414 664 1445 od
685 1423 775 1446 autres
790 1413 904 1445 Grantz
917 1414 953 1445 de
965 1414 1062 1445 nostre
1076 1415 1223 1453 Roialme)
1240 1415 1290 1446 de-

231 1455 293 1486 voit
307 1454 377 1485 estre
393 1464 428 1485 en
442 1455 505 1492 vie,

269 1492 306 1523 Et
324 1503 396 1524 nous
411 1515 422 1530 ,
444 1493 482 1522 les
502 1492 571 1523 dites
591 1492 688 1523 choses
709 1502 724 1522 a
746 1502 817 1523 nous
838 1491 993 1523 monstrees
1006 1515 1016 1530 ,
1035 1492 1208 1523 mandasmes
1221 1502 1236 1521 a
1252 1492 1290 1522 lui

229 1531 379 1570 Countes,
393 1529 516 1570 Barons,
535 1532 568 1562 ὃς
582 1540 671 1561 autres
686 1529 834 1570 Grauntz,
853 1531 886 1562 ὃς
900 1530 1016 1561 Nobles
1028 1531 1066 1561 du
1080 1531 1120 1561 dit
1139 1531 1291 1568 Roialme,

231 1581 267 1600 en
289 1570 328 1600 dit
347 1570 506 1600 Parlement
528 1570 653 1600 esteantz
699 1569 822 1600 devaunt
844 1579 936 1607 queux
957 1569 975 1599 il
997 1569 1034 1600 les
1048 1569 1120 1600 dites
1133 1569 1243 1600 Treson
1257 1569 1291 1599 &

233 1609 402 1648 Malveiste,
423 1609 476 1639 mis
490 1617 525 1639 en
541 1608 639 1647 escrit,
653 1592 800 1638 d’erechief
808 1608 942 1638 reconust
951 1631 961 1646 ,

270 1646 324 1677 Par
338 1648 426 1686 quoi,
445 1656 492 1686 par
506 1647 593 1678 affent
608 1645 655 1677 des
670 1645 730 1677 ditz
743 1645 873 1684 Couuts,
891 1646 1052 1684 Barons‚&
1067 1654 1156 1676 autres
1165 1645 1289 1683 Grantz‚

234 1687 268 1717 &
291 1686 424 1717 Noebles
437 1710 448 1724 ,
469 1695 505 1715 en
527 1685 632 1715 mesme
650 1684 677 1714 le
690 1683 866 1721 Parlement,
884 1694 932 1721 par
943 1684 1030 1721 agard
1042 1684 1144 1720 d‘icel,
1164 1683 1246 1714 estoit
1263 1684 1289 1714 le

232 1724 276 1754 dit
290 1723 409 1794 CiouMnt2,
426 1734 513 1755 come
527 1723 625 1754 nostre
637 1723 766 1761 Treitre,
785 1724 818 1753 ὃς
830 1723 946 1753 Treitre
961 1722 998 1753 du
1012 1722 1164 1760 Roialme,
1183 1723 1292 1762 Adjug-

255 1773 270 1793 e
281 1773 296 1792 a
319 1773 334 1792 a
387 1769 433 1794 ort

234 1771 254 1802 g
270 1801 350 1832 Vous
363 1786 591 1838 cominandons,
608 1799 767 1830 firmement
780 1799 976 1838 enjoignantz,
992 1809 1047 1838 que
1061 1809 1089 1830 es
1103 1800 1193 1837 lieux,
1209 1798 1293 1829 deinz

229 1839 324 1870 vestre
347 1839 441 1871 Baillie
453 1864 463 1878 ‚
488 1849 526 1869 ou
541 1848 612 1869 vous
626 1846 723 1869 verrez
738 1847 793 1875 que
802 1837 873 1867 seri-a
886 1837 998 1877 affaire,
1014 1840 1075 1869 auxi
1091 1839 1158 1869 bien
1171 1837 1292 1868 dedeinz

235 1877 412 1917 Franchises,
431 1888 517 1908 come
531 1877 649 1914 dchors,
667 1876 749 1906 facez
763 1876 870 1914 publier
885 1876 909 1906 la
924 1876 1008 1907 Mort
1023 1877 1050 1907 le
1071 1877 1113 1908 dit
1125 1876 1227 1907 Count
1240 1886 1293 1914 pur

232 1916 259 1946 sa
272 1917 392 1947 Treison
407 1912 611 1946 eMalveistez
624 1914 762 1945 Suisdites.

269 1953 326 1993 Et,
344 1955 364 1985 fi
379 1965 451 1986 vous
463 1954 584 1985 troessez
598 1953 665 1991 nul,
684 1963 740 1992 que
754 1953 875 1992 preche,
893 1964 933 1984 ou
953 1953 1000 1992 die
1012 1977 1021 1990 ,
1039 1963 1075 1983 en
1090 1954 1187 1992 prive‚
1202 1964 1242 1984 ou
1257 1964 1293 1984 en

232 2001 326 2030 apert,
346 2004 401 2032 que
415 1994 515 2024 l’avant
530 1992 573 2023 dit
587 1992 689 2022 Count
703 1991 786 2021 estoit
799 2000 955 2022 autrement
972 1993 1024 2022 mis
1043 2002 1058 2021 a
1081 1992 1104 2022 la
1119 1992 1218 2030 Mort,
1237 2002 1293 2030 que

231 2041 283 2068 per
297 2032 385 2062 assent
399 2032 446 2068 des
461 2032 521 2061 ditz
535 2030 666 2068 Grantz,
684 2031 718 2061 &
733 2039 782 2067 per
793 2030 874 2069 agard
890 2030 925 2060 de
938 2029 1100 2061 Parlement
1116 2053 1125 2068 2
1146 2032 1179 2062 &
1194 2040 1227 2060 ce
1242 2041 1293 2068 pur

233 2069 259 2099 sa
280 2070 399 2099 Treison
421 2070 453 2099 δε
476 2068 627 2099 Milveiste
641 2092 650 2106 ,
673 2078 760 2098 come
780 2068 821 2098 sus
836 2067 877 2098 est
891 2068 949 2107 dit,
967 2079 1006 2099 ou
1020 2079 1091 2107 que,
1109 2079 1162 2107 pur
1177 2079 1295 2099 moeve-

235 2116 315 2136 ment
328 2107 395 2137 faire
408 2107 447 2138 du
462 2108 544 2138 trube
554 2117 590 2137 en
611 2106 653 2136 dit
674 2106 807 2136 Roiaime
819 2129 828 2144 ,
855 2107 976 2144 preche,
995 2117 1034 2137 ou
1048 2107 1112 2144 die,
1131 2117 1188 2144 que
1200 2107 1295 2137 nostre

234 2144 275 2174 dit
284 2143 348 2175 Pier
361 2146 413 2175 soit
427 2156 463 2175 en
477 2146 543 2183 vie,
560 2145 703 2182 adonques
717 2144 754 2174 les
770 2144 867 2182 facez,
887 2146 949 2175 auxi
967 2146 1034 2175 bien
1047 2145 1133 2175 deinz
1142 2145 1296 2176 Fraunchi-

235 2182 293 2220 seS,
312 2193 397 2214 come
410 2183 529 2222 deiiors,
550 2182 679 2221 Arester,
698 2183 731 2213 δε
747 2182 909 2213 sauvement
924 2183 1020 2222 garder
1035 2193 1070 2213 en
1086 2183 1218 2222 Prisone,
1235 2193 1295 2216 tant

237 2231 324 2252 corne
337 2232 409 2252 vous
423 2233 458 2253 en
472 2231 522 2252 eez
536 2230 613 2252 autre
627 2220 829 2252 maundement
841 2221 877 2251 de
889 2232 970 2252 nous.

275 2259 313 2290 Et
327 2270 397 2290 nous
412 2260 459 2290 des
476 2270 568 2289 nouns
584 2260 619 2289 de
634 2268 704 2289 ceux
713 2282 723 2297 ,
741 2269 833 2298 queux
847 2271 918 2290 vous
934 2260 1024 2290 ferrez
1036 2260 1110 2291 iffint
1122 2261 1223 2291 arester
1232 2285 1242 2300 ,
1262 2262 1295 2293 &

234 2297 273 2328 de
288 2298 313 2329 ia
328 2299 424 2337 cause,
440 2298 476 2329 de
489 2305 579 2336 temps
595 2308 630 2329 en
643 2307 752 2337 tempS,
770 2297 892 2329 certifiez
906 2299 968 2330 sous
982 2298 1073 2330 vestre
1088 2298 1159 2330 Seal.

272 2374 364 2406 Done
376 2385 390 2405 a
406 2374 590 2406 Wodestoke
600 2399 610 2412 ,
629 2374 655 2405 le
671 2383 704 2414 13
715 2375 782 2414 jour
796 2374 932 2407 d'Averil.

236 2449 390 2527 gl'Eifndem
417 2451 508 2482 modo
535 2451 698 2483 mandatum
717 2451 759 2482 est
780 2451 891 2491 singulis
910 2451 1139 2484 Vicecomitibus
1162 2463 1210 2491 per
1235 2452 1298 2484 An·-

270 2499 293 2520 ia
327 2513 334 2520 .

274 2566 386 2598 Eodem
406 2561 497 2612 modo
521 2567 685 2599 mandatum
704 2567 746 2599 est
762 2566 924 2606 Justiciario
944 2567 1058 2599 Waiiiae
1073 2592 1081 2606 ,
1107 2567 1154 2599 vel
1168 2569 1224 2607 ejus
1238 2567 1299 2599 Lo-

240 2613 422 2638 cumtessentl·
868 2618 871 2622 ”

273 2682 364 2714 Teste
378 2692 408 2715 ut
421 2684 506 2723 supra.

241 2808 290 2840 De
306 2807 495 2852 informando
516 2809 771 2856 Archiepiftopum
793 2814 830 2849 (ῤ’
855 2812 975 2845 Clernm
995 2813 1240 2858 Cantuarienfi’m
1259 2812 1303 2845 ad

428 2858 592 2890 Concilium
608 2858 691 2904 apud
709 2857 858 2891 Lambeth
876 2870 1104 2895 conventurum.

95 2937 224 2970 AnnD.
243 2940 395 3002 REX,
408 2940 624 2985 „Venerabilibus
646 2941 774 2974 Patribus
788 2965 799 2982 ,
824 2943 853 2973 S.
872 2944 971 2976 eadem
985 2945 1073 2983 grati&
1108 2942 1301 2978 cantuariensi

118 2982 204 3016 1330.¹
325 2979 566 3023 Arcliiepisco'po,
585 2982 670 3011 totius
686 2981 800 3019 Angli-ae
815 2982 934 3013 Primati
971 2970 1132 3023 caeterisc'iue
1144 2985 1169 3015 E
1192 2985 1302 3023 {scopia

95 3020 148 3044 An.
161 3026 190 3051 4.
243 3017 409 3048 &Praelatis
422 3041 434 3056 ‚
451 3026 560 3056 totique
582 3018 671 3049 Clero
693 3018 896 3050 Cantuariensis
928 3007 1115 3061 l3r0vinciae,
1143 3033 1159 3053 a
1193 3023 1304 3053 Conci-

95 3059 127 3120 }
148 3064 174 3090 3.
243 3056 331 3124 Sulm’
347 3055 420 3094 apud
444 3056 587 3087 Lambeth
607 3057 626 3077 ’¹‘
647 3058 677 3087 in
700 3059 834 3095 proximo
855 3058 1056 3091 celebrandum
1071 3082 1081 3098 ‚
1106 3063 1303 3100 conventuris,

117 3099 155 3120 at.
172 3101 200 3127 4.
267 3104 280 3123 a
292 3102 377 3124 utem.

96 3134 127 3158 Ε.
138 3140 162 3166 3-
173 3137 196 3167 p.
209 3139 233 3157 1·
286 3131 332 3161 Ad
346 3132 557 3164 informandum
571 3144 623 3164 vos
636 3133 716 3172 super
729 3133 893 3172 quibusdam
907 3134 1022 3175 Magnis
1036 3137 1071 3167 δε
1084 3134 1185 3167 Arduis
1198 3137 1306 3176 Nego-

95 3178 133 3196 m-
151 3177 194 3203 3¹·
249 3171 308 3208 tiis,
327 3180 392 3208 quae
413 3171 478 3202 Nos
490 3195 500 3211 ,
521 3173 555 3203 &
575 3172 769 3203 defenfionem
786 3173 881 3213 Regni
895 3173 1000 3213 nostri,
1016 3174 1156 3214 totiusque
1171 3174 1306 3206 Ecclefiae

96 3206 116 3225 '¹¹‘
138 3208 190 3234 IV·
249 3208 434 3247 Anglicanae,
451 3210 622 3248 multiplicer
637 3212 802 3250 contingere
816 3211 1016 3250 dinoscuntur,

98 3252 167 3281 431-
283 3246 332 3277 De
353 3247 452 3284 quibus
475 3248 664 3280 Parliamento
683 3250 781 3280 nostro
796 3274 805 3288 ,
830 3250 909 3289 quod
922 3251 994 3290 apud
1009 3251 1201 3291 Wyntoniam
1216 3260 1305 3292 nuper

247 3286 400 3322 tenuimus,
419 3286 568 3317 traetatum
587 3289 676 3318 eXtitit
698 3289 731 3319 &
746 3288 929 3320 deliberatum
942 3289 976 3319 ad
990 3290 1122 3329 plenum,
1143 3293 1198 3329 set,
1218 3301 1305 3329 prop-

246 3333 289 3355 ter
304 3323 454 3353 absentiam
468 3324 606 3363 vestram,
625 3325 740 3363 praefate
755 3327 974 3367 Archiepiscope
989 3353 998 3366 ,
1018 3329 1051 3360 &
1068 3329 1261 3366 quorumdam
1276 3340 1306 3361 a·

247 3362 368 3399 Eorum,
387 3371 447 3392 non
461 3362 573 3393 fuerunt
586 3372 655 3394 tunc
671 3363 746 3393 dieta
760 3364 889 3402 Negotia
903 3365 1018 3397 finaliter
1031 3369 1196 3406 terminata,

286 3400 414 3430 Necnon
427 3399 462 3429 ad
477 3401 677 3438 exponendum
692 3402 776 3431 vobis
791 3402 935 3442 Pericula,
956 3415 1019 3443 quae
1034 3406 1134 3444 nobis,
1153 3408 1186 3437 &
1205 3406 1306 3445 vobis,

250 3439 284 3470 &
301 3439 353 3469 toti
367 3438 471 3478 Regno
485 3438 600 3477 nostro,
617 3439 801 3470 verisimiliter
821 3442 934 3472 evenire
945 3451 1097 3481 poterunt,
1115 3441 1166 3474 nili
1180 3445 1216 3475 de
1231 3445 1306 3475 ceie-

249 3478 315 3508 riori
331 3478 363 3507 &
380 3477 496 3507 cautiori
512 3476 657 3507 Remedio
671 3477 831 3516 hujusmodi
845 3478 978 3510 Periculis
992 3482 1140 3520 obvietur,

284 3515 416 3545 Diieetos
430 3515 464 3544 &
480 3513 587 3545 Fideles
603 3515 713 3545 nostros
747 3515 914 3547 Robertum
934 3518 970 3548 de
988 3519 1160 3557 Wopehous
1173 3543 1183 3559 ,
1202 3520 1308 3552 Archi-

248 3554 406 3584 diaconum
429 3553 648 3584 Richemundiae
661 3576 670 3591 ,
696 3540 912 3585 '1²hesaurarium
935 3556 1082 3595 nostrum,
1096 3557 1259 3596 johannem
1272 3557 1308 3590 de

250 3593 328 3630 Gray
338 3616 347 3630 ,
362 3592 522 3630 johannem
537 3591 573 3622 de
584 3591 708 3622 Stonore
723 3615 733 3630 ,
760 3593 794 3623 &
810 3593 957 3624 Simonem
971 3595 1008 3625 de
1022 3595 1174 3627 Swanlond
1183 3620 1192 3635 ,
1211 3597 1308 3635 Majo-

248 3640 310 3662 rem
332 3630 460 3661 Civitatis
480 3629 583 3660 nostrae
598 3629 760 3660 Londoniae
776 3654 786 3669 ,
803 3631 895 3670 Tres,
912 3633 959 3662 vel
972 3633 1055 3663 Duos
1069 3644 1187 3672 eorum,
1205 3635 1240 3665 ad
1255 3646 1307 3666 vos

249 3670 378 3701 duximus
400 3668 600 3706 destinandos,
627 3669 729 3706 quibus
750 3669 780 3700 in
800 3670 947 3707 praemiffis
968 3672 1001 3702 δε
1017 3682 1048 3702 ea
1063 3674 1257 3712 tangentibus,
1275 3674 1309 3704 fi-

249 3708 317 3737 dem
337 3706 483 3738 indubiam
500 3707 661 3745 praebeatis,
679 3706 712 3737 &
728 3716 761 3737 ea
773 3708 863 3739 taliter
877 3709 958 3739 cordi
971 3709 1125 3747 assumatis,
1145 3711 1240 3749 quod,
1259 3722 1310 3744 ve-

250 3745 308 3776 stro
327 3745 467 3776 mediante
488 3744 622 3775 Praesidio
637 3770 647 3783 ,
667 3744 743 3775 dics’ta
757 3745 865 3777 valeant
882 3747 1026 3786 Pericula,
1044 3749 1189 3779 auxiliante
1203 3749 1311 3781 Domi-

250 3793 306 3852 1130,
321 3784 472 3829 declinari,
491 3784 525 3815 ὃς
539 3783 646 3814 Honor
660 3783 754 3815 noster
767 3784 800 3814 &
814 3783 924 3824 vester,
941 3786 1038 3817 illaesus
1054 3788 1083 3817 in
1096 3787 1229 3819 omnibus
1237 3799 1310 3820 con-

264 3831 359 3852 ervari.
1007 3842 1009 3844 -

289 3858 434 3891 Caeterum
454 3861 536 3891 vobis
556 3861 715 3891 inhibemus
735 3862 772 3891 ne
787 3860 894 3900 aliqua,
911 3863 940 3892 in
957 3863 1092 3907 praedicto
1107 3862 1243 3896 Concilio
1259 3877 1310 3897 ve-

255 3895 314 3926 stro
326 3920 336 3935 ,
360 3908 424 3937 quae
445 3899 547 3938 Regiae
570 3899 707 3939 Dignitati
728 3898 831 3929 nostrae
853 3901 1046 3938 praejudicialia
1058 3901 1176 3941 fuerint,
1192 3903 1238 3936 seu
1253 3905 1310 3936 esse

254 3934 376 3973 poffint‚
389 3937 508 3976 faciatis,
527 3938 573 3969 seu
587 3938 743 3969 discernatis
760 3947 880 3976 quoquo
895 3938 996 3969 modo.

292 4009 382 4041 Teste
393 4012 480 4050 Rege
492 4015 566 4052 apud
581 4015 747 4048 Wodestok
754 4037 765 4055 ,
782 4015 899 4047 decimo
913 4016 1016 4057 quinto
1027 4015 1074 4049 die
1087 4016 1198 4057 Aprilis.

346 4072 418 4102 me.
436 4075 477 4103 Π.
496 4077 528 4105 Ρ.
546 4078 604 4107 HI,
718 4084 721 4085 ⁷

1332 150 1794 202 PUB'LICA.
2323 168 2376 213 43

1318 328 1377 357 Pro
1404 330 1523 360 Simone
1548 329 1583 362 de
1604 334 1713 364 Adonte
1734 334 1832 365 Aemo
1853 362 1862 376 ‚
1895 335 1931 367 de
1956 333 2092 381 Jnribm
2117 338 2215 381 Regiis
2237 342 2372 366 manme-
2404 322 2513 387 iffi}

1804 383 1915 417 neudiss

1319 457 1448 513 REX
1475 461 1634 506 Maioribus
1649 486 1658 507 2
1675 463 1902 496 Vicecomitibus
1914 490 1923 505 ,
1941 467 2067 504 Ballivis,
2088 467 2243 505 Ministris,
2261 465 2294 497 &
2310 474 2378 495 om-
2400 471 2465 502 Am]
2488 470 2527 502 Γ).

1391 498 1474 528 nibus
1495 500 1551 531 aliis
1573 502 1713 533 Fidelibus
1733 504 1783 534 suis
1797 526 1807 541 ,
1833 506 1892 535 tum
1911 507 1980 536 iufra
1996 506 2168 545 Libertates,
2187 507 2272 544 quiim
2286 512 2377 541 emi-a,
2426 520 2510 550 1330,

1319 530 1354 561 ad
1369 545 1456 574 QUOS,
1482 540 1542 569 &C-
1560 540 1693 571 salutem.
2398 553 2438 577 Ari
2463 562 2492 585 ψ.

1358 573 1404 616 Ad
1421 573 1490 618 Jura
1510 578 1603 621 nostra
1624 579 1713 617 Regia
1727 603 1736 616 ,
1754 581 1791 609 ne
1805 580 1967 619 depereant,
1985 582 2030 612 seu
2043 592 2093 620 per
2109 584 2269 621 aliquorum
2283 580 2377 611 Usu'r-
2398 592 2427 615 Ε.
2454 598 2478 619 2-

1321 617 1446 648 patrones
1458 614 1594 647 indebitas
1609 617 1759 656 aliqualiter
1773 618 1977 657 subtrahantur,
1987 630 2119 657 quatenus
2125 621 2199 660 juste
2213 628 2294 658 poter
2307 629 2378 655 rsus,
2401 621 2461 654 Pars
2471 636 2497 662 4.

1319 653 1562 683 manutenendum
1576 679 1584 692 ,
1609 656 1807 693 subtrafflxque
1835 658 1868 687 ὃ(
1887 667 2023 695 occupari
2038 681 2048 696 ,
2073 659 2091 688 si
2113 670 2176 697 quae
2197 659 2300 689 fuerint
2315 681 2325 696 ,
2342 658 2377 687 ad
2402 669 2427 692 Ε.
2450 675 2475 701 3.
2513 686 2520 692 .

1320 684 1430 718 Statum
1450 689 1577 734 debitum
1597 694 1790 724 revocandum
1806 718 1815 732 ,
1841 705 1954 726 necnon
1978 696 2010 725 ad
2034 704 2249 734 impugnatores
2263 706 2377 726 eorum·
2400 702 2529 731 1.m.26-„

1320 722 1389 755 dem
1399 726 1512 763 jurium
1527 729 1691 761 nostrorum
1708 732 1933 771 refraenandum,
1952 735 2000 771 Sc,
2019 744 2104 771 prout
2126 736 2261 765 convenit
2276 759 2284 774 ,
2299 735 2377 772 juxta

1321 765 1489 807 eorumdem
1512 768 1648 799 demerita
1671 770 1860 808 puniendum,
1879 782 1914 801 eo
1930 772 2072 802 stutiioiius
2084 773 2151 803 No<
2165 776 2247 804 decet
2261 781 2378 811 operam

1320 803 1470 842 adhibere,
1489 806 1662 838 &solicitius
1675 808 1823 838 extendere
1839 819 1955 839 manuni
1972 810 2094 840 nostram
2107 834 2117 849 ,
2141 822 2197 849 quo
2213 813 2247 842 ad
2262 813 2319 842 hoc
2328 811 2380 849 Ju-

1320 844 1441 886 ramenti
1463 843 1587 876 Vinculo
1610 849 1696 876 teneri
1719 846 1894 877 dinoscimur
1908 848 1941 877 &c
1954 848 2089 887 astringi,
2107 850 2252 888 pluresque
2268 849 2380 887 conspi-

1322 888 1413 910 cimus
1428 881 1515 913 uidies
1527 883 1595 921 Jura
1610 884 1654 915 illa
1666 895 1719 923 pro
1736 885 1840 915 viribus
1854 887 2027 924 impugnare.

1360 916 1439 948 Cum
1462 921 1554 959 itaque
1576 925 1604 953 in
1620 922 1710 954 Curii
1731 922 1844 961 nostra,
1862 934 1958 954 coram
1969 925 2130 962 justiciariis
2147 926 2246 957 nostris
2259 928 2295 957 de
2310 926 2382 957 Ban-

1322 965 1377 995 ςο,
1396 967 1445 1001 per
1466 960 1720 992 considerationem
1746 962 1868 999 ejusdem
1888 961 1986 992 Curiae
2000 988 2009 1000 ,
2035 966 2291 1000 recuperaverimus
2302 965 2381 995 Prae-

1323 994 1505 1027 sentationem
1526 999 1653 1029 nostram
1673 1001 1708 1030 ad
1726 999 1994 1031 Archidiaconatum
2012 1001 2200 1040 &Vallenseim
2219 1013 2381 1042 vacantem,

1323 1033 1356 1063 ὃς
1374 1033 1407 1077 ad
1428 1035 1554 1066 nostram
1569 1037 1767 1069 Donationem
1788 1039 1962 1076 speitantem
1980 1063 1988 1077 ‚
2009 1041 2117 1069 ratione
2131 1040 2314 1078 Episcopatus
2329 1042 2381 1072 Ba-

1326 1072 1479 1103 thonienfis
1501 1075 1535 1106 &
1555 1075 1705 1107 Wellensis
1730 1078 1852 1107 vacantis
1868 1100 1878 1116 ,
1903 1078 1979 1108 &in
1996 1078 2087 1108 Manu
2101 1077 2225 1109 Domini
2241 1080 2273 1109 E.
2292 1090 2384 1117 quon-

1324 1110 1390 1154 dam
1407 1110 1495 1151 Regis
1509 1113 1638 1153 Angliae,
1657 1115 1713 1146 Avi
1728 1115 1818 1145 nostri
1833 1140 1843 1152 ,
1862 1116 2018 1154 existentis,
2037 1116 2130 1147 versus
2145 1117 2329 1156 Radulphuin
2345 1117 2384 1147 E-

1325 1148 1474 1187 piscopum
1486 1150 1702 1183 Bathoniensem
1716 1154 1749 1184 δε
1766 1153 1955 1184 Welleni'em:

1362 1186 1446 1231 Et'ad
1462 1189 1735 1223 Archidiaconatum
1749 1192 1915 1230 praedietum
1924 1190 2076 1230 ,dilestum
2085 1192 2231 1225 Clericum
2244 1193 2385 1232 nostrum,

1326 1224 1500 1264 Rlagrstrum
1521 1229 1671 1260 Simonem
1695 1231 1732 1261 de
1752 1230 1859 1261 Monte
1873 1229 1970 1261 Acuto
1985 1232 2126 1268 priesenrax
2137 1235 2239 1264 eiiinus
2254 1234 2317 1269 lure
2332 1244 2386 1263 rio-

1326 1263 1385 1308 stro
1401 1265 1513 1305 Regio,
1532 1269 1812 1308 mandaverimusque
1825 1269 1942 1307 praer'ato
1959 1268 2100 1307 Episcopo
2110 1295 2118 1307 ,¹
2137 1281 2184 1308 per
2198 1266 2302 1303 diversa
2318 1271 2385 1302 Bre-

1326 1313 1371 1346 via
1393 1304 1485 1334 nostra
1498 1328 1507 1343 ,
1532 1307 1610 1344 quod
1632 1307 1801 1346 praedietum
1818 1308 1968 1338 Simonem
1980 1308 2014 1338 ad
2030 1308 2297 1340 Archidiaconatum
2310 1320 2383 1348 prae-

1325 1341 1435 1372 dietum
1451 1343 1626 1383 admitteret,
1646 1348 1680 1378 ὃς
1695 1346 1939 1377 Archidiaconum
1951 1346 2105 1377 institueret
2116 1349 2144 1376 iii
2161 1348 2278 1378 eodem:

1364 1380 1410 1411 Ac
1425 1382 1642 1415 intellexerimus
1652 1409 1661 1424 ,
1680 1385 1735 1422 iam
1750 1385 1786 1415 de
1799 1395 1896 1423 novo,
1912 1384 1992 1422 quod
2008 1384 2142 1424 quidam,

1360 1419 1421 1462 Jus·
1431 1421 1561 1452 nostrum
1585 1423 1712 1463 Regium
1726 1448 1736 1461 ,
1763 1426 1796 1455 &
1810 1423 1955 1461 Judicium
1969 1424 2137 1460 praedicstum
2146 1447 2156 1462 ,
2175 1431 2290 1455 necnon
2306 1426 2385 1456 Prae-

1327 1457 1657 1503 sentationem'nostram
1672 1487 1682 1500 ,
1707 1462 1788 1492 disto
1803 1461 1921 1493 Clerico
1942 1461 2041 1492 nostro
2056 1463 2094 1493 fic
2108 1462 2229 1502 faciam,
2248 1464 2387 1496 malitiose

1329 1506 1383 1533 pro
1396 1497 1502 1528 Viribus
1515 1507 1683 1537 impugnare
1697 1502 1830 1540 nitentes,

1362 1533 1590 1578 ‚Provocationes
1642 1539 1852 1577 Appellationes
1866 1563 1876 1578 ,
1906 1538 2091 1571 Inhibitiones
2103 1564 2112 1578 ,
2139 1540 2363 1572 Notificationes
2376 1567 2386 1581 ,

1330 1571 1488 1603 Citationes
1503 1597 1512 1612 ‚
1529 1563 1726 1615 Praei-i'xiones,
1747 1577 1911 1616 processus,
1929 1580 1963 1608 &
1985 1579 2034 1609 alia
2054 1578 2256 1619 impedimenta
2268 1580 2387 1620 diversa,

1330 1611 1365 1640 ad
1377 1611 1578 1659 deducendum
1593 1618 1741 1654 negotium
1757 1616 1823 1646 illud
1839 1625 1915 1646 eirtra
1927 1617 2065 1655 Regnum
2079 1617 2224 1656 nostrum,
2240 1619 2388 1659 fecerunt,

1329 1649 1434 1717 ¹&stiieri
1449 1661 1651 1693 procurarunt,
1670 1655 1703 1685 &
1718 1654 1754 1684 de
1766 1654 1812 1684 die
1821 1656 1850 1684 in
1866 1654 1943 1685 diem
1954 1656 2046 1685 facere
2060 1657 2094 1687 &
2105 1666 2256 1696 procui-are
2269 1658 2388 1688 nonde-

1341 1699 1348 1717 i
1377 1696 1444 1727 urit,

1352 1725 1422 1770 'Per
1446 1737 1510 1766 quae
1526 1731 1622 1769 utique
1637 1754 1646 1770 ,
1665 1731 1684 1761 si
1701 1731 1904 1771 procederent,
1919 1732 1970 1771 Jus
1986 1731 2115 1763 nostrum
2129 1732 2275 1774 Regium,
2292 1736 2325 1766 &
2336 1735 2390 1774 Ju—

1329 1764 1438 1795 dicrum
1458 1768 1626 1804 praeditfftuin
1639 1795 1648 1808 ,
1675 1781 1708 1800 ac
1730 1770 1849 1802 effeetus
1872 1770 2092 1802 Praesentationis
2107 1771 2213 1802 nostrae
2226 1774 2389 1813 praedictae,

1329 1803 1462 1848 adnullari
1470 1828 1481 1844 ,
1496 1808 1634 1845 nobisque
1646 1810 1679 1840 &
1694 1808 1823 1839 Coronae
1838 1809 1943 1840 nostrae
1956 1809 2020 1840 alias
2034 1811 2230 1849 praejudicium
2247 1813 2280 1844 &
2295 1813 2389 1844 exhae-

1331 1842 1437 1873 redatio
1452 1845 1642 1883 multipliciter
1656 1847 1768 1887 poffent
1781 1850 1913 1887 generari.

1369 1881 1454 1920 Nos,

1369 1920 1506 1963 Volentes
1525 1922 1687 1961 hujusmodi
1708 1924 1792 1955 nobis
1813 1924 2048 1964 Praejudicialibus
2061 1949 2071 1965 ,
2096 1926 2130 1957 &
2150 1922 2389 1959 Exhaeredationis

1332 1960 1477 1999 periculo,
1495 1961 1546 1991 viis
1563 1962 1596 1992 ὃς
1618 1963 1726 2001 modis,
1746 1963 1845 2001 quibus
1864 1965 2035 2002 poterimus,
2055 1973 2139 2002 prout
2151 1966 2185 1996 ad
2200 1967 2258 1997 hoc
2273 1967 2389 1999 diversi-

1332 1997 1420 2041 mode
1442 2007 1573 2042 tenemur
1595 2002 1629 2032 ὃ(
1649 2001 1845 2041 astringimur,
1863 2004 1993 2041 obviare,
2013 2004 2046 2033 ὅ(
2061 2001 2189 2034 Conatus
2202 2004 2313 2036 illicitos
2325 2012 2391 2036 om-

1330 2046 1411 2065 nium
1432 2038 1466 2081 ᾧ(
1480 2039 1652 2077 ungulorum
1662 2039 1731 2077 jura
1744 2041 1838 2071 nostra
1855 2043 2017 2081 impugnare
2031 2042 2204 2080 volentium,
2224 2044 2390 2082 refraenare,

1369 2073 1462 2118 Vobis
1486 2076 1520 2106 &
1547 2078 1663 2108 cuilibet
1690 2078 1818 2109 vestrum
1844 2082 2023 2117 praecipimus
2049 2080 2167 2111 firmiter
2193 2082 2365 2122 injungentes
2381 2106 2390 2121 ,
2486 2113 2490 2116 .

1331 2113 1427 2151 quod,
1446 2116 1464 2143 ii
1486 2125 1557 2159 quos
1571 2117 1729 2147 inveneritis
1751 2117 1910 2156 hujusmodi
1923 2118 2158 2158 provocationes,
2177 2120 2195 2139 ²*
2216 2120 2390 2161 Appellatio-
2410 2116 2425 2132 ⁸
2452 2117 2504 2145 IV*

1331 2161 1380 2181 nes
1395 2176 1405 2187 ,
1429 2151 1632 2193 Inhibitiones,
1649 2154 1871 2187 Notificationes
1883 2181 1892 2195 ,
1911 2157 2083 2195 Citationes,
2102 2157 2296 2197 Praefixiones,
2318 2159 2390 2190 Pro-
2409 2163 2475 2193 432·

1332 2189 1436 2228 cessus,
1456 2199 1503 2221 aut
1516 2192 1566 2236 alia
1584 2193 1789 2231 impedimenta
1810 2205 2016 2234 quaecumque,
2032 2196 2165 2227 facientes
2179 2196 2213 2227 ad
2232 2198 2392 2235 impedien-

1333 2227 1404 2258 dum
1418 2238 1616 2262 executionem
1625 2232 1728 2270 Judicii
1740 2233 1882 2271 praediffl,
1901 2235 1934 2265 &
1949 2233 2086 2264 effectum
2102 2235 2325 2267 Praesentationis
2336 2240 2392 2268 no-

1334 2268 1398 2298 strae
1428 2268 1571 2305 praedietae
1585 2293 1594 2308 ,
1626 2272 1660 2301 ὃς
1680 2271 1714 2301 ad
1735 2273 1937 2302 deducendum
1958 2273 2106 2312 negotium
2126 2274 2296 2311 praedidtum
2316 2285 2392 2307 eXtra

1297 2340 1306 2347 .
1333 2305 1474 2344 Regnum
1488 2308 1633 2346 nostrum,
1652 2318 1720 2339 tunc
1740 2320 1788 2341 eos
1803 2311 1860 2341 sine
1872 2311 2006 2341 dilatione
2021 2313 2102 2350 capi,
2121 2313 2154 2342 &
2166 2314 2194 2342 in
2212 2312 2324 2344 Prisonfi.
2338 2318 2392 2350 no-

1334 2344 1388 2375 stra
1404 2345 1483 2414 c{alvo
1503 2346 1640 2377 custodiri
1654 2348 1773 2386 faciatis,
1791 2349 1885 2381 donec
1901 2350 1974 2380 aliud
1988 2349 2054 2380 inde
2070 2360 2086 2380 a
2100 2351 2184 2382 nobis
2198 2350 2349 2384 habueritis
2361 2354 2392 2384 in

1336 2393 1403 2413 man
1423 2393 1480 2414 atis,

1372 2460 1406 2490 In
1421 2461 1516 2500 cujus,
1534 2462 1594 2493 &o

1373 2537 1462 2570 Teste
1476 2538 1559 2579 Rege
1572 2539 1645 2578 apud
1664 2540 1829 2572 Wodestok
1837 2565 1847 2581 ‚
1867 2542 2003 2573 vicesimo
2018 2544 2119 2582 quinto
2133 2537 2179 2574 die
2193 2543 2306 2583 Aprilis,

2027 2623 2081 2650 Per
2095 2620 2177 2660 ipfltm
2189 2623 2295 2660 Regem.

1516 2745 1566 2776 De
1583 2743 1753 2777 ‘naa-ando
1767 2750 1836 2776 cmix
1852 2742 2013 2777 Nobilibus
2030 2747 2214 2790 Aquitaniae»

1338 2828 1426 2886 RE
1437 2827 1468 2858 X
1493 2828 1642 2860 Universis
1656 2830 1690 2860 &
1703 2829 1813 2869 singulis
1827 2828 1861 2858 ad
1877 2839 1965 2868 quos,
1978 2830 2038 2861 &o
2049 2829 2182 2862 Salutema
2419 2838 2494 2871 Am,
2506 2835 2545 2871 D..

1430 2866 1582 2898 Noveritis
1598 2868 1676 2906 quod
1691 2868 1760 2898 Nos
1768 2892 1777 2905 ,
2436 2889 2448 2909 1
2457 2889 2467 2900 a
2476 2884 2522 2920 30,

1375 2904 1424 2935 De
1437 2904 1460 2934 F
1461 2905 1581 2936 idelitate
1593 2905 1766 2944 probata,&
1782 2904 2047 2944 Circumspec‘tione
2060 2907 2195 2946 provida,
2214 2907 2397 2939 Dilectorum
2414 2901 2468 2946 Aa?
2480 2928 2508 2954 4·

1338 2943 1372 2973 &
1393 2943 1531 2973 Fidelium
1552 2944 1715 2975 nostrorum
1730 2967 1739 2983 ‚
1751 2944 1889 2982 Johannis
1906 2945 2003 2985 Darcy
2016 2946 2043 2976 le
2056 2946 2171 2986 Cosyn,
2190 2948 2223 2978 ὃς
2237 2947 2395 2977 Guillielmi
2415 2961 2440 2986 E,
2463 2967 2488 2993 3„

1339 2980 1375 3011 de
1389 2981 1503 3019 Seintz,
1520 2981 1643 3012 Domini
1654 2982 1690 3013 de
1702 2981 1857 3022 Pomerii's,
1878 2984 1990 3021 plenam
2005 2984 2137 3015 fiduciam
2151 2994 2338 3022 reportantes,
2414 2998 2479 3033 Vasa
2493 3005 2521 3030 4,

1378 3019 1453 3057 Ipsos
1466 3021 1501 3050 ad
1514 3030 1602 3058 partes
1618 3021 1745 3052 Ducatus
1762 3022 1850 3052 nostri
1864 3022 2040 3061 Aquitaniae,
2055 3033 2109 3060 pro
2125 3024 2240 3062 Magnis
2253 3024 2286 3054 &
2296 3022 2397 3053 Arduis
2414 3038 2442 3061 E.
2454 3044 2480 3070 3·
2490 3038 2528 3063 m,

1341 3057 1491 3097 Negotiis,
1511 3066 1574 3096 quae
1588 3060 1656 3090 Nos
1670 3061 1703 3091 ὃς
1719 3060 1828 3091 Statum
1843 3062 1964 3099 ejusdem
1979 3061 2106 3092 Ducatus
2120 3064 2285 3099 contingere
2300 3060 2401 3091 dinos-
2421 3082 2460 3101 ,οὗ
2526 3065 2529 3069 ’

1342 3106 1444 3126 cuntur
1468 3097 1559 3135 (super
1580 3099 1680 3136 quibus
1700 3100 1738 3129 eis
1759 3101 1917 3138 aperuimus
1938 3101 2126 3131 intentionem
2149 3099 2258 3143 Mentis
2277 3099 2395 3138 nostrae)

1344 3135 1475 3165 duximus
1488 3135 1682 3175 destinandos,

1380 3171 1490 3215 Dantes
1503 3199 1513 3212 ,
1539 3175 1572 3206 ὃς
1595 3176 1825 3215 committentes,
1842 3178 1880 3207 eis
1894 3176 2004 3214 plenam
2018 3174 2209 3213 Potestatem,
2227 3176 2261 3207 ὃ(
2278 3175 2403 3207 Mancia-⁷

1342 3219 1405 3241 tum
1426 3212 1541 3249 ipeciale
1555 3239 1565 3252 ,
1594 3214 1730 3244 traClandi
1754 3225 1821 3246 cum
1843 3215 1998 3245 Nobilibus
2022 3215 2055 3244 ὃς
2069 3212 2349 3252 Communitatibus,
2367 3225 2401 3246 ac

1342 3250 1400 3280 aliis
1418 3249 1546 3290 Personis
1567 3251 1637 3283 dieti
1657 3252 1786 3284 Ducatus
1797 3278 1807 3292 ‚
1834 3264 1904 3292 quos
1924 3253 2050 3291 Negotia
2062 3252 2106 3282 illa
2119 3253 2306 3291 contingunt,
2322 3253 2402 3290 super

1342 3289 1476 3320 omnibus
1498 3291 1531 3321 &
1544 3291 1654 3329 singulis
1669 3314 1678 3329 ,
1697 3302 1761 3330 quae
1777 3292 1880 3322 honori
1894 3291 2008 3328 nostro,
2025 3291 2059 3321 &
2071 3291 2249 3328 tranquilitati
2264 3293 2298 3322 &
2316 3292 2401 3328 quieti

1343 3326 1471 3358 Ducatus
1487 3329 1631 3367 praedioti,
1650 3340 1683 3360 ac
1700 3330 1823 3367 ipsorum
1838 3329 2009 3367 Nobilium,
2031 3331 2064 3360 ὃ(
2078 3329 2201 3360 aliorum
2213 3329 2351 3359 securitati
2365 3330 2400 3360 &

1344 3366 1455 3397 utilitati
1468 3370 1622 3398 convenire
1638 3369 1825 3404 videbunttrq
2096 3398 2100 3401 ,

1381 3404 1418 3435 Et
1433 3414 1464 3436 ea
1473 3429 1482 3443 ,
1501 3415 1565 3444 quae
1579 3407 1616 3437 sie
1631 3407 1745 3437 tractata
1759 3408 1877 3445 fuerint,
1895 3405 2075 3444 quacumque
2087 3405 2216 3436 firmitate
2227 3404 2360 3436 vallandi:

1379 3444 1515 3474 Faciendi
1536 3447 1619 3475 etiam
1642 3446 1675 3475 δε
1696 3445 1862 3476 excercendi
1879 3468 1888 3483 ,
1913 3455 1966 3481 pro
1979 3445 2076 3481 nobis,
2096 3445 2129 3475 δε
2144 3443 2242 3474 nostro
2259 3445 2395 3482 nomine,

1344 3483 1442 3513 omnia
1457 3482 1508 3513 alia
1521 3484 1555 3514 ὃς
1569 3483 1690 3523 singula,
1710 3493 1772 3522 quae
1783 3485 1812 3513 in
1827 3482 1971 3521 praemiffis
1984 3481 2132 3513 necessaria
2146 3482 2250 3512 fuerint
2265 3482 2299 3513 &
2311 3492 2402 3522 opor-⁴

1344 3529 1424 3551 tuna·

1384 3545 1582 3590 Pr³omittentes
1600 3570 1652 3590 nos
1672 3559 1802 3590 Firmum
1818 3583 1829 3597 ,
1853 3561 1887 3591 δε
1902 3559 2020 3596 Stabile,
2038 3558 2182 3588 habituros
2200 3557 2335 3596 quicquid
2351 3563 2402 3596 per

1343 3598 1413 3666 ipsIOS
1430 3598 1598 3628 Tractatum
1608 3621 1618 3636 ,
1633 3598 1789 3637 Vallatum,
1808 3600 1841 3629 ὅτ
1853 3596 2028 3628 Promiffum
2043 3597 2124 3627 fuerit
2138 3598 2168 3626 in
2182 3595 2336 3634 praemiffis.

1398 3647 1416 3666 n
1434 3647 1530 3676 cujus,
1549 3638 1609 3668 &o

1384 3712 1453 3745 Dat.
1472 3714 1545 3753 apud
1558 3713 1724 3744 Wodestok
1734 3737 1743 3751 ‚
1759 3712 1896 3743 vicesimo
1912 3712 2033 3750 septimo
2047 3711 2093 3741 die
2106 3710 2216 3749 Aprilis.

1486 3845 1535 3874 De
1554 3838 1724 3873 Tratiando
1738 3840 1828 3886 sicper
1844 3841 2019 3886 Alliganticz
2033 3842 2069 3878 ὠ·
2090 3842 2270 3873 Κεῐὶηεηΐίαε

1349 3931 1404 3985 R
1414 3926 1439 3958 E
1449 3926 1479 3957 X
1505 3925 1667 3963 Omnibus,
1683 3924 1718 3955 ad
1731 3933 1821 3963 quos,
1834 3924 1895 3954 &o
1908 3923 2040 3955 Salutem.
2422 3913 2496 3949 Anii.
2508 3916 2548 3961 D=

1442 3964 1540 3995 Sciatis
1552 3963 1629 4001 quod
1644 3962 1730 4001 Nos,
2448 3964 2531 3995 1330:

1386 4003 1435 4034 De
1456 4002 1596 4032 Fidelitate
1637 4002 1734 4032 robata
1756 4002 1791 4033 δε
1805 4000 2070 4039 Circumspefflone
2103 4001 2219 4040 rovidfi,
2236 4000 2405 4041 dileetorurn
2419 4000 2470 4023 An.
2486 4005 2515 4031 4,

1350 4042 1384 4073 ὃ(
1407 4040 1546 4073 Fidelium
1568 4012 1734 4073 nogrorum
1746 4063 1757 4079 ,
1770 4039 1907 4078 Johannis
1922 4039 2022 4080 Darcy
2037 4040 2064 4072 le
2108 4039 2196 4081 osyn,
2213 4040 2247 4073 ὃ(
2260 4037 2405 4072 Gullieimi
2419 4038 2447 4061 E-
2470 4042 2495 4068 32-

1851 4077 1875 4109 F
1892 4087 1912 4109 2
2372 4073 2408 4105 de
2421 4072 2485 4104 lbisslr’
