2562 4279
27 236 102 268 Ann.
118 234 164 267 DL

34 1885 55 1909 *
70 1891 107 1918 V.
123 1899 168 1918 22.

735 156 845 198 ET
932 156 1198 198 ACTA

249 237 405 278 Dwardus,
423 238 483 275 &a
500 240 659 272 Venerabili
669 242 700 272 in
714 241 831 272 Chi-isto
846 243 935 281 Patri,
954 243 1006 272 W.
1021 242 1121 273 effidem
1136 239 1245 281 grati-²1,

249 277 472 316 Archiepiscopo
486 278 634 318 Eborum,
654 281 765 319 Angli-ae
778 281 913 320 Primati,
932 281 1066 311 Salutem.

219 314 374 354 Utriustjue
390 317 568 349 Testamenti
581 318 735 349 salutaribus
748 320 896 358 exemplis,
914 318 974 354 &2
983 326 1065 358 prout
1072 315 1177 356 fhpra,
1194 326 1239 345 us-

176 362 227 391 que
242 353 299 384 haec
312 355 415 392 verba,-
436 359 500 387 viz.

213 430 298 470 Nos,
315 431 488 463 attendentes
508 433 632 463 frueium
649 433 786 471 uberem,
806 442 894 471 quem
912 433 1070 476 speramus,
1084 431 1116 461 &
1132 430 1241 474 devotis

176 468 340 507 hujusmodi
353 470 534 502 Orationibus
548 470 688 501 Divinam
701 472 735 501 ad
750 472 806 501 lioc
821 471 1013 501 Clementiam
1026 469 1240 506 inclinantibus,

178 509 346 548 provenire,
362 509 395 539 &
414 509 522 539 idcirco
533 532 543 547 ,
567 510 595 538 in
615 508 742 540 Caritatis
757 509 916 539 Visceribus
935 509 1058 546 intimis,
1076 507 1239 551 aii-‘ediantes

180 546 345 577 nostrorum
359 547 544 577 Subditorum
558 548 669 578 animos
692 547 726 578 ad
743 547 928 577 devotionem
943 545 1105 585 hujusmodl
1116 568 1126 584 ,
1151 555 1239 585 quan-

179 591 243 615 tum
253 586 411 624 poscimus,
429 587 563 623 excitare,
1095 623 1100 628 ·

217 622 306 654 Vobis
319 624 500 662 mandamus,
518 624 590 654 &in
607 622 740 653 Domino
753 631 929 661 exortamur,
949 631 1082 661 quatenus
1093 633 1122 652 in
1137 622 1238 652 Eccle-

179 660 216 692 fia
229 661 320 692 vestra
335 661 508 700 Cathedrali,
532 663 566 694 ὃ(
582 660 691 700 lingulis
705 660 835 691 Ecclesiis
849 661 1072 701 Parochialibus,
1087 671 1120 691 ac
1141 660 1239 690 Colle-

179 700 274 739 gistis,
292 700 552 738 Conventualibus,
570 698 716 736 Exemptis
728 722 737 738 ,
763 700 795 730 &
815 710 875 729 nori
890 700 1035 738 Exemptis
1047 723 1057 739 ,
1083 699 1238 729 vestrarum

181 738 311 769 Civitatis
324 739 358 768 ὃς
371 738 541 776 Dioceseos,
560 737 665 767 faciatis
683 738 712 766 in
729 737 838 776 lingulis
858 738 950 768 Missis
963 762 973 778 ,
996 738 1031 768 de
1044 747 1150 768 caetero
1167 737 1239 767 cele-

181 777 310 815 brandis,
324 786 376 816 pro
390 778 490 808 salubri
504 776 573 806 statu
594 776 628 806 &
649 775 782 815 prospero
802 776 872 806 dieti
887 776 1011 807 Domini
1031 776 1119 806 nostri
1135 776 1181 806 Re
1202 776 1240 819 is,

182 816 320 855 ipsiusque
334 816 492 852 Exercitus,
505 824 538 843 ac
551 813 602 843 sibi
616 814 649 844 &
667 814 718 844 suis
737 814 940 845 adhaerentium
953 839 961 854 ,
986 816 1164 845 mentionem
1199 823 1238 843 eri

181 853 349 893 specialem,
365 853 402 883 ita
415 852 492 897 quod
506 851 656 882 Orationes
670 851 725 882 illas
739 876 748 891 ,
773 862 837 892 quae
858 863 909 893 pro
924 853 998 884 Pace
1013 854 1070 884 dici
1085 853 1238 883 consueve-

182 901 264 931 runt,
282 892 436 930 Presbyteri
453 892 482 920 in
497 890 548 920 suis
562 889 654 920 Miffis
668 901 738 921 curii
751 890 903 922 devotione
915 893 1007 922 debita
1021 892 1131 922 dicant:

222 930 267 961 Ac
279 931 342 969 ipsi,
362 931 395 961 &
409 930 455 959 alii
471 928 578 958 Christi
592 929 701 968 fideles,
718 928 871 961 Clerici&
887 930 965 961 Laici
980 953 989 966 ‚
1011 930 1121 970 singulis
1141 930 1244 967 quartis

183 967 286 1008 Feriis,
301 966 492 999 Proceffiones
501 966 657 1006 solempnes
671 978 741 998 cum
754 969 906 999 devotione
919 969 1012 999 debita
1024 970 1153 999 facientes
1163 991 1171 1006 ,
1186 978 1237 1007 pro

180 1008 281 1038 salubri
295 1017 327 1037 ex
348 1006 471 1036 editione
490 1006 570 1046 ipsius
589 1006 714 1037 Domini
727 1007 815 1037 nostri
834 1007 922 1047 Regis
940 1008 973 1038 &
988 1008 1120 1046 suorum,
1136 1006 1238 1037 Preces

181 1044 251 1075 Deo
265 1045 315 1075 fun
335 1052 382 1074 ant
395 1043 523 1082 devotas,

222 1082 267 1113 Ut
281 1082 336 1120 ipse
348 1082 428 1113 Deus
442 1085 475 1114 ὃς
488 1082 636 1114 Dominus
647 1082 741 1113 noster
758 1084 803 1121 (in
816 1085 892 1123 cujus
907 1094 993 1115 manu
1007 1084 1093 1115 corda
1105 1084 1166 1114 sunt
1179 1084 1240 1114 Re-

184 1130 271 1161 gum,
287 1122 320 1152 &
334 1131 391 1161 quo
407 1122 466 1152 vult
484 1131 515 1151 ea
535 1122 632 1158 venit)
650 1132 701 1160 pro
718 1122 760 1152 sua
778 1123 877 1160 pietate
891 1122 1007 1153 Greffus
1028 1124 1088 1153 suos
1101 1123 1134 1153 ὃ(
1151 1122 1241 1153 Actus

185 1161 285 1199 dirigat
303 1160 336 1190 &
351 1159 475 1197 disponat
488 1183 498 1199 ,
523 1160 668 1199 ipsumque
684 1160 850 1191 Dominum
872 1161 1002 1191 nostrum
1021 1161 1153 1201 Regem,
1170 1171 1241 1192 cum

184 1198 253 1237 suis,
267 1198 303 1228 ab
316 1198 442 1229 Adversis
457 1206 582 1239 protegat
598 1199 630 1229 δε
643 1198 789 1237 defendat,
806 1209 921 1229 necnon
936 1199 1016 1229 Pacis
1031 1209 1135 1238 optatae
1146 1201 1241 1230 Tran-

184 1238 340 1275 quilitatem
356 1237 446 1274 (cujus
459 1246 602 1275 tempore,
621 1238 654 1268 &
669 1247 728 1267 non
740 1238 817 1275 alias,
832 1238 906 1268 bene
920 1238 1023 1268 colitur
1030 1237 1110 1269 Pacis
1118 1238 1241 1276 Antilor)

183 1277 217 1308 &
231 1277 256 1305 ei
269 1275 304 1305 de
317 1275 445 1306 inimicis
459 1275 510 1305 suis
523 1275 720 1313 Triumphum
733 1275 886 1313 concedar,

224 1314 370 1353 Qodque
379 1337 388 1351 ,
407 1315 533 1351 superatis
547 1313 704 1352 Hostibus,
723 1314 823 1344 VicCtor
837 1316 928 1344 redcat
951 1313 1124 1351 Magnificus
1138 1314 1172 1345 ad
1185 1314 1244 1345 Dei

183 1352 342 1392 honorem,
361 1352 457 1392 Regni
470 1352 665 1390 salvationem,
683 1353 716 1384 &
729 1353 813 1383 totius
827 1352 974 1383 utilitatem
990 1352 1123 1384 Ecclesiae
1142 1354 1245 1391 Angli-

184 1401 264 1421 canae
275 1414 285 1429 ,

222 1429 354 1460 Eundem
374 1438 409 1459 ue

185 1468 344 1506 Oneribus,
355 1439 396 1499 q&
409 1466 637 1505 impositionibus
649 1467 807 1506 praedic‘tis,
825 1478 883 1498 non
900 1468 1001 1498 malitia
1016 1491 1025 1506 ,
1050 1469 1095 1498 seu
1115 1470 1246 1506 proesum-

185 1508 284 1545 ptione
299 1507 473 1544 voluntaria,
484 1506 529 1536 sed
545 1505 702 1536 necessitate
722 1507 890 1544 inevitabili,
907 1514 938 1536 ut
952 1508 1113 1550 praefertur,
1133 1508 1247 1546 imposi-

186 1546 236 1583 tis,
256 1555 339 1585 penes
352 1545 459 1582 dictos,
478 1544 595 1574 Clerum
610 1545 642 1574 ὃ(
659 1544 817 1583 Populum,
834 1545 993 1584 diligentius
1007 1545 1151 1575 excusetis:

223 1584 282 1614 Eos
295 1607 304 1623 ,
327 1593 358 1614 ut
374 1592 480 1613 tantam
494 1582 682 1613 necessitatem
701 1583 823 1621 ejusdem
840 1583 965 1613 Domini
987 1583 1076 1613 nostri
1090 1583 1177 1623 Regis
1195 1583 1247 1614 hu-

185 1622 303 1662 militer,
323 1623 461 1661 benigne,
478 1623 611 1662 patienter
625 1622 657 1652 &
671 1622 830 1660 caritative,
849 1621 1014 1659 sustineant,
1030 1623 1080 1662 piis
1094 1623 1247 1653 exortatio-

184 1662 287 1729 nilips,
305 1661 476 1692 inducentes.

251 1708 261 1729 r
276 1709 327 1730 nos

222 1737 271 1768 De
287 1722 346 1768 De’i
360 1736 573 1775 Omnipotentis
586 1735 771 1768 misericordia
784 1759 793 1774 ,
819 1737 852 1768 &
865 1737 993 1776 gloriosae
1009 1736 1131 1776 Virginis
1146 1736 1247 1768 Matris

185 1776 258 1816 suae,
274 1777 423 1807 beatorum
438 1777 464 1806 Α
484 1776 640 1806 ostolorurn
659 1775 735 1805 Petri
754 1775 786 1805 &
802 1775 880 1805 Pauli
895 1798 904 1813 ‚
929 1786 982 1806 nec
1000 1786 1059 1806 non
1075 1776 1247 1807 Sandiissimi

185 1814 361 1845 Confessoris
369 1814 466 1845 Wilhe
477 1816 534 1854 mi,
551 1815 737 1853 omniumque
750 1813 937 1852 Sanctorum,
954 1815 1059 1844 meritis
1071 1815 1104 1845 ὃς
1118 1816 1246 1854 precibus

184 1853 358 1884 confidentes

225 1892 245 1912 ²*
262 1876 407 1922 Omnibus
414 1891 592 1922 Parochianis
607 1889 725 1928 nostris,
746 1891 780 1921 &
792 1891 850 1920 aliis
867 1891 999 1930 (quorum
1008 1890 1160 1921 Diocesani
1173 1891 1246 1923 hanc

185 1930 312 1961 nostram
326 1929 533 1969 Indulgentiam
547 1937 635 1959 ratam
653 1928 812 1963 habuerint)
831 1929 867 1959 de
888 1930 1010 1967 peccatis
1028 1929 1080 1959 suis
1096 1931 1163 1960 vere
1177 1941 1248 1961 con-

185 1970 269 2007 tritis,
289 1968 511 2007 Poenitentibus,
529 1968 563 1998 ὃς
585 1966 727 1997 Confeffis
740 1990 750 2005 ,
773 1968 821 2004 qui
836 1977 889 2007 pro
907 1967 1025 2005 eisdem,
1044 1967 1177 1999 Domino
1192 1979 1247 1999 no-

185 2007 245 2038 stro
267 2006 348 2045 Rege
361 2031 371 2045 ,
395 2007 445 2036 suo
465 2005 600 2036 Exercitu
613 2029 622 2043 ,
644 2006 748 2046 sibique
771 2007 804 2036 δε
820 2006 870 2036 suis
890 2006 1106 2036 Adhaerentibus
1118 2031 1127 2044 ‚
1153 2008 1182 2037 in
1197 2008 1248 2038 suis

184 2045 278 2076 Miffis
290 2046 323 2076 &
338 2044 563 2075 Proceffionibus
578 2044 696 2083 praefatis
709 2044 814 2074 devote
830 2046 970 2074 oraverint
982 2067 991 2083 ,
1014 2053 1044 2074 ut
1065 2043 1174 2076 dietum
1190 2046 1229 2076 est
1239 2069 1249 2085 ,

184 2084 368 2124 quadraginta
380 2083 438 2112 dies
452 2082 488 2112 de
500 2082 624 2120 injundh
640 2083 689 2112 libi
702 2082 872 2113 Poenitentia
887 2082 973 2117 (Deo
985 2083 1124 2122 propitio)
1145 2083 1249 2114 miseri-

188 2122 311 2152 corditer
324 2122 494 2159 relaxamus,
513 2121 588 2150 indul
609 2121 694 2151 entias
706 2123 790 2151 etiam
804 2121 835 2150 in
848 2121 901 2151 hac
916 2129 1006 2159 parte,
1024 2123 1076 2151 rite
1089 2122 1250 2162 concessas,

430 1428 593 1459 Dominum
613 1428 742 1459 nostrum
759 1429 872 1468 Regem
889 1453 898 1468 ,
921 1439 975 1467 pro
997 1431 1079 1461 variis
1098 1430 1245 1469 Tallagiis,

131 2170 135 2173 ·
185 2162 220 2192 ὃς
233 2159 417 2200 imposterum
437 2159 584 2189 conceden
605 2170 647 2198 as,
663 2166 731 2190 ratas
746 2159 877 2189 habentes
890 2161 991 2197 pariter
1006 2160 1040 2190 &
1054 2169 1188 2198 acceptas.

141 2692 149 2736 ζ
186 2711 269 2741 rum,
287 2702 511 2733 Vicecomitibus
525 2725 534 2741 ,
560 2701 781 2733 Constabulariis

208 2231 211 2233 ,
225 2199 271 2229 Ad
287 2197 419 2228 Ecclesiae
438 2197 492 2228 suae
507 2198 647 2236 Regimen
660 2198 692 2230 &
708 2195 862 2228 Munimen
879 2207 930 2229 vos
944 2198 1106 2237 conservet,
1122 2200 1182 2231 &c.
1197 2210 1248 2238 per

188 2245 318 2275 tempora
333 2236 448 2268 feliciter
461 2236 618 2267 succeffiva.

226 2311 294 2345 Dat.
308 2313 381 2351 apud
402 2312 550 2350 Cawood,
567 2321 667 2356 quarto
686 2309 729 2343 Id.
747 2313 848 2352 Aprilis
860 2337 869 2352 ,
894 2313 982 2344 Anno
1000 2312 1123 2344 Domini
1139 2315 1251 2346 millesi-

189 2362 241 2422 ῗιο
249 2376 258 2391 ,
274 2352 487 2391 trecentesimo,
504 2353 644 2384 triceiimo
656 2352 777 2391 oetam,
795 2353 828 2384 δε
837 2351 1019 2384 Pontificatus
1032 2352 1121 2383 nostri
1135 2354 1251 2385 decimo

198 2400 273 2422 exto.

376 2532 425 2564 De
445 2528 603 2578 Capitaneo
622 2536 652 2564 in
668 2531 771 2578 Infhla
791 2533 880 2566 Vesta
897 2531 1058 2576 constituto,

161 2653 168 2660 ,
188 2625 315 2683 REX
333 2623 481 2656 Universis
494 2626 527 2656 &
543 2626 655 2662 singulis
672 2626 846 2657 Custodibus
860 2627 990 2657 Litorum
1012 2628 1045 2658 &
1066 2627 1165 2660 Terrae
1181 2629 1248 2660 Ma-

250 2665 371 2702 ritimae,
388 2674 421 2694 ac
438 2663 640 2694 Arraiatoribus
655 2665 711 2695 tam
727 2664 891 2695 Hominum
906 2666 940 2696 ad
958 2666 1062 2704 Arma,
1081 2669 1165 2704 quam
1180 2668 1248 2698 alio-

827 2703 934 2734 Ballivis
947 2726 957 2741 ,
980 2705 1014 2734 ὃς
1037 2704 1194 2745 Ministris,
1213 2708 1247 2738 &

185 2742 318 2771 omnibus
331 2741 387 2775 aliis
404 2740 545 2771 Fidelibus
558 2740 626 2780 suis,
643 2743 671 2771 in
686 2741 774 2772 insula
787 2726 895 2781 (secta,
913 2742 1045 2773 Salutem.

162 2804 170 2811 ,
223 2778 301 2816 Qia
316 2778 460 2808 Homines
473 2778 598 2809 Franciae
619 2790 757 2818 magnum
773 2803 782 2818 ,
805 2781 834 2810 in
855 2780 966 2811 diversis
987 2781 1110 2819 partibus
1127 2783 1248 2819 partium

184 2817 363 2854 earumdem,
381 2816 539 2856 Navigiurn
552 2820 738 2857 congregari,
760 2819 793 2849 ὃ(
808 2818 887 2857 supra
906 2819 1006 2858 Mare,
1023 2829 1056 2851 ac
1072 2821 1156 2851 etiam
1169 2821 1247 2860 super

185 2855 216 2885 R
234 2864 322 2885 c'num
339 2854 487 2893 nostrum,
506 2857 579 2885 mitri
594 2855 735 2893 fecerunt,

255 2894 418 2931 ominesque
431 2893 553 2930 Navigii
573 2894 660 2932 illius,
679 2895 810 2934 quasdam
825 2902 915 2933 partes
929 2896 1009 2936 ipsius
1030 2896 1124 2936 Regni
1140 2897 1247 2937 nostri,

184 2942 218 2963 ac
236 2931 353 2962 insulam
369 2931 493 2962 nostram
514 2932 550 2962 de
566 2932 693 2972 jereseye
708 2934 741 2964 &
762 2932 920 2972 Gerneieye
933 2957 943 2972 ,
964 2934 1099 2965 hostiliter
1112 2937 1247 2966 invaden-

184 2978 241 3009 tes,
259 2969 443 3008 Homicidia,
460 2969 592 3002 Incendia
607 2995 616 3010 ,
640 2972 672 3001 &
687 2971 736 3001 alia
757 2971 893 3002 Facinora
906 2995 915 3010 ,
938 2972 1086 3003 crudeliter
1105 2975 1247 3012 perpetra-

183 3017 267 3047 runt,
286 3010 319 3040 &
339 3008 447 3038 Gentes
468 3009 574 3039 nostras
587 3032 596 3047 ,
620 3019 669 3048 per
685 3009 768 3041 Mare
787 3011 954 3041 transeuntes
967 3033 977 3050 ,
999 3013 1195 3051 expugnarunt
1212 3015 1245 3045 &

183 3058 237 3085 pro
250 3048 361 3079 viribus*
368 3046 519 3085 gravarunt
526 3070 537 3086 ,

222 3086 268 3117 Ac
280 3085 350 3116 diCti
360 3086 502 3115 Homines
511 3109 520 3125 ,
538 3086 574 3116 de
589 3085 710 3126 partibus
718 3086 842 3117 Franciae
854 3087 1007 3125 praedietis,
1024 3087 1071 3119 sua
1085 3090 1246 3120 excrescen-

183 3132 213 3155 te
225 3124 344 3162 malitia,
362 3124 429 3154 Nos
443 3125 476 3155 ὃς
491 3124 602 3155 nostros
616 3149 625 3163 ‚
650 3125 709 3156 tarn
728 3134 777 3163 per
791 3125 912 3156 Terram
931 3149 940 3164 ,
986 3127 1050 3156 uam
1070 3137 1119 3165 per
1141 3127 1244 3168 Mare,

184 3162 271 3230 indi?
284 3172 397 3202 gravare
408 3163 536 3194 nituntur
549 3164 642 3195 modis
656 3163 789 3194 omnibus
802 3163 904 3203 quibus
918 3175 957 3203 po
983 3174 1050 3203 unt,

257 3211 304 3238 os,

218 3238 387 3277 Hujusmodi
403 3240 516 3271 malitiae
538 3241 652 3271 obviare
668 3264 677 3280 ,
700 3241 734 3272 ὃς
755 3240 946 3272 defensionem
962 3265 971 3280 ,
997 3253 1030 3273 ac
1045 3242 1222 3274 salvationem
1233 3267 1243 3282 ,

181 3277 278 3317 Regni
291 3279 323 3308 ὃ(
338 3277 493 3309 Terrarum
505 3279 667 3310 nostrorum
677 3302 686 3318 ,
702 3289 801 3310 contra
809 3279 933 3310 Hostiles
946 3280 1122 3321 Invasiones,
1142 3283 1243 3313 volen-

181 3325 221 3356 tes
237 3315 359 3353 (favente
374 3316 454 3354 Deo)
472 3317 638 3356 providere,

218 3354 263 3384 Ac
279 3354 315 3384 de
326 3354 471 3385 Fidelitate
486 3356 519 3386 ὃς
534 3354 796 3394 Circumspetstione
812 3379 821 3396 ‚
847 3356 954 3388 Dileeti
967 3357 1000 3389 δε
1016 3356 1117 3390 Fidelis
1134 3358 1242 3399 nostri,

181 3393 346 3424 Theobaldi
360 3392 477 3432 Russel,
493 3393 684 3433 confidentes,

222 3430 430 3461 Constituimus
444 3432 531 3469 ipsum
544 3431 942 3470 TheobaldumCapitaneum
957 3435 990 3465 &
999 3435 1159 3467 Ducstorem
1175 3447 1241 3467 om-

180 3470 261 3501 niurn
276 3468 402 3500 vestrum
421 3470 453 3499 δε
473 3469 590 3499 aliorum
610 3469 707 3501 Insulae
724 3471 868 3509 praedi&ae
881 3495 890 3509 ,
915 3483 1016 3504 contra
1030 3473 1120 3505 dictos
1135 3475 1241 3506 Hostes

183 3509 307 3545 nostros,
327 3507 345 3537 si
366 3506 477 3537 dietum
493 3507 629 3546 Regnum
647 3508 777 3539 nostrum
793 3509 838 3540 seu
856 3509 977 3541 Insulam
999 3512 1164 3550 praedidiam
1179 3515 1239 3544 tali-

183 3555 227 3578 ter
238 3546 345 3586 ingredi
359 3545 593 3585 praesumpserint,
610 3547 645 3577 ad
658 3547 783 3587 ipsorum
797 3549 952 3586 nequitiam
967 3560 1035 3580 cum
1053 3550 1113 3582 Dei
1131 3552 1241 3590 adjuto-

181 3586 225 3616 rio
238 3584 462 3620 conterendum,

219 3623 330 3654 Dantes
342 3623 433 3652 eidem
447 3621 618 3653 Theobaldo
628 3623 740 3661 plenam
756 3648 765 3663 ,
788 3632 887 3655 tenore
901 3627 1095 3666 praesentium,
1113 3627 1240 3660 Potesta-

175 3670 241 3697 ,tem
255 3661 366 3693 levandi
386 3662 418 3692 &
432 3660 566 3691 arraiandi
578 3670 677 3692 omnes
694 3662 837 3693 Homines
854 3664 1032 3695 defensabiles
1051 3665 1149 3696 Insulae
1170 3677 1242 3705 prae-

180 3701 267 3769 1dtid'tae
281 3724 292 3740 ,
315 3702 372 3731 tam
394 3699 466 3730 infra
487 3698 642 3729 Libertates
656 3722 667 3738 ,
692 3703 777 3739 quam
799 3710 893 3741 extra,
912 3704 960 3741 qui
979 3704 1085 3734 arraiati
1103 3715 1164 3735 non
1182 3707 1240 3736 exi-

206 3748 257 3769 unt

220 3763 331 3808 Et³tarn
345 3777 416 3816 ipsos
428 3800 436 3814 ,
464 3777 550 3814 quam
564 3776 632 3806 alios
647 3776 769 3815 ejusdem
789 3776 906 3817 Insulae,
924 3781 971 3817 qui
983 3780 1041 3817 jam
1056 3781 1158 3812 arraiati
1178 3792 1239 3814 non

182 3814 320 3853 existunt,
336 3817 390 3846 una
403 3815 568 3853 vobiscum,
586 3824 684 3845 contra
698 3815 790 3845 dictos
805 3815 911 3847 Hostes
925 3818 1034 3848 nostros
1048 3818 1185 3859 ducendi,

219 3852 347 3885 Necnon
366 3853 504 3884 arestandi
521 3855 554 3884 &
576 3853 703 3891 capiendi
720 3863 821 3884 omnes
842 3855 904 3885 illos
925 3856 961 3886 de
981 3855 1070 3887 insula
1110 3858 1240 3898 raedidifi,

183 3890 243 3921 tam
257 3891 326 3922 infra
340 3892 493 3922 Libertates
508 3915 518 3930 ,
540 3892 625 3928 quiim
644 3900 736 3930 extra,
754 3901 824 3930 quos
843 3903 896 3930 pro
910 3894 1070 3925 defensione
1121 3898 1187 3935 egni
1205 3898 1239 3928 &

182 3928 280 3959 Insulae
296 3930 495 3966 praedictorum
508 3953 518 3969 ,
542 3931 575 3961 &
592 3930 745 3968 repulsione
760 3930 882 3968 ipsorum
904 3931 1044 3964 Hostium
1059 3933 1219 3966 nostrorum
1230 3959 1240 3975 ,

183 3965 315 3997 Rebelles
327 3968 465 3998 invenerit
477 3968 523 3998 seu
536 3970 662 3998 remillos
669 3991 678 4006 ,

223 4003 263 4034 Et
276 4014 322 4034 eos
334 4004 456 4036 Prisonis
471 4005 572 4037 nostris
587 4006 803 4045 committendi,
821 4008 850 4038 in
863 4007 966 4040 eisdem
977 4008 1122 4042 detinendi
1137 4021 1241 4051 quous-

187 4052 242 4082 que
252 4042 325 4072 aliud
339 4042 374 4073 de
386 4045 423 4073 eis
437 4044 597 4077 duxerimus
610 4044 812 4077 ordinandum:

236 4084 308 4112 Tom.
326 4083 369 4111 ΙΙ.
388 4084 421 4112 Ρ.
436 4084 484 4113 IV.

1282 155 1756 202 PUBLICA.

1319 239 1356 270 Et
1369 241 1434 272 ideo
1450 243 1530 273 vobis
1545 245 1577 275 ὃς
1592 246 1705 276 cuilibet
1720 245 1845 278 vestrum
1866 248 1895 278 in
1910 246 1980 280 Fide
1995 249 2028 280 δε
2047 249 2192 291 Ligeantifi

2283 181 2328 208 11

2279 253 2283 258 ’
2356 247 2429 279 Arin.
2445 250 2487 283 D:

1280 279 1362 307 nobis
1375 282 1529 320 tenemini,
1547 293 1660 313 necnon
1674 284 1723 314 sub
1739 285 1910 317 forisfactura
1926 289 2059 319 omnium
2082 300 2145 327 quae
2161 253 2338 320 nobislfldiilslf
2375 290 2456 328 ¹338-

1279 316 1370 346 facere
1383 319 1522 361 poteritis,
1535 320 1650 362 firmiter
1663 323 1859 364 injungendo,
1868 325 2032 357 mandamus
2046 329 2125 367 quod
2137 324 2229 359 eidem
2236 328 2335 359 Theo-
2352 327 2418 353 Edv.
2442 338 2468 364 3·

1280 354 1381 398 baldo,
1400 366 1427 385 in
1443 358 1586 398 praemissis
1599 382 1609 397 ,
1635 359 1689 403 sitis
1706 361 1882 401 obedienteS,
1902 365 2096 405 consulentes,
2115 368 2147 397 ὃς
2162 367 2339 405 auxiliantes,

1278 402 1405 430 quotiens
1427 394 1460 424 ὃς
1481 401 1593 432 quando
1615 406 1663 433 per
1682 399 1770 435 ipsum
1791 400 1993 444 Theobaldum
2006 426 2016 442 ,
2042 404 2085 435 seu
2101 404 2285 446 Deputandos
2302 406 2337 437 ab

1278 440 1315 460 eo
1350 433 1428 474 super
1442 432 1518 501 hog,
1534 443 1567 463 ex
1583 443 1658 472 parte
1673 436 1786 476 nostra,
1803 438 1905 470 fueritis
1913 443 2082 478 praemuniti.

1330 479 1348 498 n
1362 479 1459 508 cujus,
1496 480 1533 502 ἐ.

1313 545 1403 576 Teste
1417 545 1500 586 Rege
1513 548 1585 586 apud
1602 549 1724 590 Langele
1733 573 1743 589 ,
1760 551 1837 583 sexto
1849 553 1894 584 die
1908 553 2018 593 Aprilis.

1927 633 1981 661 Per
1996 631 2078 672 ipficm
2093 636 2195 672 Regem.

1278 746 1338 776 Pro
1362 745 1498 791 Epifiopo
1523 748 1718 792 Lincolniensi
1741 754 1772 781 in
1795 750 1933 796 partibus
1956 754 2181 799 Transmarinis
2206 762 2336 809 IVegotia

1660 799 1747 843 Regis
1755 800 1954 845 prosequente.

1363 876 1482 909 Enricus
1496 878 1648 920 Episcopus
1663 881 1882 922 Lincolniensis,
1900 886 1946 924 qui
1960 887 1989 916 in
2009 888 2146 927 obsequio
2167 891 2253 933 Regis
2288 906 2338 936 per
2355 889 2430 920 Arm·
2446 891 2486 921 D-

1313 953 1317 957 .
1362 926 1537 961 praeceptum
1558 919 1662 959 Regis,
1686 922 1715 950 in
1736 922 1859 958 partibus
1879 925 2059 956 transmarinis
2081 938 2203 961 moratur
2218 955 2227 969 ,
2252 918 2336 966 fiaber
2386 932 2469 968 ¹338-

1282 951 1389 996 Literas
1411 955 1501 1000 Regis·
1513 956 1549 986 de
1561 957 1753 1001 'Protedtione
1767 983 1776 998 ,
1798 970 1865 990 cum
1885 962 2000 993 clausula
2048 965 2188 1007 volumus,
2203 970 2286 1009 usque
2301 973 2334 1004 ad
2353 971 2406 995 An.
2427 979 2469 996 ¹²·

1281 990 1395 1022 bestum
1408 993 1503 1024 Sanffl
1519 995 1681 1035 Michaelis,
1699 1000 1832 1035 proximo
1845 999 1985 1039 futurum,
2000 987 2147 1034 duraturas.

2353 1010 2475 1074 {lez-ran.

1319 1067 1407 1100 Teste
1421 1068 1504 1111 Rege
1517 1071 1589 1111 apud
1603 1072 1755 1114 Haveryng
1769 1083 1823 1106 atte
1833 1075 1944 1116 Boure,
1960 1077 2075 1110 decimo
2086 1080 2133 1111 die
2148 1082 2258 1123 Aprilis.
2364 1092 2404 1110 12-
2421 1088 2451 1111 E·
2464 1093 2489 1121 3-

1912 1156 1965 1183 Per
1979 1155 2063 1194 ipfiaem
2075 1160 2179 1196 Regem.
2356 1126 2392 1186 ζῖῖ
2407 1131 2459 1187 12:¹-

1286 1220 1305 1240 ²*
1320 1220 1494 1268 Consimiles·
1507 1224 1666 1270 Literas'de
1687 1226 1871 1272 ProreQione
1890 1229 1996 1273 liabent
2017 1232 2159 1273 subscripti

1323 1261 1656 1338 {ssgffitffipiifisspe‘iagss
1669 1266 1909 1344 ἓξέἓῗῖἒὲεἳὲἔέῗ
1924 1291 1935 1306 ²
1960 1272 1990 1300 in
2004 1274 2124 1310 mmm

2173 1260 2183 1275 2
2209 1240 2339 1275 quicum
2359 1245 2378 1265 ³*
2394 1248 2430 1275 v.
2446 1250 2493 1283 ης

2140 1274 2342 1309 Transmarinis

1287 1374 1401 1405 Thomas
1413 1377 1445 1407 de
1458 1381 1560 1409 Bourn.

1290 1415 1332 1442 W
1329 1414 1451 1444 illielmur
1460 1416 1519 1457 fitz
1535 1420 1647 1458 Wzrstt.

1288 1453 1418 1482 Ricardus
1433 1456 1464 1484 de
1481 1455 1656 1493 Waldgrave.

1289 1492 1445 1530 Radulphus
1456 1494 1488 1522 de
1501 1496 1585 1525 Brok.

1288 1533 1368 1567 Hugo
1380 1530 1411 1559 de
1424 1534 1567 1571 Gourneye.

1288 1571 1462 1598 Hermannus
1477 1570 1501 1599 le
1516 1572 1631 1602 Barber.

1289 1606 1420 1636 Robertus
1434 1615 1494 1637 atte
1507 1611 1606 1639 Penne.

1290 1647 1388 1674 Petrus
1402 1646 1434 1675 de
1445 1645 1631 1685 Gildesburgh.

1289 1683 1434 1722 Johannes
1446 1685 1478 1713 de
1486 1686 1587 1724 septem
1601 1684 1730 1718 Vallibus.

1289 1721 1433 1760 Johannes
1448 1723 1480 1752 de
1497 1724 1687 1763 Waldegrave.

1290 1759 1439 1790 Nicholaus
1451 1761 1483 1790 de
1494 1762 1596 1803 Faleye.

1290 1802 1368 1836 Hugo
1381 1799 1412 1828 de
1427 1800 1601 1836 Banneburr.

1290 1837 1440 1868 Nicholaus
1453 1839 1485 1867 de
1499 1838 1705 1880 Brochampton.

1292 1878 1404 1914 Egia'ius
1419 1878 1450 1906 de
1464 1877 1643 1917 Baffinghurn
1656 1879 1797 1911 Chivaler.

1289 1915 1432 1954 Johannes
1447 1918 1489 1945 W
1480 1927 1509 1955 y.

1290 1954 1434 1992 Johannes
1448 1953 1472 1983 le
1486 1958 1613 1986 Avener.

1291 1992 1423 2033 Magister
1437 1994 1571 2022 Ricardus
1585 1995 1701 2034 Maffon.

1291 2032 1389 2061 Adam
1408 2033 1439 2061 a'e
1454 2031 1482 2060 la
1497 2032 1657 2065 Chaumbre.

1292 2069 1424 2110 Magister
1438 2069 1585 2108 Johannes
1597 2071 1621 2101 le
1636 2076 1756 2102 Ferrour.

1292 2111 1389 2138 Petrus
1404 2108 1429 2137 le
1443 2108 1512 2138 Veel.

1295 2146 1427 2186 lllagister
1440 2146 1584 2185 Johannes
1598 2149 1629 2179 de
1639 2148 1800 2188 Ragenhull.

1291 2185 1433 2223 Johannes
1445 2186 1477 2215 de
1492 2186 1610 2217 Wnlok.

1294 2223 1430 2262 Phihppux
1445 2223 1469 2253 le
1484 2228 1547 2263 Cuy.

1292 2262 1437 2301 Johannes
1450 2263 1603 2300 Coppehous.

1292 2305 1380 2331 Simon
1393 2301 1532 2339 Aungeler

1293 2339 1429 2369 Rolandus
1442 2342 1469 2369 E
1472 2340 1552 2377 rlegh.

1293 2377 1454 2415 Reginaldus
1467 2379 1551 2408 Filius
1562 2378 1702 2411 Herberti.

1294 2419 1373 2453 Hugo
1386 2418 1417 2446 de
1433 2417 1529 2456 Colne,

1291 2455 1439 2485 Rollandus
1453 2459 1590 2496 Dennays.

1292 2497 1371 2532 Hugo
1385 2496 1416 2524 de
1429 2493 1458 2522 la
1472 2497 1610 2525 PanterIe.

1291 2537 1380 2563 Simon
1394 2532 1418 2562 le
1430 2536 1526 2572 Spicer.

1291 2571 1446 2610 Radulphus
1460 2570 1605 2610 Spigurnel.

1834 1381 1979 1421 Johannes
1998 1386 2030 1415 de
2051 1389 2201 1428 Gattewyk
2217 1391 2248 1421 de
2263 1396 2344 1424 Sten-

1833 1434 2142 1495 ThomaJJZgmeham·

1833 1498 1947 1528 Thomas
1959 1501 1991 1530 de
2005 1504 2142 1533 Brewere.

1834 1536 1995 1568 Willielmur
2008 1540 2039 1569 de
2054 1542 2240 1574 Wadeworth.

1834 1577 1950 1612 Rogerur
1967 1579 2091 1615 Potager.

1835 1615 1966 1644 Robertus
1980 1616 2011 1644 de
2025 1617 2154 1656 Chippele.

1837 1652 1970 1691 Magister
2010 1654 2128 1686 ohannes
2141 1658 2173 1687 de
2184 1658 2349 1695 Marcham.

1838 1692 1890 1719 Ivo
1905 1691 1936 1719 de
1950 1695 1976 1721 G
1983 1700 2078 1731 ynton.

1837 1728 2001 1765 Reginaldus
2006 1730 2069 1771 fitz
2085 1734 2213 1765 Herbert.

1836 1766 2052 1798 Bartholomaeus
2073 1771 2105 1799 de
2122 1774 2214 1803 Bourn
2229 1773 2347 1814 Perfima

1874 1805 1996 1847 Ecclefiae
2011 1808 2043 1836 de
2062 1809 2210 1848 lVankne.
2346 1838 2349 1839 ν

1835 1841 1980 1881 Johannes
1992 1845 2076 1875 Filius
2090 1846 2127 1881 ὠν
2136 1851 2231 1878 Haerer
2243 1850 2347 1881 Radal-

1870 1881 1919 1919 phi
1930 1883 1962 1911 de
1976 1886 2111 1920 Gatewyk
2124 1887 2155 1916 de
2167 1891 2309 1928 Stennyng.

1837 1921 1949 1956 Egidius
1962 1923 1994 1951 de
2009 1922 2146 1954 Almand.

1838 1959 1969 1988 Robertus
1984 1961 2015 1989 de
2027 1960 2056 1989 la
2069 1962 2229 1995 chaumbre.

1838 1996 1989 2027 Nicholaus
2004 2000 2166 2031 Todenham.

1839 2034 1975 2065 Walterus
1989 2037 2021 2066 de
2034 2039 2184 2069 Lambrok.

1838 2075 1968 2104 Ricardus
1984 2076 2016 2104 de
2031 2075 2059 2105 la
2074 2077 2234 2109 Chaumbre.

1838 2111 1988 2142 Nicholaus
2004 2113 2108 2145 Pulter.

1838 2149 1983 2188 Johannes
1995 2153 2027 2181 de
2042 2153 2190 2195 Mdhurst.

1838 2192 1930 2218 Simon
1942 2190 1974 2219 de
1991 2190 2135 2232 lVelewyk.

1839 2229 1882 2257 W
1881 2227 2003 2295 iZhelmus
2012 2229 2095 2261 Filius
2102 2233 2136 2260 H
2135 2234 2226 2270 ugonis
2240 2231 2269 2262 Ia
2276 2233 2303 2263 Z
2304 2243 2348 2263 σαι

1875 2276 1888 2294 c
1908 2278 1930 2297 e.

1837 2305 1897 2334 Odo
1908 2305 1940 2334 de
1951 2307 2039 2336 Stoke.

1840 2342 1971 2373 Robertus
1984 2348 2102 2385 Depyng.

1840 2381 1990 2420 Stephanus
2007 2384 2084 2414 Poul.

1842 2419 2004 2450 Willielmus
2020 2423 2052 2452 de
2068 2421 2259 2454 Melchebourn
2271 2424 2350 2466 usque

1877 2459 1919 2531 gf
1938 2459 2041 2499 Festum
2066 2461 2185 2491 Natalis
2214 2466 2327 2494 Domini
2341 2487 2352 2504 ,

1918 2507 1937 2527 c.

1839 2536 1938 2564 Adam
1951 2536 1982 2565 de
1998 2536 2026 2566 la
2049 2537 2200 2569 chaumbre
2214 2536 2293 2580 usque
2313 2540 2353 2571 ad

1874 2574 1978 2613 Festum
1991 2579 2117 2606 Omnium
2131 2579 2299 2608 sanderum.

1343 2697 1392 2731 De
1408 2697 1538 2745 Pafflzgio
1554 2700 1643 2746 Regis
1656 2709 1775 2746 propter
1795 2701 1940 2734 Navium
1956 2703 2118 2747 Defefflnm
2134 2705 2298 2741 retardato.

1293 2781 1348 2836 R
1359 2781 1384 2812 E
1395 2782 1444 2822 X,
1462 2783 1581 2814 Dilecto
1596 2784 1629 2815 &
1643 2784 1732 2816 Fideli
1745 2784 1795 2815 suo
1805 2807 1815 2821 ,
1839 2785 1970 2817 Waltero
1984 2787 2020 2818 de
2038 2788 2149 2831 Manny
2162 2814 2172 2829 ,
2195 2791 2350 2825 Admirallo
2370 2791 2445 2822 Ann.
2455 2791 2498 2823 D.

1360 2821 1451 2852 Flotae
1465 2823 1519 2852 suae
1535 2822 1666 2865 Navium
1681 2846 1691 2861 ,
1712 2824 1748 2854 ab
1767 2823 1829 2854 Ore
1850 2824 1942 2865 Aquae
1962 2826 2130 2868 Thamisiae,
2150 2830 2242 2861 versus
2260 2841 2348 2871 partes
2388 2832 2471 2871 1338.

1287 2856 1430 2899 Boreales,
1449 2861 1581 2891 Salutem.
2362 2873 2414 2896 An.
2432 2880 2473 2897 12.

1327 2897 1424 2936 Cum,
1442 2909 1495 2939 pro
1510 2898 1684 2930 Defenfione
1698 2900 1731 2931 &
1751 2899 1906 2932 Salvatione
1921 2901 2021 2941 Regni
2041 2903 2153 2944 nostri,
2178 2906 2346 2947 aliarumque
2364 2912 2394 2934 F..
2414 2917 2440 2943 3-

1288 2934 1441 2967 Terrai·um
1454 2936 1612 2968 nostrarum
1626 2961 1636 2976 ,
1658 2938 1691 2969 &
1700 2938 1814 2976 Jurium
1828 2938 1958 2971 Coronae
1973 2941 2096 2982 nostrae,
2112 2953 2180 2975 cum
2195 2945 2347 2979 Excercitu
2364 2946 2428 2973 [bia.

1291 2975 1389 3005 nostro
1399 2998 1408 3011 ,
1424 2974 1483 3010 &a
1494 2983 1575 3013 prout
1581 2976 1667 3015 fiaepra
1681 2978 1713 3006 de
1725 2978 1784 3007 dat.
1801 2986 1841 3016 24
1853 2977 1931 3008 Febr.
1947 2986 2011 3009 tunc
2017 2980 2073 3021 fic,
2345 3015 2347 3017 ‚

1325 3012 1363 3044 Et
1378 3013 1602 3053 assignaverimus
1616 3025 1666 3046 vos
1680 3015 1714 3045 ad
1728 3015 1904 3048 arestandum
1918 3027 2021 3050 omnes
2041 3020 2074 3051 &
2095 3020 2211 3060 singulas
2231 3023 2347 3063 Naves,

1287 3050 1347 3081 tam
1361 3054 1483 3083 minores
1493 3063 1558 3091 quae
1572 3053 1642 3084 ultra
1658 3053 1742 3084 Mare
1757 3055 1868 3086 transire
1887 3064 2037 3096 poterunt,
2055 3059 2139 3098 quarn
2156 3060 2298 3101 Majores,
2316 3064 2347 3093 in

1287 3089 1396 3128 siugulis
1411 3090 1552 3122 Portubus
1565 3092 1599 3122 ὅ(
1620 3092 1708 3123 Locis
1721 3115 1731 3131 ,
1757 3103 1772 3122 a
1791 3093 1870 3124 dieto
1889 3094 1950 3124 Ore
1967 3095 2056 3134 Aquae
2072 3097 2239 3138 Thamifiae,
2258 3102 2348 3132 versus

1286 3127 1373 3160 dictas
1384 3139 1472 3167 partes
1479 3129 1622 3169 Boreales,
1640 3131 1696 3161 five
1706 3131 1811 3162 fuerint
1824 3132 1895 3163 infra
1904 3133 2073 3173 Libertates,
2087 3135 2144 3165 sive
2159 3145 2249 3176 eXtra,
2267 3140 2326 3170 ram
2334 3163 2345 3179 ,

1286 3166 1416 3198 videlicet
1452 3168 1552 3199 Naves
1572 3177 1641 3199 tunc
1661 3169 1783 3200 absentes
1804 3180 1873 3201 cum
1889 3171 2039 3210 redierint,
2066 3174 2150 3210 quam
2168 3175 2233 3206 alias
2246 3176 2345 3209 Naves

1285 3214 1352 3243 quas
1365 3207 1393 3236 in
1430 3207 1547 3238 ortubus
1562 3208 1595 3238 &
1612 3207 1698 3238 Locis
1712 3207 1854 3246 praedietis
1866 3211 2016 3248 contigerit
2028 3212 2163 3250 inveniri,

1319 3243 1356 3275 Et
1369 3245 1477 3275 easdem
1499 3245 1598 3277 Naves
1616 3246 1808 3285 Hominibus,
1827 3247 1981 3278 Armaturis
1992 3271 2002 3286 ,
2028 3249 2216 3291 victualibus,
2234 3254 2268 3285 &
2285 3255 2344 3286 aliis

1285 3284 1439 3314 neceffariis
1451 3285 1524 3315 bene
1537 3285 1570 3315 &
1584 3284 1752 3315 sufficienter
1767 3286 1888 3323 muniri,
1905 3286 1939 3316 δε
1960 3297 2019 3325 eas,
2037 3288 2074 3318 sic
2089 3291 2224 3329 munitas,
2242 3293 2276 3322 δε
2289 3303 2344 3332 pro

1283 3321 1493 3361 eskippamento
1501 3322 1650 3361 Equorum
1659 3346 1668 3361 ,
1686 3332 1770 3362 prout
1783 3325 1865 3354 vobis
1878 3324 2009 3362 expedire
2022 3326 2178 3366 videbitur,
2197 3330 2282 3360 etiam
2295 3341 2345 3371 pa-

1284 3368 1367 3398 ratas,
1384 3362 1467 3399 usque
1484 3361 1605 3392 Portum
1621 3372 1734 3398 magnae
1748 3361 1916 3399 Jernemuth
1929 3362 1997 3393 duci
2015 3363 2195 3404 faciendum,
2214 3368 2250 3398 ita
2263 3371 2342 3407 quod

1278 3398 1370 3467 {sight
1391 3399 1520 3438 ibidem,
1547 3401 1576 3430 in
1599 3400 1677 3431 dista
1701 3399 1856 3438 Qindeiia
1869 3423 1880 3438 ,
1904 3411 1959 3439 pro
1984 3401 2113 3442 Paffagio
2130 3405 2231 3436 nostro
2250 3406 2342 3447 supra-

1299 3447 1307 3466 1
1337 3447 1357 3467 o

1317 3474 1355 3506 Et
1365 3460 1400 3506 id
1414 3478 1511 3507 omnia
1524 3477 1574 3506 alia
1593 3477 1626 3507 &
1646 3476 1769 3515 singula,
1786 3487 1851 3516 quae
1865 3477 2108 3510 Accelerationem
2124 3482 2156 3512 &
2174 3481 2342 3521 Expeditio-

1278 3523 1346 3544 nem
1360 3516 1463 3554 negotii
1478 3514 1567 3545 nostri
1581 3514 1726 3554 supradicti
1743 3524 1879 3546 maturare
1891 3517 1946 3547 five
1959 3519 2123 3557 contingere
2135 3528 2282 3560 poterunt,
2301 3524 2341 3553 fa-

1279 3553 1412 3583 ciendum
1429 3554 1462 3584 &
1476 3553 1660 3591 explendum,

1318 3590 1451 3621 Necnon
1463 3592 1498 3622 ad
1512 3591 1702 3630 deputandum
1714 3591 1764 3622 sub
1777 3593 1860 3622 vobis
1878 3592 1945 3623 alios
1956 3616 1966 3631 ,
1990 3603 2060 3632 quos
2074 3594 2192 3627 idoneos
2206 3601 2341 3631 noveritis

1280 3628 1313 3659 &
1326 3629 1492 3660 sufficientes
1505 3630 1538 3660 ad
1562 3630 1700 3670 praemiffa
1718 3631 1813 3660 omnia
1828 3631 1862 3661 &
1882 3631 2003 3670 singula,
2021 3634 2050 3662 in
2071 3633 2180 3673 singuiis
2199 3636 2340 3670 Portubus

1280 3667 1313 3697 ὅ(
1327 3666 1415 3698 Locis
1430 3668 1541 3699 Ballivae
1554 3669 1669 3706 vestrae,
1688 3669 1744 3699 tam
1759 3668 1831 3698 infra
1845 3668 2014 3707 Libertates,
2032 3672 2117 3708 quam
2136 3682 2229 3712 exrra,
2248 3677 2340 3715 prose-

1277 3706 1439 3773 quendum,
1458 3706 1618 3737 faciendum
1635 3730 1644 3744 ‚
1669 3707 1701 3737 &
1717 3706 1884 3744 explendum
1898 3730 1908 3745 ,
1933 3709 2184 3751 quotienscumque
2203 3713 2236 3744 &
2251 3724 2340 3754 quan-

1298 3753 1441 3784 ocurnque
1462 3745 1582 3775 videritis
1597 3745 1725 3782 expedire
1740 3767 1750 3782 ,
1772 3753 1855 3783 prout
1875 3746 1904 3775 in
1921 3745 2020 3777 Literis
2036 3747 2137 3779 nostris
2155 3749 2338 3793 Parentibus,

1278 3782 1344 3812 inde
1359 3783 1514 3821 conferitis,
1529 3784 1637 3821 plenius
1648 3783 1825 3821 continetur,

1314 3821 1360 3850 Ac
1372 3822 1444 3859 jam,
1462 3822 1520 3851 tiim
1535 3831 1567 3851 ex
1581 3821 1687 3859 vestri,
1705 3823 1791 3861 quam
1804 3822 1922 3852 aliorum
1942 3823 2080 3855 Fidelium
2100 3826 2279 3869 nostrorum,
2297 3840 2340 3861 re-

1277 3858 1380 3889 latione
1394 3859 1603 3890 intellexerimus
1615 3860 1694 3898 quod
1715 3860 1890 3899 quamplures
1905 3860 2006 3893 Naves
2026 3862 2164 3896 Portuum
2180 3868 2214 3898 &
2237 3868 2337 3900 Loco-

1279 3907 1359 3935 rum,
1375 3899 1404 3927 in
1419 3897 1521 3928 Ballivzi
1532 3897 1623 3928 vestra
1671 3898 1705 3928 ad
1725 3899 1746 3918 *²
1761 3906 1849 3938 partes
1863 3899 2011 3931 Vasconiae
2029 3902 2062 3932 &
2084 3903 2145 3934 alias
2157 3914 2245 3943 partes
2259 3917 2335 3939 exre·
2352 3914 2370 3934 ιιι
2388 3918 2423 3943 v,
2439 3925 2473 3951 ²4

1278 3945 1335 3972 ras,
1353 3945 1405 3975 pro
1420 3935 1500 3966 Vinis
1513 3937 1546 3966 &
1561 3937 1618 3966 aliis
1632 3921 1831 3967 Mercimoniis
1844 3939 2014 3979 quaerendis,
2033 3941 2170 3978 profectae
2183 3944 2319 3984 existunt,

1316 3973 1353 4004 Et
1368 3975 1447 4011 quod
1462 3973 1579 4013 Naves,
1599 3985 1652 4012 pro
1666 3975 1744 4006 dieto
1759 3974 1883 4014 Passagio
1903 3977 2002 4009 nostro
2015 4002 2024 4018 ,
2049 3979 2083 4010 &
2100 3980 2266 4014 Excercitfis
2280 3995 2337 4015 no-

1277 4010 1342 4048 stri,
1359 4012 1545 4052 sufficientes,
1560 4014 1590 4044 in
1606 4012 1705 4045 eadem
1726 4013 1832 4045 Bauiva
1853 4014 1942 4047 vestra
1953 4038 1965 4055 ,
1987 4017 2118 4050 nondum
2139 4029 2272 4059 poterunt
2293 4023 2338 4052 in-

1276 4050 1364 4082 veniri
1371 4072 1382 4089 ,

1831 4089 1854 4121 B
1874 4102 1895 4122 2
2284 4095 2340 4128 Per
