2562 4279
150 121 201 177 38

3 269 82 345 Αἲξι
89 264 136 343 ξ).
226 301 285 334 Pro
304 292 449 329 Gailardo
462 291 499 324 dc
518 291 660 336 lilargeis
675 287 832 333 Capellano
849 288 974 319 Comitis
991 287 1162 318 Britanniae.

2 348 114 412 {lifg-
232 384 297 417 EX
307 407 317 423 ,
334 378 443 413 dilectis
457 381 505 412 fibi
521 381 550 409 in
566 375 681 408 Christo
693 375 848 408 Canonicis
859 375 993 407 Ecclesiae
1005 374 1102 406 Sancti
1114 372 1224 405 Severi-

3 428 34 451 Ε·
50 431 76 447 2-
244 426 274 455 ni
289 421 477 459 Burdegaliae,
489 418 615 460 salutem..
638 455 643 460 1
746 454 751 460 ,
838 454 843 459 ·
910 454 915 459 ι
1109 452 1115 457 ⁴

5 459 109 497 Vasc.6.
196 459 411 493 promotionem
426 457 521 488 dileSti
540 454 646 485 Clerici
665 453 769 492 nostri,
787 453 917 484 Gailardi
938 452 975 483 de
1002 451 1145 489 Margeis,
1165 448 1224 479 Ca-

6 504 37 527 E.
55 507 81 524 2·
97 506 134 525 ⁷⁷¹·
160 501 278 541 pellani,
294 499 387 529 dileffi
401 494 610 531 Confinguinei
624 493 656 524 &
674 492 760 523 fidelis
776 492 862 523 nostri
876 515 885 529 ,
904 491 1040 535 Johannis
1060 491 1095 521 de
1117 489 1225 520 Britan-

7 538 35 564 3·
160 540 222 578 nia,
241 538 364 569 Comitis
378 531 619 570 Riclieniundiae,
631 531 782 569 specialiter
796 530 973 568 affee'tantes,
986 528 1076 568 ipsum
1098 526 1226 566 Capella-

161 588 231 611 num
244 577 327 608 vobis
341 575 424 612 pleno
435 570 700 602 recommendamus
709 568 828 600 affeetu:

198 617 340 655 Rogantes
359 612 482 649 quatinus
500 609 669 647 praedid'tum
687 608 863 639 Gaillardum
877 609 909 637 in
923 605 1105 637 Confratrem
1120 605 1153 636 &
1169 603 1226 648 Ca-

160 656 300 687 rionicum
315 650 435 681 vestrum
451 648 614 687 admittere,
629 648 662 679 &
678 647 728 677 sibi
743 646 929 677 Praebendam
946 647 974 675 in
989 643 1114 688 Ecclesia
1128 642 1229 681 praedi-

160 691 208 724 ἃᾶ
223 691 351 723 conferre
363 688 465 725 velitis,
483 687 600 717 caritatis
622 687 740 724 intuitu,
761 686 903 723 nostrique
917 695 951 714 ro
973 685 1074 727 aminis
1087 691 1229 727 interven-

161 740 216 769 tu,
242 739 276 760 ex
295 729 347 758 hac
365 735 459 757 autem
476 725 558 757 causa
575 725 661 756 vobis
682 725 769 755 teneri
790 724 921 755 volumus
952 722 1082 761 pecialius
1104 732 1134 751 iii
1156 719 1231 750 futu-

161 779 236 801 run]-

197 844 266 876 Dat.
289 844 362 883 apud
381 839 691 880 Westmonasterium,
713 840 795 872 tertio
819 839 865 870 die
886 837 969 870 Maii.

165 968 224 1004 Ad
240 966 408 1015 Philippum
423 970 611 1001 Francorum
632 969 758 1012 Regem,
778 964 814 998 de
835 969 910 1013 Rege
927 963 1081 1012 adpartes
1103 965 1236 997 Franciae

576 1015 821 1059 transfretaturo.

13 1121 89 1154 Ann.
105 1118 147 1150 D.

40 1168 125 1200 13¹3-

14 1202 68 1228 An.
84 1201 112 1227 6.

14 1242 37 1266 E
61 1248 86 1265 2.

15 1259 87 1304 Rim.
100 1274 135 1309 &-

15 1318 57 1342 fr.
77 1314 105 1342 6.

16 1356 48 1379 Ε.
63 1362 87 1379 z.
102 1361 138 1380 m.

169 1101 455 1165 EXcellentiffimo
471 1100 596 1138 Principi
611 1123 622 1139 ,
653 1098 788 1131 Domino
804 1099 939 1138 Philippo
955 1123 964 1137 ,
987 1099 1049 1131 &c.
1068 1096 1237 1138 Edwmdus,

219 1180 234 1210 f
245 1141 367 1180 ejusdem
383 1140 491 1180 grati-52,
506 1140 567 1171 &c.
584 1138 715 1178 salutem,
731 1140 780 1178 &,
796 1139 831 1170 ad
846 1137 1072 1177 vota,succeffus
1093 1138 1236 1177 prosperos

170 1192 205 1213 ac
231 1181 322 1211 elices.

207 1218 371 1258 Qiaedam,
387 1216 639 1249 transfretationem
654 1215 777 1247 nostram
791 1216 824 1247 ad
840 1224 927 1255 partes
945 1214 1046 1246 vestras
1060 1239 1070 1254 ,
1092 1216 1168 1254 juxta
1188 1227 1241 1247 no-

172 1257 264 1289 strum
278 1257 459 1294 desiderium,
471 1257 505 1288 &
523 1255 646 1286 vestrum
664 1263 795 1291 rogatum
813 1255 895 1285 nobis
913 1253 979 1284 inde
997 1253 1242 1293 fastumgnecnon

173 1298 207 1328 &
223 1296 395 1327 securitatem
411 1319 421 1334 ,
447 1305 532 1333 quam
550 1305 565 1324 a
583 1293 673 1324 vestra
691 1293 787 1329 Regia
811 1292 1031 1331 Magnificentia
1048 1295 1076 1322 in
1096 1293 1242 1331 praemiffis

173 1345 225 1366 nos
237 1333 319 1366 decet
332 1332 609 1371 habere,specialiter
628 1333 784 1370 tangentia,
797 1332 968 1370 injunximus
982 1331 1138 1363 Nobilibus
1152 1332 1242 1372 Viris,

173 1375 208 1405 &
225 1372 324 1404 nostris
341 1372 448 1403 dilectis
465 1373 498 1402 δε
516 1371 657 1409 fidelibus,
674 1370 806 1401 Henrico
822 1370 858 1401 de
875 1370 952 1401 Bello
971 1368 1092 1408 Monte,
1116 1370 1243 1402 Consan-

173 1413 281 1449 guineo
298 1411 395 1441 nostro
412 1409 574 1447 karissimo,
593 1409 750 1439 Alexandro
775 1408 810 1439 de
830 1409 987 1449 Abernithy
1001 1431 1011 1446 ,
1033 1406 1188 1440 Militibus:
1208 1411 1242 1441 &-

170 1450 333 1481 W'illielmo
350 1449 386 1479 de
404 1448 519 1479 Melton
538 1447 661 1478 Decano
673 1447 770 1478 Sani-[ii
789 1446 906 1478 Martini
927 1446 1033 1485 Magni
1057 1447 1190 1479 London.
1207 1450 1241 1480 ὅ(

168 1489 292 1528 Johanni
307 1488 342 1519 de
355 1487 489 1518 Hothum
507 1485 661 1517 Canonico
678 1485 826 1524 Eborum,
846 1496 894 1524 per
913 1485 986 1524 ipsos
1004 1485 1110 1517 Milites
1125 1487 1158 1518 &
1174 1486 1243 1518 Cle-

171 1529 246 1596 rico<s1
269 1550 280 1566 ,
315 1534 367 1558 tres
393 1525 439 1557 vel
456 1525 526 1555 duos
543 1534 645 1555 eorum
663 1547 674 1564 ,
691 1523 802 1555 Vestrae
822 1523 1002 1556 Excellentiae
1017 1523 1140 1556 seriosius
1157 1535 1244 1565 expo-

172 1577 228 1597 nen
248 1577 272 1595 a.

213 1603 342 1634 Vestram
360 1604 444 1640 igitur
462 1601 658 1632 paternitatem
677 1600 846 1632 karissimam
870 1599 1026 1633 affedmofis
1050 1601 1179 1640 precibus
1202 1614 1244 1635 re-

174 1644 309 1682 quirimus
326 1642 360 1672 &
377 1642 664 1679 rogamuS,quatinus
683 1640 788 1670 eisdem
806 1639 948 1671 Militibus
964 1641 998 1671 &
1014 1640 1246 1680 clericis,tribus

174 1682 220 1712 vel
236 1681 346 1712 duobus
363 1690 483 1718 eorum,
501 1681 530 1709 in
549 1680 617 1717 hiis,
635 1689 698 1718 quae
715 1678 765 1717 ipsi
783 1687 898 1716 quatuor
913 1702 923 1717 ,
946 1687 998 1709 tres
1010 1702 1020 1718 ,
1045 1680 1091 1710 vel
1114 1680 1172 1712 duo
1196 1691 1245 1712 eo-

174 1730 254 1758 rum,
273 1720 355 1750 vobis
370 1718 448 1758 super
466 1717 627 1756 praemiffis,
645 1727 679 1748 ex
696 1726 770 1755 parte
788 1717 898 1755 nostra,
915 1717 1089 1755 exposuerint
1109 1719 1177 1750 vivii
1192 1730 1244 1751 vo-

176 1769 229 1796 ce,
242 1758 332 1788 velitis
349 1756 436 1787 fidem
456 1756 601 1786 indubiam
616 1756 762 1786 adhibere:
782 1756 814 1786 &
835 1756 999 1794 requirenda
1021 1767 1070 1795 pei·
1091 1757 1164 1798 ipsos
1180 1769 1247 1797 qua-

176 1806 259 1835 tuor,
274 1805 341 1834 tres,
359 1795 404 1827 vel
420 1795 491 1826 duos
505 1804 623 1833 eorum,
640 1796 670 1825 in
687 1796 740 1826 hac
758 1803 833 1833 parte
849 1817 859 1834 ,
883 1794 1003 1833 gratiose
1022 1796 1199 1836 concedere,
1218 1806 1248 1831 ut

178 1845 320 1873 optamuS.

215 1911 282 1943 Dat.
300 1912 373 1951 apud
391 1911 529 1953 Wyndes.
553 1920 651 1952 quarto
671 1910 717 1943 die
740 1911 823 1943 Maii,

386 2035 445 2071 Ad
461 2039 575 2084 Papam
590 2047 646 2083 pro
665 2035 817 2070 Richardo
832 2034 867 2069 de
885 2036 1044 2083 Cornubia.

237 2119 344 2154 APAE
363 2121 429 2153 Rex
443 2122 544 2154 devota
559 2122 671 2154 Pedum
685 2122 776 2153 oscula
795 2121 955 2154 Beaiorum.

266 2161 341 2192 Inter
359 2170 474 2192 caeteros
493 2160 575 2192 studii
593 2156 680 2191 nostri
698 2161 822 2199 labores,
837 2163 936 2200 quibus
955 2171 989 2192 ex
1006 2161 1122 2201 suscepti
1137 2165 1253 2202 regimi-

180 2200 222 2229 nis
241 2200 307 2230 curzi
326 2199 431 2230 assidue
451 2209 610 2230 coartamur
624 2222 634 2238 ,
658 2199 702 2230 ille
727 2201 853 2230 intiiiiior
876 2200 972 2231 insidet
989 2203 1073 2232 nobis
1092 2203 1198 2242 cordi,
1221 2213 1254 2236 ut

182 2237 307 2268 Coronae
323 2238 426 2268 nostrae
447 2239 524 2275 jura,
540 2239 558 2256 ’¹¹‘
579 2239 612 2268 &
630 2237 846 2269 consuetudines
869 2240 1059 2278 rationabiles,
1078 2243 1256 2279 temporibus

31 2283 57 2300 2·
182 2276 396 2315 Progenitorum
414 2275 575 2305 nostrorum
592 2275 683 2305 usitata
699 2298 708 2313 ,
733 2276 768 2305 ad
792 2287 916 2314 quorum
940 2277 1162 2308 observationem
1177 2281 1255 2318 jura-

30 2316 101 2377 Ιὲσψό-
119 2309 152 2376 ΕΞ*
180 2316 271 2384 ltriepnti
289 2313 406 2345 vinculo
425 2314 610 2351 obligamur,
635 2313 738 2343 illibata
759 2323 939 2351 permaneant
956 2316 990 2346 &
1008 2316 1203 2348 conserventur
1221 2319 1253 2349 il-

51 2360 74 2376 r.
105 2373 111 2378 .
153 2372 158 2376 .
191 2367 198 2384 ⁴.
226 2364 248 2383 a·

33 2397 59 2416 2·
70 2398 104 2414 m,
118 2390 161 2415 ¹6·
221 2391 361 2430 Proinde,
376 2390 412 2421 de
429 2389 529 2421 vestrae
546 2389 729 2431 Benignitatis
748 2390 943 2430 providentia,
961 2402 1024 2430 quae
1039 2403 1090 2424 nos
1101 2395 1254 2427 innumeris

56 2427 75 2444 ἐ
86 2428 142 2454 111·
184 2432 337 2469 gratiarum
354 2429 550 2467 largitionibus
568 2428 700 2459 indefesse
727 2430 858 2460 hactenus
879 2430 1043 2469 honoravit,
1057 2431 1134 2469 spem
1151 2444 1253 2470 geren-

69 2474 138 2501 409·
183 2479 224 2500 tes
238 2469 402 2507 indubiam,
425 2468 501 2506 quod
520 2468 662 2509 honorem
684 2469 795 2505 regium
819 2474 932 2506 paterno
958 2469 1052 2500 zeletis
1075 2470 1198 2511 affeetu,
1216 2473 1252 2504 ad

184 2507 304 2538 vestram
321 2507 556 2549 benevolentiam
568 2505 684 2536 tidenter
701 2507 883 2544 recurrimus,
908 2509 1035 2545 quotiens
1051 2508 1114 2545 jura
1133 2511 1167 2540 ὅ(
1182 2521 1253 2542 con-

184 2546 340 2577 suetudines
359 2545 501 2583 praelibata
513 2545 762 2576 animadvertimus
776 2545 898 2575 subdolis
911 2548 1124 2584 impetrantium
1141 2550 1252 2581 machi-

184 2586 343 2616 nationibus
358 2584 436 2622 posse
452 2583 616 2621 periclitari,
632 2581 681 2613 sub
697 2584 837 2614 velamine
854 2584 1029 2622 Apostolicae
1052 2586 1201 2623 potestatis.

221 2623 312 2662 Sane,
327 2622 407 2653 Pater
421 2621 693 2659 San&e,intellee‘¹to
710 2622 816 2653 dudum
836 2623 1018 2655 collationem
1035 2623 1201 2657 Praebendae
1217 2627 1253 2658 de

182 2660 422 2700 Northuenbald,
439 2663 469 2690 in
490 2660 612 2691 Ecclesia
630 2661 702 2690 beati
722 2660 795 2691 Petri
812 2660 960 2702 Eborum,

182 2700 281 2732 nostro
300 2700 416 2738 Regio,
436 2700 571 2737 pertinere
587 2721 597 2737 ,
620 2699 736 2730 eandem
763 2699 946 2731 Praebcndam

29 2156 106 2188 Ann.
121 2153 162 2186 D.

53 2203 139 2235 1313.

30 2238 160 2263 An.6.f..

987 2663 1021 2693 ad
1040 2673 1091 2693 nos
1139 2665 1175 2695 de
1198 2667 1256 2704 jure

346 2740 350 2744 ι
575 2738 579 2743 ἡ
883 2740 888 2744 ῃ
963 2700 1069 2744 diiecto
1088 2686 1203 2734 dierico
1221 2706 1254 2736 δι

185 2739 410 2776 Consanguineo
427 2737 524 2768 nostro
542 2737 689 2767 Richardo
707 2738 741 2767 de
760 2737 905 2770 Cornubia
922 2740 1018 2782 (cujus
1031 2743 1254 2782 promotionem,

183 2777 236 2808 suis
253 2778 427 2814 exigentibus
447 2778 567 2814 meritiS,
585 2776 767 2814 optabamus)
784 2776 912 2808 duximus
929 2779 1147 2810 conterendam:

223 2816 340 2853 Αιὲφῑο
357 2825 394 2846 eo
412 2815 488 2853 quod
507 2814 622 2852 quidam
642 2814 818 2853 Pandulphus
844 2815 880 2846 de
906 2816 997 2847 Sabell
1023 2840 1033 2856 ‚
1066 2819 1113 2856 qui
1134 2819 1252 2852 eandem

184 2853 388 2901 Praebendam,
406 2854 435 2883 in
450 2854 518 2891 juris
537 2853 624 2884 nostri
643 2853 856 2893 praejudicium,
870 2855 1035 2886 afferebatur
1048 2857 1253 2898 occupasse,se

182 2894 345 2924 executioni
361 2891 529 2934 Collationis
542 2891 646 2934 nostrie
662 2892 805 2930 praedi&ae
821 2895 999 2931 opponebat:
1253 2899 1256 2902 ’

219 2931 254 2961 In
274 2930 361 2963 Curii
375 2930 467 2961 nostra
482 2930 580 2960 discuti
602 2931 724 2960 fecimus
742 2930 821 2968 super
839 2933 899 2969 jure
922 2932 1019 2963 nostro
1040 2934 1071 2964 in
1110 2935 1252 2975 raemiffis,

182 2969 338 3000 secundum
356 2970 451 3006 legem
467 2969 500 2999 &
515 2968 744 2999 consuetudinem
758 2969 855 3006 Regni
874 2971 978 3010 nostri,
993 2972 1072 3002 dieto
1112 2973 1253 3012 andulpho

182 3008 218 3039 ad
237 3006 453 3038 interessendum
472 3008 504 3038 δε
523 3007 758 3046 proponendum,
782 3009 800 3038 fi
815 3009 880 3046 quid
899 3011 1061 3041 rationabile
1080 3011 1192 3051 dicere,
1207 3013 1254 3043 vel

187 3046 335 3077 ostendere
349 3046 446 3084 vellet,
463 3049 538 3084 quod
555 3046 690 3076 effedfflrn
707 3046 874 3078 Collationis
893 3048 995 3079 nostrae
1011 3049 1154 3088 praedietae
1167 3051 1253 3083 debe-

185 3094 227 3116 ret
243 3084 380 3123 impedire
389 3107 399 3124 ,
413 3085 542 3122 legitime
558 3086 751 3122 praemunitotj

224 3123 260 3153 Et
277 3124 409 3162 tandem,
423 3124 485 3162 jure
503 3124 601 3166 nostro
616 3125 644 3153 in
663 3123 761 3154 eadem
781 3124 867 3156 Curii⁴
883 3136 931 3164 per
946 3127 1103 3165 judicium,
1119 3128 1186 3159 inde
1203 3130 1255 3160 rite

188 3162 348 3200 redditum,
361 3161 499 3192 declarato
519 3163 609 3200 (licuti
648 3161 866 3199 Progenitorum
884 3165 1045 3197 nostrorum
1065 3169 1255 3207 temporibus,

187 3201 218 3230 in
239 3200 429 3242 consimilibus
446 3201 550 3231 casibus
565 3224 575 3239 ,
608 3186 666 3231 fieri
692 3200 826 3232 hactenus
851 3203 1011 3241 consuevit)
1032 3204 1111 3235 idem
1128 3205 1257 3237 Clericus

186 3237 283 3269 noster
304 3238 516 3281 sublequenter,
533 3250 580 3276 per
604 3239 661 3270 loci
681 3240 868 3278 ordinarium,
892 3241 926 3271 ad
943 3242 1049 3273 dic'tam
1068 3243 1254 3275 Praebendam

187 3277 339 3307 Canonice
354 3276 484 3307 admiffus
501 3280 569 3316 iuit,
586 3278 619 3309 ὃ(
637 3278 765 3310 inductus
780 3280 810 3309 in
829 3279 1025 3317 poffeffionem
1043 3281 1183 3321 ejusdem,
1196 3284 1254 3314 vir-

187 3324 246 3346 tute
263 3315 418 3346 collationis
434 3314 535 3345 nostine
555 3316 715 3353 tinemut-x.

226 3354 336 3385 Verum
356 3353 483 3392 praefatus
502 3354 696 3393 PandulphuS,
713 3364 742 3386 ut
757 3357 839 3386 nobis
854 3356 970 3387 relatum
988 3357 1109 3396 est,1'uta
1127 3358 1254 3390 Coronae

187 3392 290 3423 nostra:
308 3394 337 3422 in
357 3394 408 3423 hac
426 3401 502 3431 parte
518 3392 640 3430 satagens
657 3403 708 3433 pro
728 3395 830 3425 viribus
844 3395 1144 3434 impugnare,di6tum
1161 3397 1254 3428 Cleri-

187 3440 258 3460 cum
277 3431 405 3462 nostrum
423 3431 456 3462 ad
474 3430 698 3469 respondendum
718 3432 785 3470 sibi,
803 3441 876 3463 extra
894 3433 1031 3471 Regnum
1045 3435 1190 3474 nostrum,
1210 3436 1254 3467 su-

185 3477 237 3506 per
255 3470 413 3508 praemiffis,
432 3471 512 3500 citari
529 3471 718 3507 peremptorie
743 3473 921 3510 procuravit,
947 3483 981 3503 ac
1006 3482 1097 3503 certos
1122 3484 1137 3504 a
1162 3474 1253 3506 vestra

188 3505 341 3550 Sanctitate
363 3507 439 3545 super
461 3508 517 3538 hoc
532 3509 582 3539 sibi
598 3508 656 3539 dari
675 3509 796 3546 optinuit
813 3510 965 3548 auditores,
983 3513 1032 3549 qui
1050 3511 1188 3550 processus
1205 3524 1254 3543 va-

187 3554 261 3587 rios,
277 3544 312 3573 ad
328 3546 484 3576 instantiam
499 3546 569 3577 dieti
584 3546 756 3586 Pandulphi,
773 3547 895 3586 faciunt,
911 3559 941 3579 ut
953 3551 1131 3588 accepimus,
1153 3551 1255 3589 praeju-

188 3581 300 3611 dieiales
322 3582 417 3625 Regio
433 3585 487 3621 juri
497 3585 614 3627 nostro,
631 3594 727 3616 contra
744 3586 865 3616 eundern
883 3586 1031 3618 Clericum
1051 3589 1197 3627 nostrum,
1211 3591 1255 3627 ip-

189 3619 383 3664 sumque-alias
400 3627 520 3664 expensis
539 3624 572 3654 ὃ(
589 3624 729 3654 laboribus
746 3625 936 3662 multipliciter
953 3625 1107 3663 fatigando.

228 3657 295 3688 Nos
312 3667 413 3696 igitur,
431 3661 629 3704 considerantes
646 3663 722 3700 quod
740 3665 769 3693 in
788 3663 875 3694 nostri
892 3665 1089 3702 praejudicium
1105 3688 1114 3704 ,
1137 3664 1170 3695 &
1190 3663 1254 3695 Co-

188 3705 269 3727 ronae
286 3696 387 3738 nostrae
404 3698 652 3730 exhaeredationem
667 3702 777 3732 cederet
796 3702 962 3741 manifeste,
982 3703 1002 3733 si
1020 3702 1112 3734 dietus
1128 3702 1254 3734 Clericus

190 3733 286 3777 noster
295 3743 339 3776 jus
357 3734 501 3775 nostrum,
515 3739 544 3767 in
561 3739 854 3777 praemiffis-,maxime
868 3750 942 3772 extra
957 3740 1096 3778 Regnum
1109 3741 1253 3780 nostrum,

189 3782 221 3802 in
240 3772 380 3809 judicium
403 3773 566 3821 deduceret,
591 3777 635 3806 vel
652 3775 730 3814 super
750 3778 806 3809 hoc
823 3779 969 3818 aliqualiter
987 3780 1126 3819 litigaret,
1144 3780 1254 3818 speran-

189 3809 284 3854 tesque
300 3810 374 3847 quod
393 3811 671 3854 vestransslernentia,
691 3815 765 3846 velut
789 3826 875 3848 mater
894 3818 975 3849 avida
995 3818 1196 3849 detrimentum
1210 3819 1253 3856 ju-

190 3858 243 3891 riS,
258 3847 303 3877 seu
320 3848 434 3890 honoris
447 3849 495 3878 filii
515 3853 574 3893 neri
597 3853 748 3883 nullatenus
766 3857 896 3894 patietur,
909 3857 1001 3887 eidem
1020 3856 1189 3888 Clementiae
1199 3867 1267 3887 νον

191 3894 256 3916 tivis
271 3884 417 3929 affedtibus
439 3887 623 3929 supplicamus
638 3892 782 3930 quatinus,
799 3895 944 3930 praemiffis
956 3896 1080 3933 benigna}
1095 3895 1255 3926 meditatio-

192 3934 229 3966 ne
247 3924 376 3962 pensatis,
394 3924 427 3954 ad
442 3935 485 3962 Jus
503 3927 626 3969 nostrum
646 3928 788 3968 Regium,
802 3933 830 3961 in
849 3933 901 3962 hac
918 3943 994 3970 parte
1026 3934 1046 3964 si
1068 3934 1160 3972 placet
1174 3956 1184 3973 ,
1209 3934 1254 3963 in-

191 3970 294 4005 tuitum
312 3970 522 4006 convertentes,
541 3966 577 3994 iic
595 3965 769 4005 dignemini,
784 3968 863 4006 super
880 3972 982 4007 praemi
1007 3983 1045 4011 is,
1060 3972 1171 4010 paterna
1193 3971 1256 4002 soli-

193 4000 318 4032 citudine
336 4001 481 4042 ordinare,
500 4003 576 4042 quod
593 4005 632 4034 nil
649 4004 779 4043 depereat
794 4007 851 4044 juri
867 4008 1023 4048 nostro,&
1036 4011 1114 4050 quod
1130 4009 1257 4049 praefatus

618 97 1405 151 CONVENTIONES,
1462 90 1851 149 ngTERAE,

1267 184 1396 216 Clericus
1412 183 1506 215 noster
1524 185 1608 223 (cui,
1628 181 1838 222 praemifforum
1857 179 2078 212 consideratione
2091 183 2101 220 3
2122 181 2199 213 viam
2211 185 2333 224 praeclu-
2343 181 2420 213 Ann.
2434 180 2478 213 D.

1269 223 1353 255 simus
1368 225 1395 254 se
1410 232 1484 254 extra
1499 222 1636 263 Regnum
1651 221 1778 252 nostrum
1787 232 1836 260 ,ea
1856 220 2023 259 occasione,
2038 219 2333 264 transferendi,cujus-
2365 229 2452 261 1313.

1269 273 1324 300 que
1343 261 1499 292 defensioni
1514 263 1544 292 in
1558 262 1680 298 negotio
1692 260 1838 298 praelibato
1849 259 1942 290 deesse
1958 270 2018 290 non
2038 257 2198 301 possumus,
2216 272 2271 295 nec
2285 263 2336 296 de.
2342 260 2408 289 Edv.
2427 264 2455 295 ἰς

1267 302 1366 332 bernus
1374 306 1383 337 )
1402 309 1461 330 non
1476 300 1641 339 inquietetur
1654 300 1684 330 in
1700 298 1815 338 aliquo,
1825 297 1870 330 seu
1882 307 2021 338 gravetur.

1301 377 1474 416 Conservet,
1493 377 1554 409 &c.

1303 454 1371 486 Dat.
1387 454 1461 493 apud
1473 454 1602 485 Westm.
1615 461 1714 493 quarto
1727 453 1774 485 die
1786 452 1869 484 Maii.

1468 581 1518 612 De
1533 582 1690 612 Maneriis
1711 579 1952 625 Templariorum
1973 578 2134 622 commzffis.

1270 664 1366 734 RE
1377 663 1408 694 X
1433 664 1584 702 omnibus,
1596 663 1630 694 ad
1645 674 1729 703 quos,
1744 664 1805 696 &c.
1822 663 1943 696 salutem.
2353 666 2428 698 Ami.
2443 666 2486 702 D}

1374 702 1473 733 Sciatis
1488 702 1567 740 quod
1584 703 1777 733 commisimus
1790 702 1896 734 dileeto
1910 703 2068 735 Mercatori
2081 702 2197 743 nostr0,
2210 705 2336 739 Antonio
2383 715 2416 747 13
2425 715 2467 746 ¹3·

1271 741 1420 778 Pessaigne
1435 741 1470 771 de
1478 741 1566 779 Janua
1575 763 1586 779 ,
1602 739 1730 771 Maneria
1743 741 1780 772 de
1795 741 1936 781 Dynesse,
1955 743 2133 782 Langenok,
2153 744 2187 775 δε
2200 743 2236 775 de
2250 745 2340 777 Chela
2356 748 2408 773 An·
2421 744 2451 774 6·

1272 779 1297 810 se
1307 803 1316 818 ,
1332 790 1400 810 cum
1416 779 1605 817 pertinentiis,
1621 779 1651 808 in
1671 778 1819 810 Comitatu
1837 780 2026 820 Hettfordiae,
2045 792 2108 820 quae
2123 782 2234 813 fuerunt
2247 781 2338 814 Tem-
2358 789 2388 811 E·
2405 793 2432 812 2.

1275 819 1426 856 plariorum
1435 841 1445 857 ,
1459 817 1577 848 tenenda
1593 817 1724 855 quamdiu
1747 819 1828 848 nobis
1849 819 1998 858 placuerit,
2013 820 2157 851 reddendo
2178 821 2244 852 inde
2260 822 2341 854 nobis
2357 824 2410 850 Fin.
2422 815 2452 850 6.

1276 867 1326 894 per
1339 866 1461 895 annum,
1477 855 1510 886 ad
1524 855 1702 886 Scaccarium
1716 856 1976 895 nostrum‚tantum
1984 867 2138 898 ,quantum
2151 859 2197 893 alii
2209 858 2342 893 haetenus
2358 865 2388 890 Ε.
2415 870 2440 890 2.

1274 895 1342 926 inde
1355 904 1403 934 per
1416 902 1588 932 compotum
1600 894 1680 925 suum
1695 894 1878 926 reddiderunt.
2364 908 2402 928 m.
2423 908 2449 936 3.

1311 970 1346 1003 In
1359 970 1454 1010 cujuS,
1469 971 1531 1003 &c.

1314 1048 1402 1082 Teste
1416 1048 1499 1089 Rege
1514 1048 1587 1088 apud
1601 1047 1737 1090 Wyndes
1756 1049 1855 1088 quinto
1865 1049 1912 1081 die
1929 1048 2013 1081 Maii.

1866 1128 1920 1158 Per
1931 1129 2024 1158 Breve
2042 1127 2074 1159 de
2080 1130 2197 1168 privato
2211 1127 2312 1168 sigillo:

1338 1207 1369 1239 T
1387 1208 1551 1240 mandatum
1569 1206 1611 1240 est
1627 1203 1761 1240 Galfrido
1786 1208 1822 1240 de
1839 1207 1864 1240 la
1888 1209 1947 1240 Lee
1961 1232 1971 1248 ,
1998 1207 2074 1248 quod
2096 1209 2191 1241 eidem
2215 1209 2346 1244 Antonio

1355 1246 1484 1278 Maneria
1501 1247 1654 1286 praediffi’ca,
1674 1258 1742 1278 cum
1758 1249 1952 1286 pertinentiis,
1975 1258 2030 1278 una
2050 1258 2118 1279 cum
2140 1250 2275 1281 omnibus
2291 1251 2347 1282 Boe

1278 1287 1320 1316 nis
1340 1286 1373 1316 &
1391 1286 1504 1317 Catallis
1518 1286 1625 1325 Regis,
1641 1288 1670 1316 in
1691 1285 1797 1317 eisdem
1813 1286 1950 1318 Maneriis
1961 1286 2140 1318 existentibus
2151 1310 2161 1325 ‚
2191 1297 2239 1325 per
2261 1288 2347 1320 Cim-

1279 1325 1521 1394 graphxuaerrdi,6{nter
1531 1326 1603 1364 ipsos
1612 1324 1680 1356 inde
1695 1324 1923 1364 conficiendum,
1937 1325 2036 1358 liberet
2050 1324 2233 1358 custodienda
2245 1326 2276 1358 in
2289 1326 2348 1366 fors

1278 1373 1327 1394 ma
1343 1373 1363 1402 p
1422 1374 1428 1393 i
1460 1374 1485 1395 a.

1317 1440 1405 1471 Teste
1428 1449 1458 1472 ut
1475 1440 1560 1481 supra.

1283 1517 1302 1537 ²*
1322 1516 1451 1573 REX
1475 1517 1624 1558 omnibus,
1639 1517 1674 1550 ad
1690 1529 1758 1558 quos
1791 1520 1852 1551 &c.
1877 1518 2001 1551 salutem.
2271 1552 2286 1557 ,,
2385 1523 2402 1540 ·
2420 1522 2478 1554 ΙΠὶ

1304 1595 1309 1600 ⁴
1414 1557 1515 1588 Sciatis
1533 1557 1611 1596 quod
1641 1543 1838 1589 commisimus
1860 1557 1966 1589 dilecto
1980 1554 2137 1588 Mercatori
2150 1554 2248 1590 nostro
2265 1557 2352 1590 Fran⁵
2388 1572 2458 1600 4¹02

1283 1594 1362 1638 cisco
1384 1595 1550 1635 Bascheme,
1574 1596 1702 1628 Maneria
1721 1596 1758 1628 de
1777 1596 1914 1634 Crissing.
1932 1597 1965 1628 &
1983 1596 2018 1627 de
2034 1596 2164 1637 Wyam,
2187 1606 2255 1628 cum
2267 1599 2355 1636 perti-

1284 1634 1386 1663 nentiis
1399 1635 1428 1664 in
1444 1634 1591 1666 Comitatu
1610 1635 1746 1674 Effexiae,
1764 1646 1826 1674 quae
1845 1636 1956 1666 fuerunt
1969 1634 2219 1675 Templariorurn,
2232 1636 2355 1669 tenenda

1285 1671 1420 1709 quamdiu
1440 1674 1521 1704 nobis
1555 1674 1668 1705 lacuerit
1682 1697 1692 1713 ,
1721 1674 1864 1706 reddendo
1886 1673 1950 1704 inde
1975 1673 2058 1704 nobis
2079 1683 2129 1711 per
2151 1674 2268 1705 Annum
2282 1697 2293 1713 ‚
2321 1675 2356 1706 ad

1286 1711 1468 1742 Scaccarium
1491 1722 1530 1742 no
1588 1723 1636 1751 m,
1657 1720 1783 1753 tantum,
1803 1720 1938 1753 quantum
1957 1711 2005 1744 alii
2025 1712 2158 1745 ha&enus
2177 1735 2188 1752 ‚
2214 1713 2281 1747 inde
2308 1723 2359 1753 per,

1286 1758 1457 1788 compotum
1473 1750 1554 1782 suum
1569 1751 1754 1783 reddiderunt.

1324 1826 1358 1858 In
1372 1828 1467 1867 cujus,
1484 1828 1544 1860 &c.
1580 1872 1587 1878 ν

1321 1902 1409 1936 Teste
1422 1905 1550 1943 utsupra.

1858 1986 1913 2015 Per
1930 1987 2023 2014 Breve
2041 1984 2073 2014 de
2085 1986 2202 2023 privato
2219 1981 2323 2023 Sigillo.'

1292 2059 1380 2121 ET
1403 2060 1565 2092 mandatum
1584 2060 1625 2091 est
1643 2056 1766 2100 Johanni
1783 2060 1809 2092 la
1825 2060 1870 2091 W
1871 2061 1937 2092 arde
1951 2084 1961 2099 ,
1988 2060 2066 2099 quod
2090 2061 2183 2092 eidem
2213 2059 2363 2092 Francisco'

1369 2098 1498 2130 Maneria
1514 2099 1668 2138 praedicta,
1683 2110 1752 2130 cum
1767 2100 1955 2137 pertinentiis,
1967 2100 2022 2130 unii
2045 2110 2113 2130 cum
2129 2100 2263 2130 omnibus
2278 2100 2363 2131 bonis⁴

1291 2139 1325 2170 &
1343 2137 1457 2168 Catallis
1471 2137 1516 2168 Re
1538 2139 1577 2176 is,
1596 2139 1626 2168 in
1641 2137 1744 2168 eisdem
1758 2136 1954 2175 existentibus,
1977 2147 2027 2175 per
2047 2137 2269 2177 cirographum,
2289 2140 2362 2170 inter

1291 2176 1364 2215 ipsos
1379 2176 1444 2211 inde
1461 2186 1519 2207 con
1539 2176 1691 2214 ciendum,
1702 2176 1801 2207 liberet
1816 2175 2000 2207 custodienda
2014 2177 2045 2206 in
2056 2176 2150 2206 formai
2166 2176 2312 2213 praedistfi.

1326 2252 1415 2284 Teste
1432 2262 1462 2284 ut
1480 2253 1567 2291 supra.

1337 2379 1387 2411 De
1409 2377 1561 2412 Condusla
1571 2389 1627 2425 pro
1648 2379 1778 2472 Numi}
1787 2380 1889 2459 HRegis
1906 2379 2038 2411 Franciae
2053 2380 2086 2409 in
2101 2379 2234 2412 Scotiam
2243 2388 2316 2424 pro-

1772 2439 1786 2459 e
1815 2438 1890 2460 uris.

1289 2516 1417 2574 REX
1443 2518 1577 2549 omnibus
1598 2516 1722 2555 Ballivis‚
1737 2517 1797 2548 &c.
1815 2516 1849 2547 ad
1866 2526 1951 2554 qum,
1966 2516 2027 2548 &c.
2044 2517 2168 2550 salutem.
2380 2512 2456 2545 Ann.
2473 2513 2515 2545 D;

1383 2556 1462 2587 Cum
1480 2556 1624 2586 Dominus
1641 2555 1784 2593 Philippus
1798 2578 1809 2594 ,
1829 2554 1893 2585 Rex
1910 2555 2037 2586 Fi'anciae
2058 2556 2167 2588 illustris
2180 2579 2190 2595 ,
2209 2554 2289 2587 Pater
2304 2566 2359 2587 no-
2406 2562 2492 2593 1313.

1290 2596 1344 2628 ster
1356 2593 1676 2634 cariffimus,Nobilem
1692 2594 1794 2625 Virum
1811 2593 1972 2623 Dominum
1983 2594 2142 2632 johannem
2158 2594 2279 2625 Roberti
2294 2594 2357 2625 Mi·
2380 2594 2431 2620 An.
2447 2594 2475 2620 6·

1290 2636 1388 2672 litem,
1402 2635 1436 2665 &
1449 2633 1591 2673 quendam
1609 2631 1757 2663 Clericum
1774 2631 1885 2662 socium
1903 2631 2002 2671 suum,
2024 2633 2128 2664 miserit
2147 2633 2206 2672 jam
2227 2635 2257 2664 in
2277 2632 2360 2671 Reg-
2380 2634 2409 2658 E.
2437 2640 2464 2658 2-

1291 2684 1362 2705 num
1377 2673 1522 2711 nostrum,
1542 2681 1576 2702 ex
1594 2679 1671 2709 parte
1686 2671 1768 2709 ipsius
1785 2669 1892 2709 Regis,
1910 2669 1943 2700 ad
1961 2679 2051 2708 partes
2070 2671 2177 2703 Scotiae
2191 2695 2201 2711 ,
2224 2676 2267 2703 utv
2278 2672 2361 2703 intel·
2378 2672 2438 2697 PM-
2455 2669 2482 2696 6.

1291 2713 1421 2749 leximuS,
1446 2709 1648 2750 progressuros,
2379 2711 2516 2745 E.2.p.23

1330 2750 1422 2789 Ipsos,
1438 2749 1566 2780 Militem
1583 2749 1617 2780 &
1635 2747 1802 2786 Clericum,
1819 2747 1853 2778 &
1872 2747 2003 2779 homines
2017 2748 2054 2779 de
2070 2748 2175 2779 familia
2189 2748 2252 2788 suz'i,
2266 2748 2363 2781 secum
2381 2755 2457 2782 m·9·

1292 2790 1437 2821 existentes
1451 2811 1461 2827 ,
1480 2787 1647 2825 suscepimus
1668 2788 1698 2817 in
1717 2786 1823 2817 salvum
1840 2786 1873 2817 &
1891 2786 2215 2818 securum’conduetum
2232 2787 2364 2820 nostrum

1292 2830 1321 2859 in
1339 2828 1433 2859 eundo
1450 2826 1540 2895 vergus
1556 2825 1645 2895 dciiitas
1661 2833 1748 2865 partes
1762 2824 1884 2864 Scotiae,
1900 2824 2010 2856 ibidem
2032 2825 2170 2857 morando
2181 2849 2192 2865 ,
2213 2826 2247 2857 &
2262 2826 2364 2858 exinde

1292 2868 1326 2898 ad
1364 2877 1395 2897 ro
1416 2869 1453 2897 ria
1469 2875 1498 2895 re
1517 2875 1571 2895 eun
1591 2874 1626 2894 o:

1328 2877 1381 2944 Ept,
1395 2877 1429 2936 {d
1453 2903 1674 2934 conducendum
1689 2902 1761 2941 ipsos
1774 2903 1804 2932 in
1817 2903 1915 2933 itinere
1931 2901 2068 2941 praedi&o
2081 2926 2091 2941 ,
2109 2902 2245 2934 dileimm
2268 2903 2364 2934 Valet-

1293 2952 1355 2975 tum
1374 2943 1503 3013 nostrum
1517 2942 1677 2982 johannem
1692 2942 1729 2974 de
1745 2940 1886 2972 Ennefeld
1896 2964 1907 2980 ,
1921 2949 2017 2972 tenore
2031 2941 2364 2980 praesentium2duximus

1291 2983 1339 3014 affi
1363 2993 1417 3012 nan
1439 2991 1498 3013 um.

1331 2993 1366 3052 ἑζῑ
1386 3021 1453 3052 ideo
1468 3020 1550 3051 vobis
1572 3019 1751 3057 mandamus,
1770 3017 1884 3049 firmiter
1900 3020 2077 3062 injungentes
2088 3040 2098 3056 ,
2124 3016 2210 3061 quod·
2224 3016 2363 3062 praefatis,

1294 3059 1385 3091 Militi
1418 3059 1592 3098 Clerico,&
1608 3058 1721 3090 Valetto
1737 3057 1832 3088 nostro
1838 3066 1900 3096 ,aut
1915 3056 2080 3087 hominibus
2091 3054 2127 3085 de
2140 3055 2249 3086 familia
2263 3055 2360 3086 dieto-

1295 3109 1359 3130 rum
1369 3122 1379 3138 ,
1392 3083 1494 3129 Militis
1511 3099 1543 3129 &
1566 3097 1690 3135 Clerici,
1702 3096 1797 3128 secum
1815 3095 2044 3138 existentibus,in
2057 3093 2153 3124 eundo
2167 3093 2256 3125 versus
2270 3094 2362 3140 distas

1294 3146 1381 3175 partes
1392 3137 1515 3175 Scotiae,
1529 3136 1638 3166 ibidem
1658 3135 1814 3172 morando,
1831 3134 1865 3164 ὅς
1882 3132 1982 3163 exinde
1998 3131 2157 3171 redeundo,
2178 3132 2245 3163 ficut
2257 3133 2361 3171 praedi-

1295 3177 1376 3207 ctum
1394 3175 1450 3214 est,
1467 3185 1526 3205 non
1545 3174 1683 3211 inferatis,
1701 3173 1761 3209 seu,
1779 3180 1912 3210 quantum
1930 3171 1961 3199 in
1979 3170 2062 3200 vobis
2078 3169 2134 3208 est,
2148 3170 2185 3201 ab
2197 3171 2254 3201 aliis
2265 3170 2361 3202 inferri

1294 3216 1458 3252 permittatis
1476 3213 1622 3250 injuriam,
1646 3211 1824 3248 molestiam,
1839 3210 1998 3246 dampnum
2014 3231 2023 3246 ,
2051 3208 2288 3246 impedimentum
2309 3210 2359 3240 ali-

1295 3253 1386 3291 quod,
1399 3252 1443 3282 seu
1460 3259 1630 3288 gravamen·⁷
1647 3249 1685 3279 set
1703 3250 1743 3278 eis
1757 3248 1849 3285 potius
1866 3247 1970 3277 salvum
1987 3246 2021 3277 &
2038 3246 2164 3278 securum
2183 3247 2361 3279 conductum

1293 3292 1394 3321 habere
1411 3290 1531 3327 faciatis,
1546 3289 1615 3319 curn
1630 3297 1679 3325 per
1691 3286 1862 3325 praedietum
1871 3285 2049 3325 johannem,
2064 3285 2142 3324 super
2157 3286 2232 3325 hoc,
2246 3295 2280 3317 ex
2294 3295 2363 3325 par-

1292 3339 1319 3361 te
1332 3328 1443 3367 nostrii,
1457 3327 1561 3358 fueritis
1573 3325 1700 3364 requisiti.

1331 3406 1364 3437 In
1379 3406 1474 3444 cujus,
1490 3405 1550 3435 &c.
1588 3401 1690 3441 Usque
1712 3400 1748 3432 acl
1761 3401 1872 3432 Festum
1888 3400 1984 3432 Sanciti
1998 3400 2074 3433 Petri
2088 3401 2124 3433 ad
2139 3400 2252 3435 vincula
2267 3402 2361 3440 proxi-

1292 3448 1344 3476 mo
1363 3445 1486 3475 futurum
1501 3443 1648 3473 duraturas

1328 3520 1417 3553 Teste
1432 3519 1516 3558 Rege
1528 3517 1602 3558 apud
1616 3516 1825 3558 Wyndesorarn
1833 3540 1844 3556 ,
1860 3526 1905 3548 10.
1919 3516 1966 3548 die
1982 3516 2067 3550 Maii.

2041 3596 2096 3624 Per
2112 3590 2196 3631 ipsum
2214 3594 2323 3632 Regem}

1529 3734 1588 3765 Pro
1607 3733 1796 3777 Margareta
1815 3728 1963 3776 Comitiffiz
1979 3726 2118 3769 Fuxenfi.

1292 3814 1419 3870 REX
1444 3815 1660 3847 Constabulario
1681 3814 1730 3846 suo
1755 3815 1926 3854 Burdegaliae
1940 3836 1950 3851 ,
1973 3811 2018 3844 vel
2037 3812 2095 3850 ejus
2115 3810 2214 3842 locum
2230 3811 2357 3850 tenenti,
2375 3809 2452 3843 Arm.
2468 3811 2509 3842 D.

1365 3855 1413 3892 qui
1424 3865 1500 3885 nunc
1515 3854 1649 3892 sunt,vel
1665 3855 1711 3892 qui
1730 3864 1780 3891 pro
1797 3863 1924 3892 tempore
1940 3851 2060 3888 fuerint,
2075 3849 2197 3880 salutem.
2221 3888 2226 3894 ι
2337 3888 2342 3894 ,
2398 3858 2484 3890 1313.

1330 3893 1502 3932 Supplicavit
1525 3893 1607 3923 nobis
1621 3892 1800 3931 Margarera,
1815 3889 1963 3922 Comitiffa
1978 3888 2107 3932 Fuxensis
2140 3888 2173 3919 &
2189 3886 2358 3919 Vicecomi-
2376 3893 2430 3918 An.
2446 3892 2474 3917 ό.

1293 3931 1353 3962 tiffa
1368 3931 1448 3961 Biarn
1462 3932 1495 3962 &
1509 3931 1670 3968 Marciani,
1685 3930 1900 3968 Consanguinea
1914 3926 2006 3970 nostra
2025 3910 2166 3970 karisssma
2177 3948 2187 3965 ,
2207 3925 2308 3971 Haeres
2323 3927 2358 3957 &
2375 3931 2407 3956 E.
2426 3937 2454 3956 2.
2493 3969 2495 3971 Ι

1293 3970 1441 4012 Executrix
1463 3969 1621 4000 testamenti
1636 3969 1826 4008 Constantiae,
1845 3976 1934 4007 nuper
1955 3963 2183 3998 Vicecoimtiffae
2203 3963 2360 4003 Marciani,
2376 3966 2445 4004 Vasc„
2463 3965 2493 3994 6.

1292 4009 1454 4047 detundtae,
1469 4017 1498 4040 ut
1513 4009 1612 4040 omnia
1624 4008 1775 4047 arreragia,
2266 4042 2310 4080 Q
2375 4008 2409 4070 ξ.
2429 4013 2457 4041 ι,
2473 4006 2511 4038 ηιξ

2265 4076 2270 4082 i
2300 4050 2363 4079 ¹¹¹ae²
2396 4064 2405 4080 ι
