<?xml version="1.0" encoding="UTF-8"?>
<!DOCTYPE html PUBLIC "-//W3C//DTD XHTML 1.0 Transitional//EN"
    "http://www.w3.org/TR/xhtml1/DTD/xhtml1-transitional.dtd">
<html xmlns="http://www.w3.org/1999/xhtml" xml:lang="en" lang="en">
 <head>
  <title>
</title>
<meta http-equiv="Content-Type" content="text/html;charset=utf-8" />
  <meta name='ocr-system' content='tesseract 3.04.00' />
  <meta name='ocr-capabilities' content='ocr_page ocr_carea ocr_par ocr_line ocrx_word'/>
</head>
<body>
  <div class='ocr_page' id='page_1' title='image "./fderaconventione02ryme/fderaconventione02ryme_0398.png"; bbox 0 0 2562 4279; ppageno 0'>
   <div class='ocr_carea' id='block_1_1' title="bbox 205 132 287 173">
    <p class='ocr_par' dir='ltr' id='par_1_1' title="bbox 205 132 287 173">
     <span class='ocr_line' id='line_1_1' title="bbox 205 132 287 173; baseline -0.024 0"><span class='ocrx_word' id='word_1_1' title='bbox 205 132 287 173; x_wconf 73' lang='lat'>154</span> 
     </span>
    </p>
   </div>
   <div class='ocr_carea' id='block_1_2' title="bbox 56 192 1268 663">
    <p class='ocr_par' dir='ltr' id='par_1_2' title="bbox 56 192 1267 392">
     <span class='ocr_line' id='line_1_2' title="bbox 56 192 1267 239; baseline -0.014 0"><span class='ocrx_word' id='word_1_2' title='bbox 56 206 134 239; x_wconf 76' lang='lat' dir='ltr'>Arin.</span> <span class='ocrx_word' id='word_1_3' title='bbox 149 203 188 237; x_wconf 91' lang='lat' dir='ltr'>D.</span> <span class='ocrx_word' id='word_1_4' title='bbox 200 213 301 237; x_wconf 83' lang='lat' dir='ltr'>omnes</span> <span class='ocrx_word' id='word_1_5' title='bbox 322 202 383 234; x_wconf 79' lang='lat' dir='ltr'>illos</span> <span class='ocrx_word' id='word_1_6' title='bbox 397 224 407 238; x_wconf 85' lang='lat'>,</span> <span class='ocrx_word' id='word_1_7' title='bbox 431 208 502 238; x_wconf 83' lang='lat' dir='ltr'>quos</span> <span class='ocrx_word' id='word_1_8' title='bbox 519 197 586 231; x_wconf 78' lang='lat' dir='ltr'>inde</span> <span class='ocrx_word' id='word_1_9' title='bbox 607 194 758 234; x_wconf 76' lang='lat' dir='ltr'>culpabiles</span> <span class='ocrx_word' id='word_1_10' title='bbox 774 193 936 232; x_wconf 81' lang='lat' dir='ltr'>invenerit,</span> <span class='ocrx_word' id='word_1_11' title='bbox 962 192 1019 225; x_wconf 87' lang='lat' dir='ltr'>sine</span> <span class='ocrx_word' id='word_1_12' title='bbox 1033 192 1188 230; x_wconf 88' lang='lat' dir='ltr'>dilatione,</span> <span class='ocrx_word' id='word_1_13' title='bbox 1205 202 1267 223; x_wconf 84' lang='lat' dir='ltr'>are-</span> 
     </span>
     <span class='ocr_line' id='line_1_3' title="bbox 86 230 1265 284; baseline -0.011 -10"><span class='ocrx_word' id='word_1_14' title='bbox 86 244 170 284; x_wconf 79' lang='lat'>1326.</span> <span class='ocrx_word' id='word_1_15' title='bbox 204 243 346 275; x_wconf 73' lang='lat' dir='ltr'>standum:</span> <span class='ocrx_word' id='word_1_16' title='bbox 367 240 400 270; x_wconf 69' lang='grc' dir='ltr'>δε</span> <span class='ocrx_word' id='word_1_17' title='bbox 415 240 442 268; x_wconf 89' lang='lat' dir='ltr'>in</span> <span class='ocrx_word' id='word_1_18' title='bbox 459 237 578 267; x_wconf 85' lang='lat' dir='ltr'>Prisonis</span> <span class='ocrx_word' id='word_1_19' title='bbox 591 234 693 265; x_wconf 75' lang='lat' dir='ltr'>nostris</span> <span class='ocrx_word' id='word_1_20' title='bbox 707 232 783 264; x_wconf 80' lang='lat' dir='ltr'>salvo</span> <span class='ocrx_word' id='word_1_21' title='bbox 797 231 1017 263; x_wconf 89' lang='lat' dir='ltr'>custodiendum</span> <span class='ocrx_word' id='word_1_22' title='bbox 1033 242 1040 261; x_wconf 73' lang='grc' dir='ltr'>ι</span> <span class='ocrx_word' id='word_1_23' title='bbox 1060 232 1094 262; x_wconf 91' lang='lat'>&amp;</span> <span class='ocrx_word' id='word_1_24' title='bbox 1109 230 1143 261; x_wconf 90' lang='lat' dir='ltr'>ad</span> <span class='ocrx_word' id='word_1_25' title='bbox 1159 230 1265 262; x_wconf 84' lang='lat' dir='ltr'>certifi-</span> 
     </span>
     <span class='ocr_line' id='line_1_4' title="bbox 56 269 1257 314; baseline -0.009 -3"><span class='ocrx_word' id='word_1_26' title='bbox 56 282 126 314; x_wconf 72' lang='lat' dir='ltr'>Idv.</span> <span class='ocrx_word' id='word_1_27' title='bbox 143 293 171 312; x_wconf 85' lang='lat'>2.</span> <span class='ocrx_word' id='word_1_28' title='bbox 201 281 325 314; x_wconf 78' lang='lat' dir='ltr'>candum</span> <span class='ocrx_word' id='word_1_29' title='bbox 348 287 399 308; x_wconf 82' lang='lat' dir='ltr'>nos</span> <span class='ocrx_word' id='word_1_30' title='bbox 418 276 454 307; x_wconf 78' lang='lat' dir='ltr'>de</span> <span class='ocrx_word' id='word_1_31' title='bbox 473 274 638 306; x_wconf 80' lang='lat' dir='ltr'>nominibus</span> <span class='ocrx_word' id='word_1_32' title='bbox 655 272 770 305; x_wconf 84' lang='lat' dir='ltr'>illorum</span> <span class='ocrx_word' id='word_1_33' title='bbox 785 295 794 309; x_wconf 87' lang='lat'>,</span> <span class='ocrx_word' id='word_1_34' title='bbox 818 281 869 311; x_wconf 82' lang='lat' dir='ltr'>per</span> <span class='ocrx_word' id='word_1_35' title='bbox 886 270 977 308; x_wconf 87' lang='lat' dir='ltr'>ipsum</span> <span class='ocrx_word' id='word_1_36' title='bbox 998 271 1034 302; x_wconf 88' lang='lat' dir='ltr'>sic</span> <span class='ocrx_word' id='word_1_37' title='bbox 1054 269 1257 302; x_wconf 80' lang='lat' dir='ltr'>arestatorum:</span> 
     </span>
     <span class='ocr_line' id='line_1_5' title="bbox 201 308 1264 353; baseline -0.013 -1"><span class='ocrx_word' id='word_1_38' title='bbox 201 329 315 352; x_wconf 83' lang='lat' dir='ltr'>necnon</span> <span class='ocrx_word' id='word_1_39' title='bbox 329 316 362 348; x_wconf 86' lang='lat' dir='ltr'>ad</span> <span class='ocrx_word' id='word_1_40' title='bbox 378 312 612 353; x_wconf 79' lang='lat' dir='ltr'>supervidendum</span> <span class='ocrx_word' id='word_1_41' title='bbox 629 310 710 349; x_wconf 83' lang='lat' dir='ltr'>quod</span> <span class='ocrx_word' id='word_1_42' title='bbox 725 309 885 349; x_wconf 83' lang='lat' dir='ltr'>hujusmodi</span> <span class='ocrx_word' id='word_1_43' title='bbox 904 308 1080 341; x_wconf 87' lang='lat' dir='ltr'>Scrutinium</span> <span class='ocrx_word' id='word_1_44' title='bbox 1096 333 1105 346; x_wconf 84' lang='lat'>,</span> <span class='ocrx_word' id='word_1_45' title='bbox 1124 309 1154 340; x_wconf 89' lang='lat' dir='ltr'>in</span> <span class='ocrx_word' id='word_1_46' title='bbox 1167 309 1264 339; x_wconf 83' lang='lat' dir='ltr'>omni-</span> 
     </span>
     <span class='ocr_line' id='line_1_6' title="bbox 202 347 1264 392; baseline -0.006 -8"><span class='ocrx_word' id='word_1_47' title='bbox 202 360 255 390; x_wconf 73' lang='lat' dir='ltr'>bus</span> <span class='ocrx_word' id='word_1_48' title='bbox 268 357 353 392; x_wconf 76' lang='lat' dir='ltr'>locis,</span> <span class='ocrx_word' id='word_1_49' title='bbox 372 355 400 383; x_wconf 88' lang='lat' dir='ltr'>in</span> <span class='ocrx_word' id='word_1_50' title='bbox 425 352 564 383; x_wconf 80' lang='lat' dir='ltr'>Portubus</span> <span class='ocrx_word' id='word_1_51' title='bbox 587 349 748 389; x_wconf 66' lang='lat' dir='ltr'>praedietis,</span> <span class='ocrx_word' id='word_1_52' title='bbox 773 350 824 381; x_wconf 90' lang='lat' dir='ltr'>ubi</span> <span class='ocrx_word' id='word_1_53' title='bbox 843 348 942 381; x_wconf 86' lang='lat' dir='ltr'>Naves</span> <span class='ocrx_word' id='word_1_54' title='bbox 957 348 1112 386; x_wconf 82' lang='lat' dir='ltr'>applicant,</span> <span class='ocrx_word' id='word_1_55' title='bbox 1130 347 1176 378; x_wconf 81' lang='lat' dir='ltr'>fiat</span> <span class='ocrx_word' id='word_1_56' title='bbox 1185 348 1264 386; x_wconf 76' lang='lat' dir='ltr'>quta</span> 
     </span>
    </p>

    <p class='ocr_par' dir='ltr' id='par_1_3' title="bbox 202 386 1268 545">
     <span class='ocr_line' id='line_1_7' title="bbox 204 386 1049 430; baseline -0.015 -1"><span class='ocrx_word' id='word_1_57' title='bbox 204 404 333 430; x_wconf 77' lang='lat' dir='ltr'>tenorem</span> <span class='ocrx_word' id='word_1_58' title='bbox 349 390 580 423; x_wconf 69' lang='lat' dir='ltr'>proclamationis</span> <span class='ocrx_word' id='word_1_59' title='bbox 595 389 628 420; x_wconf 75' lang='grc' dir='ltr'>δε</span> <span class='ocrx_word' id='word_1_60' title='bbox 641 387 820 422; x_wconf 77' lang='lat' dir='ltr'>Inhibitionis</span> <span class='ocrx_word' id='word_1_61' title='bbox 834 386 1049 425; x_wconf 66' lang='lat' dir='ltr'>praedistarum3</span> 
     </span>
     <span class='ocr_line' id='line_1_8' title="bbox 243 423 1268 467; baseline -0.012 -2"><span class='ocrx_word' id='word_1_62' title='bbox 243 433 281 465; x_wconf 83' lang='lat' dir='ltr'>Et</span> <span class='ocrx_word' id='word_1_63' title='bbox 296 432 363 463; x_wconf 78' lang='lat' dir='ltr'>ideo</span> <span class='ocrx_word' id='word_1_64' title='bbox 383 431 466 461; x_wconf 85' lang='lat' dir='ltr'>vobis</span> <span class='ocrx_word' id='word_1_65' title='bbox 480 452 490 467; x_wconf 88' lang='lat'>‚</span> <span class='ocrx_word' id='word_1_66' title='bbox 512 429 646 459; x_wconf 88' lang='lat' dir='ltr'>omnibus</span> <span class='ocrx_word' id='word_1_67' title='bbox 669 427 703 458; x_wconf 90' lang='lat'>&amp;</span> <span class='ocrx_word' id='word_1_68' title='bbox 727 426 861 464; x_wconf 77' lang='lat' dir='ltr'>singulis,</span> <span class='ocrx_word' id='word_1_69' title='bbox 880 424 1071 464; x_wconf 76' lang='lat' dir='ltr'>Mandamus,</span> <span class='ocrx_word' id='word_1_70' title='bbox 1091 423 1209 455; x_wconf 89' lang='lat' dir='ltr'>firmiter</span> <span class='ocrx_word' id='word_1_71' title='bbox 1223 424 1268 453; x_wconf 86' lang='lat' dir='ltr'>in-</span> 
     </span>
     <span class='ocr_line' id='line_1_9' title="bbox 202 462 1268 513; baseline -0.009 -11"><span class='ocrx_word' id='word_1_72' title='bbox 202 475 368 513; x_wconf 78' lang='lat' dir='ltr'>jungentes,</span> <span class='ocrx_word' id='word_1_73' title='bbox 387 468 468 507; x_wconf 70' lang='lat' dir='ltr'>quod</span> <span class='ocrx_word' id='word_1_74' title='bbox 489 466 583 500; x_wconf 82' lang='lat' dir='ltr'>eidem</span> <span class='ocrx_word' id='word_1_75' title='bbox 605 465 761 504; x_wconf 77' lang='lat' dir='ltr'>Radulpho</span> <span class='ocrx_word' id='word_1_76' title='bbox 775 489 784 503; x_wconf 81' lang='grc'><em>,</em></span> <span class='ocrx_word' id='word_1_77' title='bbox 803 466 833 496; x_wconf 92' lang='lat' dir='ltr'>in</span> <span class='ocrx_word' id='word_1_78' title='bbox 848 463 994 502; x_wconf 80' lang='lat' dir='ltr'>praemiffis</span> <span class='ocrx_word' id='word_1_79' title='bbox 1008 463 1062 494; x_wconf 87' lang='lat' dir='ltr'>sitis</span> <span class='ocrx_word' id='word_1_80' title='bbox 1074 462 1268 500; x_wconf 88' lang='lat' dir='ltr'>intendentes,</span> 
     </span>
     <span class='ocr_line' id='line_1_10' title="bbox 207 501 1268 545; baseline -0.009 -4"><span class='ocrx_word' id='word_1_81' title='bbox 207 509 400 545; x_wconf 84' lang='lat' dir='ltr'>consulentes,</span> <span class='ocrx_word' id='word_1_82' title='bbox 419 509 452 539; x_wconf 69' lang='grc' dir='ltr'>ὃς</span> <span class='ocrx_word' id='word_1_83' title='bbox 465 505 624 538; x_wconf 68' lang='lat' dir='ltr'>auxiliantes</span> <span class='ocrx_word' id='word_1_84' title='bbox 638 528 648 541; x_wconf 74' lang='grc'><em>,</em></span> <span class='ocrx_word' id='word_1_85' title='bbox 672 505 803 543; x_wconf 85' lang='lat' dir='ltr'>quotiens</span> <span class='ocrx_word' id='word_1_86' title='bbox 818 504 853 535; x_wconf 60' lang='grc' dir='ltr'>ὃς</span> <span class='ocrx_word' id='word_1_87' title='bbox 867 502 982 542; x_wconf 86' lang='lat' dir='ltr'>quando</span> <span class='ocrx_word' id='word_1_88' title='bbox 997 511 1046 540; x_wconf 87' lang='lat' dir='ltr'>per</span> <span class='ocrx_word' id='word_1_89' title='bbox 1061 501 1171 540; x_wconf 86' lang='lat' dir='ltr'>ipsum,</span> <span class='ocrx_word' id='word_1_90' title='bbox 1188 501 1268 540; x_wconf 87' lang='lat' dir='ltr'>super</span> 
     </span>
    </p>

    <p class='ocr_par' dir='ltr' id='par_1_4' title="bbox 207 543 1224 663">
     <span class='ocr_line' id='line_1_11' title="bbox 207 543 861 620; baseline -0.009 -42"><span class='ocrx_word' id='word_1_91' title='bbox 207 550 283 620; x_wconf 60' lang='lat' dir='ltr'>hof,</span> <span class='ocrx_word' id='word_1_92' title='bbox 301 544 551 616; x_wconf 55' lang='lat' dir='ltr'>expartgcnostrfi,</span> <span class='ocrx_word' id='word_1_93' title='bbox 568 543 674 576; x_wconf 84' lang='lat' dir='ltr'>fueritis</span> <span class='ocrx_word' id='word_1_94' title='bbox 689 543 861 581; x_wconf 81' lang='lat' dir='ltr'>praetnuniti.</span> 
     </span>
     <span class='ocr_line' id='line_1_12' title="bbox 262 594 470 618; baseline -0.014 -2"><span class='ocrx_word' id='word_1_95' title='bbox 262 598 280 618; x_wconf 83' lang='grc' dir='ltr'>Π</span> <span class='ocrx_word' id='word_1_96' title='bbox 295 596 330 618; x_wconf 80' lang='lat' dir='ltr'>CU</span> <span class='ocrx_word' id='word_1_97' title='bbox 342 596 372 615; x_wconf 81' lang='lat' dir='ltr'>US</span> <span class='ocrx_word' id='word_1_98' title='bbox 441 594 457 615; x_wconf 90' lang='lat' dir='ltr'>C</span> <span class='ocrx_word' id='word_1_99' title='bbox 465 608 470 612; x_wconf 93' lang='lat'>.</span> 
     </span>
     <span class='ocr_line' id='line_1_13' title="bbox 280 595 1224 663; baseline -0.012 -7"><span class='ocrx_word' id='word_1_100' title='bbox 280 595 369 656; x_wconf 68' lang='lat' dir='ltr'>Teile</span> <span class='ocrx_word' id='word_1_101' title='bbox 378 607 463 663; x_wconf 71' lang='lat' dir='ltr'>’Rege</span> <span class='ocrx_word' id='word_1_102' title='bbox 477 621 551 661; x_wconf 83' lang='lat' dir='ltr'>apud</span> <span class='ocrx_word' id='word_1_103' title='bbox 563 620 787 659; x_wconf 84' lang='lat' dir='ltr'>Lichefeldiam,</span> <span class='ocrx_word' id='word_1_104' title='bbox 804 618 920 652; x_wconf 84' lang='lat' dir='ltr'>decimo</span> <span class='ocrx_word' id='word_1_105' title='bbox 935 617 1041 650; x_wconf 62' lang='lat' dir='ltr'>ottavo</span> <span class='ocrx_word' id='word_1_106' title='bbox 1053 617 1100 648; x_wconf 89' lang='lat' dir='ltr'>die</span> <span class='ocrx_word' id='word_1_107' title='bbox 1116 615 1224 650; x_wconf 84' lang='lat' dir='ltr'>Martii.</span> 
     </span>
    </p>
   </div>
   <div class='ocr_carea' id='block_1_3' title="bbox 896 693 1164 735">
    <p class='ocr_par' dir='ltr' id='par_1_5' title="bbox 896 693 1164 735">
     <span class='ocr_line' id='line_1_14' title="bbox 896 693 1164 735; baseline -0.015 -8"><span class='ocrx_word' id='word_1_108' title='bbox 896 699 950 727; x_wconf 85' lang='lat' dir='ltr'>Per</span> <span class='ocrx_word' id='word_1_109' title='bbox 964 693 1046 735; x_wconf 72' lang='lat' dir='ltr'>ipficm</span> <span class='ocrx_word' id='word_1_110' title='bbox 1058 697 1164 732; x_wconf 77' lang='lat' dir='ltr'>Regem.</span> 
     </span>
    </p>
   </div>
   <div class='ocr_carea' id='block_1_4' title="bbox 213 771 1269 791">
    <p class='ocr_par' dir='ltr' id='par_1_6' title="bbox 213 771 1269 791">
     <span class='ocr_line' id='line_1_15' title="bbox 213 771 1269 791; baseline 0 3488"><span class='ocrx_word' id='word_1_111' title='bbox 213 771 1269 791; x_wconf 95' lang='lat' dir='ltr'> </span> 
     </span>
    </p>
   </div>
   <div class='ocr_carea' id='block_1_5' title="bbox 202 819 1269 921">
    <p class='ocr_par' dir='ltr' id='par_1_7' title="bbox 202 819 1269 921">
     <span class='ocr_line' id='line_1_16' title="bbox 202 819 1269 875; baseline -0.011 -12"><span class='ocrx_word' id='word_1_112' title='bbox 202 830 253 865; x_wconf 79' lang='lat' dir='ltr'>De</span> <span class='ocrx_word' id='word_1_113' title='bbox 267 827 478 874; x_wconf 56' lang='lat' dir='ltr'>satisfatione</span> <span class='ocrx_word' id='word_1_114' title='bbox 487 853 497 870; x_wconf 80' lang='lat'>‚</span> <span class='ocrx_word' id='word_1_115' title='bbox 519 836 576 875; x_wconf 85' lang='lat' dir='ltr'>pro</span> <span class='ocrx_word' id='word_1_116' title='bbox 590 827 693 858; x_wconf 76' lang='lat' dir='ltr'>Terris</span> <span class='ocrx_word' id='word_1_117' title='bbox 707 827 738 858; x_wconf 84' lang='lat' dir='ltr'>in</span> <span class='ocrx_word' id='word_1_118' title='bbox 758 826 880 856; x_wconf 84' lang='lat' dir='ltr'>Guerra</span> <span class='ocrx_word' id='word_1_119' title='bbox 890 823 1062 868; x_wconf 70' lang='lat' dir='ltr'>Aquitania</span> <span class='ocrx_word' id='word_1_120' title='bbox 1071 829 1127 866; x_wconf 87' lang='lat' dir='ltr'>per</span> <span class='ocrx_word' id='word_1_121' title='bbox 1139 819 1269 852; x_wconf 74' lang='lat' dir='ltr'>Gallicos</span> 
     </span>
     <span class='ocr_line' id='line_1_17' title="bbox 584 870 896 921; baseline -0.013 -13"><span class='ocrx_word' id='word_1_122' title='bbox 584 877 731 920; x_wconf 77' lang='lat' dir='ltr'>occupatis</span> <span class='ocrx_word' id='word_1_123' title='bbox 740 870 896 921; x_wconf 74' lang='lat' dir='ltr'>facienda.</span> 
     </span>
    </p>
   </div>
   <div class='ocr_carea' id='block_1_6' title="bbox 48 966 184 1080">
    <p class='ocr_par' dir='ltr' id='par_1_8' title="bbox 48 966 184 1080">
     <span class='ocr_line' id='line_1_18' title="bbox 50 966 184 998; baseline -0.015 0"><span class='ocrx_word' id='word_1_124' title='bbox 50 966 127 998; x_wconf 73' lang='lat' dir='ltr'>Ann.</span> <span class='ocrx_word' id='word_1_125' title='bbox 141 966 184 997; x_wconf 92' lang='lat' dir='ltr'>D.</span> 
     </span>
     <span class='ocr_line' id='line_1_19' title="bbox 70 1007 155 1045; baseline -0.024 -9"><span class='ocrx_word' id='word_1_126' title='bbox 70 1007 155 1045; x_wconf 80' lang='lat'>1326.</span> 
     </span>
     <span class='ocr_line' id='line_1_20' title="bbox 48 1050 167 1080; baseline -0.017 -7"><span class='ocrx_word' id='word_1_127' title='bbox 48 1050 102 1073; x_wconf 79' lang='lat' dir='ltr'>Aa.</span> <span class='ocrx_word' id='word_1_128' title='bbox 126 1055 167 1080; x_wconf 89' lang='lat'>¹9·</span> 
     </span>
    </p>
   </div>
   <div class='ocr_carea' id='block_1_7' title="bbox 46 952 1267 1927">
    <p class='ocr_par' dir='ltr' id='par_1_9' title="bbox 47 952 1267 1228">
     <span class='ocr_line' id='line_1_21' title="bbox 263 952 1266 1004; baseline -0.013 -8"><span class='ocrx_word' id='word_1_129' title='bbox 263 962 422 1000; x_wconf 68' lang='lat' dir='ltr'>Dwardus,</span> <span class='ocrx_word' id='word_1_130' title='bbox 439 961 498 993; x_wconf 88' lang='lat' dir='ltr'>Dei</span> <span class='ocrx_word' id='word_1_131' title='bbox 531 959 615 1004; x_wconf 59' lang='lat' dir='ltr'>tatia⁷1</span> <span class='ocrx_word' id='word_1_132' title='bbox 631 958 697 993; x_wconf 77' lang='lat' dir='ltr'>Rex</span> <span class='ocrx_word' id='word_1_133' title='bbox 710 957 840 995; x_wconf 86' lang='lat' dir='ltr'>Angliae,</span> <span class='ocrx_word' id='word_1_134' title='bbox 859 955 1007 986; x_wconf 87' lang='lat' dir='ltr'>Dominus</span> <span class='ocrx_word' id='word_1_135' title='bbox 1019 952 1188 993; x_wconf 78' lang='lat' dir='ltr'>Hiberniae,</span> <span class='ocrx_word' id='word_1_136' title='bbox 1207 953 1266 985; x_wconf 90' lang='lat' dir='ltr'>Ed-</span> 
     </span>
     <span class='ocr_line' id='line_1_22' title="bbox 283 971 1265 1039; baseline -0.009 -6"><span class='ocrx_word' id='word_1_137' title='bbox 283 1002 386 1039; x_wconf 77' lang='lat' dir='ltr'>wardi,</span> <span class='ocrx_word' id='word_1_138' title='bbox 403 1001 450 1032; x_wconf 87' lang='lat' dir='ltr'>filii</span> <span class='ocrx_word' id='word_1_139' title='bbox 465 971 552 1031; x_wconf 47' lang='lat' dir='ltr'>noffri</span> <span class='ocrx_word' id='word_1_140' title='bbox 568 997 772 1035; x_wconf 82' lang='lat' dir='ltr'>Primogeniti‚</span> <span class='ocrx_word' id='word_1_141' title='bbox 790 995 951 1034; x_wconf 75' lang='lat' dir='ltr'>Aquitaniae</span> <span class='ocrx_word' id='word_1_142' title='bbox 964 993 1074 1030; x_wconf 69' lang='lat' dir='ltr'>Ducis,</span> <span class='ocrx_word' id='word_1_143' title='bbox 1092 1004 1125 1024; x_wconf 89' lang='lat' dir='ltr'>ac</span> <span class='ocrx_word' id='word_1_144' title='bbox 1138 992 1265 1027; x_wconf 84' lang='lat' dir='ltr'>Comitis</span> 
     </span>
     <span class='ocr_line' id='line_1_23' title="bbox 204 1032 1267 1079; baseline -0.011 -6"><span class='ocrx_word' id='word_1_145' title='bbox 204 1040 340 1079; x_wconf 79' lang='lat' dir='ltr'>Cestriae,</span> <span class='ocrx_word' id='word_1_146' title='bbox 357 1040 492 1079; x_wconf 88' lang='lat' dir='ltr'>Pontivi,</span> <span class='ocrx_word' id='word_1_147' title='bbox 509 1039 543 1070; x_wconf 89' lang='lat'>&amp;</span> <span class='ocrx_word' id='word_1_148' title='bbox 566 1037 677 1070; x_wconf 84' lang='lat' dir='ltr'>Montis</span> <span class='ocrx_word' id='word_1_149' title='bbox 696 1034 794 1067; x_wconf 86' lang='lat' dir='ltr'>Strolli</span> <span class='ocrx_word' id='word_1_150' title='bbox 807 1059 817 1073; x_wconf 88' lang='lat'>,</span> <span class='ocrx_word' id='word_1_151' title='bbox 836 1044 869 1064; x_wconf 87' lang='lat' dir='ltr'>ac</span> <span class='ocrx_word' id='word_1_152' title='bbox 884 1033 1039 1078; x_wconf 41' lang='lat' dir='ltr'>,Bonorum</span> <span class='ocrx_word' id='word_1_153' title='bbox 1051 1032 1084 1067; x_wconf 64' lang='grc' dir='ltr'>ὃς</span> <span class='ocrx_word' id='word_1_154' title='bbox 1098 1032 1211 1064; x_wconf 85' lang='lat' dir='ltr'>Rerum</span> <span class='ocrx_word' id='word_1_155' title='bbox 1224 1033 1267 1069; x_wconf 89' lang='lat' dir='ltr'>ip-</span> 
     </span>
     <span class='ocr_line' id='line_1_24' title="bbox 73 1070 1265 1150; baseline -0.008 -39"><span class='ocrx_word' id='word_1_156' title='bbox 73 1106 79 1111; x_wconf 83' lang='lat'>.</span> <span class='ocrx_word' id='word_1_157' title='bbox 128 1106 133 1111; x_wconf 94' lang='lat'>.</span> <span class='ocrx_word' id='word_1_158' title='bbox 200 1081 272 1150; x_wconf 82' lang='lat' dir='ltr'>¹sius,</span> <span class='ocrx_word' id='word_1_159' title='bbox 288 1080 472 1112; x_wconf 80' lang='lat' dir='ltr'>Gubernator</span> <span class='ocrx_word' id='word_1_160' title='bbox 489 1078 524 1109; x_wconf 70' lang='grc' dir='ltr'>ὃς</span> <span class='ocrx_word' id='word_1_161' title='bbox 545 1074 768 1109; x_wconf 84' lang='lat' dir='ltr'>Administrator</span> <span class='ocrx_word' id='word_1_162' title='bbox 782 1097 793 1114; x_wconf 87' lang='lat'>‚</span> <span class='ocrx_word' id='word_1_163' title='bbox 810 1073 962 1111; x_wconf 79' lang='lat' dir='ltr'>omnibus¹</span> <span class='ocrx_word' id='word_1_164' title='bbox 979 1070 1014 1102; x_wconf 87' lang='lat' dir='ltr'>ad</span> <span class='ocrx_word' id='word_1_165' title='bbox 1027 1080 1117 1110; x_wconf 78' lang='lat' dir='ltr'>quos,</span> <span class='ocrx_word' id='word_1_166' title='bbox 1135 1072 1198 1103; x_wconf 64' lang='grc' dir='ltr'>ὅτε.</span> <span class='ocrx_word' id='word_1_167' title='bbox 1214 1070 1265 1104; x_wconf 81' lang='lat' dir='ltr'>Sa·</span> 
     </span>
     <span class='ocr_line' id='line_1_25' title="bbox 49 1123 298 1151; baseline -0.004 -2"><span class='ocrx_word' id='word_1_168' title='bbox 49 1123 116 1149; x_wconf 74' lang='lat' dir='ltr'>Vasc.</span> <span class='ocrx_word' id='word_1_169' title='bbox 135 1132 144 1149; x_wconf 89' lang='lat' dir='ltr'>i</span> <span class='ocrx_word' id='word_1_170' title='bbox 172 1145 179 1151; x_wconf 90' lang='lat'>.</span> <span class='ocrx_word' id='word_1_171' title='bbox 211 1128 298 1150; x_wconf 84' lang='lat' dir='ltr'>utem.</span> 
     </span>
     <span class='ocr_line' id='line_1_26' title="bbox 47 1131 1265 1226; baseline -0.007 -39"><span class='ocrx_word' id='word_1_172' title='bbox 47 1131 167 1189; x_wconf 66' lang='lat' dir='ltr'>13.&#39;2.m.9</span> <span class='ocrx_word' id='word_1_173' title='bbox 236 1157 411 1226; x_wconf 46' lang='lat' dir='ltr'>S&#39;Liipplicam</span> <span class='ocrx_word' id='word_1_174' title='bbox 425 1156 526 1193; x_wconf 87' lang='lat' dir='ltr'>nobis,</span> <span class='ocrx_word' id='word_1_175' title='bbox 543 1153 663 1186; x_wconf 68' lang='lat' dir='ltr'>dileetus</span> <span class='ocrx_word' id='word_1_176' title='bbox 677 1152 711 1184; x_wconf 73' lang='grc' dir='ltr'>δε</span> <span class='ocrx_word' id='word_1_177' title='bbox 724 1150 812 1182; x_wconf 84' lang='lat' dir='ltr'>fidelis</span> <span class='ocrx_word' id='word_1_178' title='bbox 826 1149 940 1188; x_wconf 83' lang='lat' dir='ltr'>noster,</span> <span class='ocrx_word' id='word_1_179' title='bbox 957 1148 1148 1188; x_wconf 83' lang='lat' dir='ltr'>Reymundus</span> <span class='ocrx_word' id='word_1_180' title='bbox 1161 1147 1265 1179; x_wconf 87' lang='lat' dir='ltr'>Duran</span> 
     </span>
     <span class='ocr_line' id='line_1_27' title="bbox 69 1207 264 1228; baseline -0.01 0"><span class='ocrx_word' id='word_1_181' title='bbox 69 1220 76 1228; x_wconf 86' lang='lat'><strong>.</strong></span> <span class='ocrx_word' id='word_1_182' title='bbox 225 1207 264 1227; x_wconf 91' lang='lat' dir='ltr'>uo</span> 
     </span>
    </p>

    <p class='ocr_par' dir='ltr' id='par_1_10' title="bbox 46 1206 1264 1464">
     <span class='ocr_line' id='line_1_28' title="bbox 46 1206 1263 1272; baseline -0.013 -4"><span class='ocrx_word' id='word_1_183' title='bbox 46 1208 66 1233; x_wconf 64' lang='lat'>4</span> <span class='ocrx_word' id='word_1_184' title='bbox 202 1206 224 1235; x_wconf 73' lang='lat' dir='ltr'>q</span> <span class='ocrx_word' id='word_1_185' title='bbox 240 1220 322 1266; x_wconf 71' lang='lat' dir='ltr'>Cuin</span> <span class='ocrx_word' id='word_1_186' title='bbox 334 1243 423 1272; x_wconf 81' lang='lat' dir='ltr'>nuper</span> <span class='ocrx_word' id='word_1_187' title='bbox 437 1231 679 1264; x_wconf 85' lang='lat' dir='ltr'>Concessiffemus</span> <span class='ocrx_word' id='word_1_188' title='bbox 692 1228 786 1260; x_wconf 86' lang='lat' dir='ltr'>eidem</span> <span class='ocrx_word' id='word_1_189' title='bbox 797 1225 974 1266; x_wconf 78' lang='lat' dir='ltr'>Reymundo</span> <span class='ocrx_word' id='word_1_190' title='bbox 988 1224 1075 1269; x_wconf 77' lang='lat' dir='ltr'>quod</span> <span class='ocrx_word' id='word_1_191' title='bbox 1085 1248 1096 1263; x_wconf 85' lang='lat'>‚</span> <span class='ocrx_word' id='word_1_192' title='bbox 1114 1224 1134 1255; x_wconf 87' lang='lat' dir='ltr'>si</span> <span class='ocrx_word' id='word_1_193' title='bbox 1149 1226 1263 1258; x_wconf 79' lang='lat' dir='ltr'>contin-</span> 
     </span>
     <span class='ocr_line' id='line_1_29' title="bbox 201 1263 1264 1315; baseline -0.012 -11"><span class='ocrx_word' id='word_1_194' title='bbox 201 1283 280 1315; x_wconf 82' lang='lat' dir='ltr'>geret</span> <span class='ocrx_word' id='word_1_195' title='bbox 302 1273 390 1313; x_wconf 87' lang='lat' dir='ltr'>ipsum</span> <span class='ocrx_word' id='word_1_196' title='bbox 403 1295 413 1310; x_wconf 93' lang='lat'>‚</span> <span class='ocrx_word' id='word_1_197' title='bbox 436 1271 587 1303; x_wconf 80' lang='lat' dir='ltr'>occasione</span> <span class='ocrx_word' id='word_1_198' title='bbox 611 1269 733 1300; x_wconf 84' lang='lat' dir='ltr'>Guerrae</span> <span class='ocrx_word' id='word_1_199' title='bbox 749 1290 758 1306; x_wconf 84' lang='lat'>,</span> <span class='ocrx_word' id='word_1_200' title='bbox 782 1275 852 1297; x_wconf 86' lang='lat' dir='ltr'>tunc</span> <span class='ocrx_word' id='word_1_201' title='bbox 868 1266 898 1295; x_wconf 92' lang='lat' dir='ltr'>in</span> <span class='ocrx_word' id='word_1_202' title='bbox 976 1265 1036 1308; x_wconf 80' lang='lat' dir='ltr'>ibus</span> <span class='ocrx_word' id='word_1_203' title='bbox 1048 1263 1117 1297; x_wconf 65' lang='lat' dir='ltr'>dieti</span> <span class='ocrx_word' id='word_1_204' title='bbox 1132 1263 1264 1295; x_wconf 69' lang='lat' dir='ltr'>Ducatfis</span> 
     </span>
     <span class='ocr_line' id='line_1_30' title="bbox 199 1301 1264 1351; baseline -0.009 -7"><span class='ocrx_word' id='word_1_205' title='bbox 199 1320 305 1351; x_wconf 78' lang='lat' dir='ltr'>motae,</span> <span class='ocrx_word' id='word_1_206' title='bbox 323 1311 426 1341; x_wconf 89' lang='lat' dir='ltr'>Terras</span> <span class='ocrx_word' id='word_1_207' title='bbox 437 1311 495 1341; x_wconf 85' lang='lat' dir='ltr'>suas</span> <span class='ocrx_word' id='word_1_208' title='bbox 507 1310 648 1345; x_wconf 81' lang='lat' dir='ltr'>amittere,</span> <span class='ocrx_word' id='word_1_209' title='bbox 665 1307 735 1337; x_wconf 90' lang='lat' dir='ltr'>dum</span> <span class='ocrx_word' id='word_1_210' title='bbox 750 1304 852 1336; x_wconf 84' lang='lat' dir='ltr'>nostris</span> <span class='ocrx_word' id='word_1_211' title='bbox 873 1303 913 1333; x_wconf 88' lang='lat' dir='ltr'>ob</span> <span class='ocrx_word' id='word_1_212' title='bbox 925 1312 1012 1343; x_wconf 88' lang='lat' dir='ltr'>equus</span> <span class='ocrx_word' id='word_1_213' title='bbox 1035 1301 1153 1334; x_wconf 84' lang='lat' dir='ltr'>fideliter</span> <span class='ocrx_word' id='word_1_214' title='bbox 1167 1303 1264 1334; x_wconf 86' lang='lat' dir='ltr'>adhae-</span> 
     </span>
     <span class='ocr_line' id='line_1_31' title="bbox 203 1341 1263 1389; baseline -0.01 -7"><span class='ocrx_word' id='word_1_215' title='bbox 203 1351 328 1389; x_wconf 80' lang='lat' dir='ltr'>reret,ei</span> <span class='ocrx_word' id='word_1_216' title='bbox 344 1349 409 1380; x_wconf 82' lang='lat' dir='ltr'>inde</span> <span class='ocrx_word' id='word_1_217' title='bbox 422 1349 486 1379; x_wconf 87' lang='lat' dir='ltr'>alibi</span> <span class='ocrx_word' id='word_1_218' title='bbox 502 1348 628 1379; x_wconf 88' lang='lat' dir='ltr'>debitam</span> <span class='ocrx_word' id='word_1_219' title='bbox 644 1343 953 1382; x_wconf 87' lang='lat' dir='ltr'>Recornpensationem</span> <span class='ocrx_word' id='word_1_220' title='bbox 967 1341 1027 1372; x_wconf 87' lang='lat' dir='ltr'>sieri</span> <span class='ocrx_word' id='word_1_221' title='bbox 1040 1341 1212 1379; x_wconf 71' lang='lat' dir='ltr'>faceremusz,</span> <span class='ocrx_word' id='word_1_222' title='bbox 1228 1341 1263 1372; x_wconf 90' lang='lat'>&amp;</span> 
     </span>
     <span class='ocr_line' id='line_1_32' title="bbox 203 1379 1263 1424; baseline -0.009 -4"><span class='ocrx_word' id='word_1_223' title='bbox 203 1399 305 1420; x_wconf 88' lang='lat' dir='ltr'>omnes</span> <span class='ocrx_word' id='word_1_224' title='bbox 325 1388 426 1419; x_wconf 78' lang='lat' dir='ltr'>Terrae</span> <span class='ocrx_word' id='word_1_225' title='bbox 443 1387 497 1417; x_wconf 81' lang='lat' dir='ltr'>suae</span> <span class='ocrx_word' id='word_1_226' title='bbox 512 1411 521 1424; x_wconf 80' lang='lat'>,</span> <span class='ocrx_word' id='word_1_227' title='bbox 545 1384 696 1416; x_wconf 88' lang='lat' dir='ltr'>occasione</span> <span class='ocrx_word' id='word_1_228' title='bbox 716 1383 804 1414; x_wconf 69' lang='lat' dir='ltr'>dietae</span> <span class='ocrx_word' id='word_1_229' title='bbox 824 1380 965 1418; x_wconf 81' lang='lat' dir='ltr'>Guerrae,</span> <span class='ocrx_word' id='word_1_230' title='bbox 979 1380 1040 1419; x_wconf 86' lang='lat' dir='ltr'>jam</span> <span class='ocrx_word' id='word_1_231' title='bbox 1051 1379 1149 1420; x_wconf 62' lang='lat' dir='ltr'>positae</span> <span class='ocrx_word' id='word_1_232' title='bbox 1163 1379 1214 1412; x_wconf 90' lang='lat' dir='ltr'>sint</span> <span class='ocrx_word' id='word_1_233' title='bbox 1228 1379 1263 1411; x_wconf 87' lang='lat' dir='ltr'>ad</span> 
     </span>
     <span class='ocr_line' id='line_1_33' title="bbox 205 1419 1027 1464; baseline -0.012 -6"><span class='ocrx_word' id='word_1_234' title='bbox 205 1427 314 1463; x_wconf 86' lang='lat' dir='ltr'>Marius</span> <span class='ocrx_word' id='word_1_235' title='bbox 326 1426 416 1464; x_wconf 86' lang='lat' dir='ltr'>Regis</span> <span class='ocrx_word' id='word_1_236' title='bbox 430 1425 454 1455; x_wconf 92' lang='lat' dir='ltr'>F</span> <span class='ocrx_word' id='word_1_237' title='bbox 455 1425 573 1463; x_wconf 61' lang='lat' dir='ltr'>rauche,</span> <span class='ocrx_word' id='word_1_238' title='bbox 591 1425 625 1455; x_wconf 69' lang='grc' dir='ltr'>ὃς</span> <span class='ocrx_word' id='word_1_239' title='bbox 639 1424 669 1453; x_wconf 88' lang='lat' dir='ltr'>in</span> <span class='ocrx_word' id='word_1_240' title='bbox 684 1422 813 1453; x_wconf 87' lang='lat' dir='ltr'>manibus</span> <span class='ocrx_word' id='word_1_241' title='bbox 827 1420 877 1450; x_wconf 88' lang='lat' dir='ltr'>suis</span> <span class='ocrx_word' id='word_1_242' title='bbox 889 1419 1027 1457; x_wconf 82' lang='lat' dir='ltr'>detentae,</span> 
     </span>
    </p>

    <p class='ocr_par' dir='ltr' id='par_1_11' title="bbox 201 1456 1262 1542">
     <span class='ocr_line' id='line_1_34' title="bbox 239 1456 1262 1502; baseline -0.009 -5"><span class='ocrx_word' id='word_1_243' title='bbox 239 1466 368 1497; x_wconf 85' lang='lat' dir='ltr'>Velimus</span> <span class='ocrx_word' id='word_1_244' title='bbox 388 1465 446 1501; x_wconf 88' lang='lat' dir='ltr'>ejus</span> <span class='ocrx_word' id='word_1_245' title='bbox 468 1462 668 1502; x_wconf 86' lang='lat' dir='ltr'>Indempnitati</span> <span class='ocrx_word' id='word_1_246' title='bbox 681 1484 692 1499; x_wconf 75' lang='lat'>,</span> <span class='ocrx_word' id='word_1_247' title='bbox 718 1470 771 1500; x_wconf 87' lang='lat' dir='ltr'>pro</span> <span class='ocrx_word' id='word_1_248' title='bbox 792 1458 840 1491; x_wconf 70' lang='lat' dir='ltr'>sua</span> <span class='ocrx_word' id='word_1_249' title='bbox 861 1459 894 1490; x_wconf 92' lang='lat'>&amp;</span> <span class='ocrx_word' id='word_1_250' title='bbox 907 1458 1021 1490; x_wconf 89' lang='lat' dir='ltr'>suorum</span> <span class='ocrx_word' id='word_1_251' title='bbox 1035 1456 1262 1496; x_wconf 83' lang='lat' dir='ltr'>Sustentatione‚</span> 
     </span>
     <span class='ocr_line' id='line_1_35' title="bbox 201 1500 709 1542; baseline -0.012 -7"><span class='ocrx_word' id='word_1_252' title='bbox 201 1505 232 1536; x_wconf 84' lang='lat' dir='ltr'>in</span> <span class='ocrx_word' id='word_1_253' title='bbox 247 1505 299 1534; x_wconf 85' lang='lat' dir='ltr'>hac</span> <span class='ocrx_word' id='word_1_254' title='bbox 314 1512 390 1542; x_wconf 84' lang='lat' dir='ltr'>parte</span> <span class='ocrx_word' id='word_1_255' title='bbox 406 1502 555 1540; x_wconf 84' lang='lat' dir='ltr'>providere</span> <span class='ocrx_word' id='word_1_256' title='bbox 571 1500 709 1538; x_wconf 77' lang='lat' dir='ltr'>gratiose3</span> 
     </span>
    </p>

    <p class='ocr_par' dir='ltr' id='par_1_12' title="bbox 197 1534 1262 1885">
     <span class='ocr_line' id='line_1_36' title="bbox 238 1534 1261 1580; baseline -0.009 -6"><span class='ocrx_word' id='word_1_257' title='bbox 238 1543 325 1580; x_wconf 81' lang='lat' dir='ltr'>Nos,</span> <span class='ocrx_word' id='word_1_258' title='bbox 341 1541 376 1572; x_wconf 88' lang='lat' dir='ltr'>ad</span> <span class='ocrx_word' id='word_1_259' title='bbox 391 1540 561 1576; x_wconf 77' lang='lat' dir='ltr'>laudabilem</span> <span class='ocrx_word' id='word_1_260' title='bbox 574 1538 700 1569; x_wconf 85' lang='lat' dir='ltr'>Gestum</span> <span class='ocrx_word' id='word_1_261' title='bbox 714 1537 796 1578; x_wconf 75' lang='lat' dir='ltr'>ipsius</span> <span class='ocrx_word' id='word_1_262' title='bbox 817 1534 985 1576; x_wconf 83' lang='lat' dir='ltr'>Reymundi</span> <span class='ocrx_word' id='word_1_263' title='bbox 1005 1534 1261 1567; x_wconf 78' lang='lat' dir='ltr'>considerationem</span> 
     </span>
     <span class='ocr_line' id='line_1_37' title="bbox 199 1573 1260 1619; baseline -0.008 -6"><span class='ocrx_word' id='word_1_264' title='bbox 199 1582 349 1619; x_wconf 84' lang='lat' dir='ltr'>habentes,</span> <span class='ocrx_word' id='word_1_265' title='bbox 367 1589 541 1619; x_wconf 89' lang='lat' dir='ltr'>quamquam</span> <span class='ocrx_word' id='word_1_266' title='bbox 555 1578 634 1616; x_wconf 87' lang='lat' dir='ltr'>super</span> <span class='ocrx_word' id='word_1_267' title='bbox 649 1574 813 1615; x_wconf 64' lang='lat' dir='ltr'>praendffm,</span> <span class='ocrx_word' id='word_1_268' title='bbox 830 1584 878 1605; x_wconf 90' lang='lat' dir='ltr'>aut</span> <span class='ocrx_word' id='word_1_269' title='bbox 892 1574 988 1606; x_wconf 88' lang='lat' dir='ltr'>valore</span> <span class='ocrx_word' id='word_1_270' title='bbox 1005 1574 1162 1605; x_wconf 86' lang='lat' dir='ltr'>Terrarum</span> <span class='ocrx_word' id='word_1_271' title='bbox 1176 1573 1260 1613; x_wconf 87' lang='lat' dir='ltr'>ipsius</span> 
     </span>
     <span class='ocr_line' id='line_1_38' title="bbox 199 1612 1261 1659; baseline -0.008 -8"><span class='ocrx_word' id='word_1_272' title='bbox 199 1618 367 1659; x_wconf 89' lang='lat' dir='ltr'>Reymundi</span> <span class='ocrx_word' id='word_1_273' title='bbox 378 1643 387 1657; x_wconf 81' lang='grc'><em>,</em></span> <span class='ocrx_word' id='word_1_274' title='bbox 412 1618 542 1649; x_wconf 90' lang='lat' dir='ltr'>nondum</span> <span class='ocrx_word' id='word_1_275' title='bbox 563 1617 698 1647; x_wconf 86' lang='lat' dir='ltr'>fuerimus</span> <span class='ocrx_word' id='word_1_276' title='bbox 718 1614 864 1645; x_wconf 84' lang='lat' dir='ltr'>informati</span> <span class='ocrx_word' id='word_1_277' title='bbox 879 1637 888 1650; x_wconf 84' lang='lat'>‚</span> <span class='ocrx_word' id='word_1_278' title='bbox 904 1613 940 1643; x_wconf 92' lang='lat' dir='ltr'>de</span> <span class='ocrx_word' id='word_1_279' title='bbox 954 1612 1040 1650; x_wconf 70' lang='lat' dir='ltr'>gratia</span> <span class='ocrx_word' id='word_1_280' title='bbox 1056 1622 1151 1644; x_wconf 90' lang='lat' dir='ltr'>tamen</span> <span class='ocrx_word' id='word_1_281' title='bbox 1164 1612 1261 1645; x_wconf 68' lang='lat' dir='ltr'>nostra</span> 
     </span>
     <span class='ocr_line' id='line_1_39' title="bbox 201 1651 1261 1697; baseline -0.008 -7"><span class='ocrx_word' id='word_1_282' title='bbox 201 1658 331 1697; x_wconf 86' lang='lat' dir='ltr'>speciali,</span> <span class='ocrx_word' id='word_1_283' title='bbox 348 1656 538 1688; x_wconf 78' lang='lat' dir='ltr'>concessimus</span> <span class='ocrx_word' id='word_1_284' title='bbox 549 1656 592 1693; x_wconf 89' lang='lat' dir='ltr'>ei,</span> <span class='ocrx_word' id='word_1_285' title='bbox 609 1653 710 1685; x_wconf 88' lang='lat' dir='ltr'>nostro</span> <span class='ocrx_word' id='word_1_286' title='bbox 723 1654 756 1685; x_wconf 66' lang='grc' dir='ltr'>ὃς</span> <span class='ocrx_word' id='word_1_287' title='bbox 768 1652 836 1682; x_wconf 70' lang='lat' dir='ltr'>dieti</span> <span class='ocrx_word' id='word_1_288' title='bbox 850 1651 910 1682; x_wconf 84' lang='lat' dir='ltr'>Filii</span> <span class='ocrx_word' id='word_1_289' title='bbox 923 1651 1118 1693; x_wconf 36' lang='lat' dir='ltr'>nostri-Ducis</span> <span class='ocrx_word' id='word_1_290' title='bbox 1132 1652 1261 1689; x_wconf 85' lang='lat' dir='ltr'>nomine,</span> 
     </span>
     <span class='ocr_line' id='line_1_40' title="bbox 198 1689 1262 1732; baseline -0.008 -4"><span class='ocrx_word' id='word_1_291' title='bbox 198 1707 317 1730; x_wconf 87' lang='lat' dir='ltr'>centum</span> <span class='ocrx_word' id='word_1_292' title='bbox 333 1695 414 1726; x_wconf 86' lang='lat' dir='ltr'>libras</span> <span class='ocrx_word' id='word_1_293' title='bbox 429 1695 655 1732; x_wconf 84' lang='lat' dir='ltr'>Sterlingorum,</span> <span class='ocrx_word' id='word_1_294' title='bbox 674 1691 782 1731; x_wconf 86' lang='lat' dir='ltr'>singulis</span> <span class='ocrx_word' id='word_1_295' title='bbox 795 1690 903 1728; x_wconf 80' lang='lat' dir='ltr'>Annis,</span> <span class='ocrx_word' id='word_1_296' title='bbox 921 1689 957 1721; x_wconf 89' lang='lat' dir='ltr'>de</span> <span class='ocrx_word' id='word_1_297' title='bbox 971 1689 1097 1720; x_wconf 74' lang='lat' dir='ltr'>Exuibus</span> <span class='ocrx_word' id='word_1_298' title='bbox 1111 1690 1181 1720; x_wconf 69' lang='lat' dir='ltr'>dieti</span> <span class='ocrx_word' id='word_1_299' title='bbox 1195 1689 1262 1721; x_wconf 91' lang='lat' dir='ltr'>Du-</span> 
     </span>
     <span class='ocr_line' id='line_1_41' title="bbox 200 1728 1260 1775; baseline -0.007 -8"><span class='ocrx_word' id='word_1_300' title='bbox 200 1735 280 1768; x_wconf 75' lang='lat' dir='ltr'>catsis</span> <span class='ocrx_word' id='word_1_301' title='bbox 302 1733 494 1773; x_wconf 81' lang='lat' dir='ltr'>percipiendas</span> <span class='ocrx_word' id='word_1_302' title='bbox 508 1756 518 1771; x_wconf 85' lang='lat'>‚</span> <span class='ocrx_word' id='word_1_303' title='bbox 545 1731 689 1775; x_wconf 79' lang='lat' dir='ltr'>quousque</span> <span class='ocrx_word' id='word_1_304' title='bbox 709 1732 745 1761; x_wconf 89' lang='lat' dir='ltr'>de</span> <span class='ocrx_word' id='word_1_305' title='bbox 763 1729 858 1760; x_wconf 84' lang='lat' dir='ltr'>valore</span> <span class='ocrx_word' id='word_1_306' title='bbox 878 1728 1020 1759; x_wconf 64' lang='lat' dir='ltr'>dictarum</span> <span class='ocrx_word' id='word_1_307' title='bbox 1034 1728 1208 1766; x_wconf 85' lang='lat' dir='ltr'>Terrarum,</span> <span class='ocrx_word' id='word_1_308' title='bbox 1226 1730 1260 1760; x_wconf 75' lang='grc' dir='ltr'>δε</span> 
     </span>
     <span class='ocr_line' id='line_1_42' title="bbox 197 1766 1258 1813; baseline -0.008 -8"><span class='ocrx_word' id='word_1_309' title='bbox 197 1775 313 1813; x_wconf 80' lang='lat' dir='ltr'>qualiter</span> <span class='ocrx_word' id='word_1_310' title='bbox 326 1773 359 1803; x_wconf 87' lang='lat' dir='ltr'>ad</span> <span class='ocrx_word' id='word_1_311' title='bbox 375 1772 477 1803; x_wconf 85' lang='lat' dir='ltr'>Manus</span> <span class='ocrx_word' id='word_1_312' title='bbox 489 1771 559 1801; x_wconf 70' lang='lat' dir='ltr'>dic&#39;ti</span> <span class='ocrx_word' id='word_1_313' title='bbox 575 1770 664 1806; x_wconf 88' lang='lat' dir='ltr'>Regis</span> <span class='ocrx_word' id='word_1_314' title='bbox 678 1769 804 1799; x_wconf 86' lang='lat' dir='ltr'>Franciae</span> <span class='ocrx_word' id='word_1_315' title='bbox 820 1775 1024 1807; x_wconf 87' lang='lat' dir='ltr'>pervenerunt,</span> <span class='ocrx_word' id='word_1_316' title='bbox 1041 1766 1188 1800; x_wconf 82' lang='lat' dir='ltr'>certificati</span> <span class='ocrx_word' id='word_1_317' title='bbox 1195 1767 1258 1799; x_wconf 86' lang='lat' dir='ltr'>fue-</span> 
     </span>
     <span class='ocr_line' id='line_1_43' title="bbox 198 1806 917 1885; baseline -0.013 -40"><span class='ocrx_word' id='word_1_318' title='bbox 198 1815 301 1885; x_wconf 68' lang='lat' dir='ltr'>ririlius,</span> <span class='ocrx_word' id='word_1_319' title='bbox 320 1812 365 1842; x_wconf 91' lang='lat' dir='ltr'>seu</span> <span class='ocrx_word' id='word_1_320' title='bbox 380 1810 453 1842; x_wconf 87' lang='lat' dir='ltr'>aliud</span> <span class='ocrx_word' id='word_1_321' title='bbox 466 1809 532 1840; x_wconf 81' lang='lat' dir='ltr'>inde</span> <span class='ocrx_word' id='word_1_322' title='bbox 544 1809 704 1840; x_wconf 84' lang='lat' dir='ltr'>duxerimus</span> <span class='ocrx_word' id='word_1_323' title='bbox 717 1806 917 1838; x_wconf 87' lang='lat' dir='ltr'>ordinandum.</span> 
     </span>
    </p>

    <p class='ocr_par' dir='ltr' id='par_1_13' title="bbox 253 1851 458 1885">
     <span class='ocr_line' id='line_1_44' title="bbox 253 1851 458 1885; baseline -0.01 -4"><span class='ocrx_word' id='word_1_324' title='bbox 253 1862 272 1885; x_wconf 83' lang='lat' dir='ltr'>n</span> <span class='ocrx_word' id='word_1_325' title='bbox 285 1852 361 1881; x_wconf 87' lang='lat' dir='ltr'>cu&#39;us</span> <span class='ocrx_word' id='word_1_326' title='bbox 398 1851 458 1880; x_wconf 89' lang='lat' dir='ltr'>&amp;c.</span> 
     </span>
    </p>

    <p class='ocr_par' dir='ltr' id='par_1_14' title="bbox 273 1861 1101 1927">
     <span class='ocr_line' id='line_1_45' title="bbox 273 1861 1101 1927; baseline -0.01 -6"><span class='ocrx_word' id='word_1_327' title='bbox 273 1861 433 1927; x_wconf 70' lang='lat' dir='ltr'>Dai.21‘pud</span> <span class='ocrx_word' id='word_1_328' title='bbox 447 1885 648 1924; x_wconf 83' lang='lat' dir='ltr'>Kenilworth,</span> <span class='ocrx_word' id='word_1_329' title='bbox 666 1882 805 1917; x_wconf 77' lang='lat' dir='ltr'>vicesimo</span> <span class='ocrx_word' id='word_1_330' title='bbox 818 1892 918 1923; x_wconf 84' lang='lat' dir='ltr'>quarto</span> <span class='ocrx_word' id='word_1_331' title='bbox 932 1882 978 1914; x_wconf 90' lang='lat' dir='ltr'>die</span> <span class='ocrx_word' id='word_1_332' title='bbox 992 1881 1101 1914; x_wconf 87' lang='lat' dir='ltr'>Martii.</span> 
     </span>
    </p>
   </div>
   <div class='ocr_carea' id='block_1_8' title="bbox 882 1960 1147 2000">
    <p class='ocr_par' dir='ltr' id='par_1_15' title="bbox 882 1960 1147 2000">
     <span class='ocr_line' id='line_1_46' title="bbox 882 1960 1147 2000; baseline 0 -10"><span class='ocrx_word' id='word_1_333' title='bbox 882 1962 936 1990; x_wconf 81' lang='lat' dir='ltr'>Per</span> <span class='ocrx_word' id='word_1_334' title='bbox 948 1960 1030 2000; x_wconf 76' lang='lat' dir='ltr'>ipfiam</span> <span class='ocrx_word' id='word_1_335' title='bbox 1043 1963 1147 1998; x_wconf 80' lang='lat' dir='ltr'>Regem.</span> 
     </span>
    </p>
   </div>
   <div class='ocr_carea' id='block_1_9' title="bbox 197 2036 1258 2107">
    <p class='ocr_par' dir='ltr' id='par_1_16' title="bbox 197 2036 1258 2107">
     <span class='ocr_line' id='line_1_47' title="bbox 197 2036 1258 2107; baseline -0.003 -34"><span class='ocrx_word' id='word_1_336' title='bbox 197 2042 287 2107; x_wconf 85' lang='lat' dir='ltr'>ET</span> <span class='ocrx_word' id='word_1_337' title='bbox 301 2041 465 2075; x_wconf 82' lang='lat' dir='ltr'>mandatum</span> <span class='ocrx_word' id='word_1_338' title='bbox 480 2040 521 2072; x_wconf 87' lang='lat' dir='ltr'>est</span> <span class='ocrx_word' id='word_1_339' title='bbox 534 2038 752 2071; x_wconf 84' lang='lat' dir='ltr'>Constabulario</span> <span class='ocrx_word' id='word_1_340' title='bbox 764 2036 936 2076; x_wconf 85' lang='lat' dir='ltr'>Burdegaliae</span> <span class='ocrx_word' id='word_1_341' title='bbox 951 2059 961 2075; x_wconf 87' lang='lat'>‚</span> <span class='ocrx_word' id='word_1_342' title='bbox 1000 2037 1027 2067; x_wconf 90' lang='lat' dir='ltr'>ui</span> <span class='ocrx_word' id='word_1_343' title='bbox 1041 2046 1119 2068; x_wconf 82' lang='lat' dir='ltr'>nime</span> <span class='ocrx_word' id='word_1_344' title='bbox 1134 2036 1192 2076; x_wconf 86' lang='lat' dir='ltr'>est,</span> <span class='ocrx_word' id='word_1_345' title='bbox 1210 2037 1258 2070; x_wconf 86' lang='lat' dir='ltr'>vel</span> 
     </span>
    </p>
   </div>
   <div class='ocr_carea' id='block_1_10' title="bbox 196 2074 1258 2266">
    <p class='ocr_par' dir='ltr' id='par_1_17' title="bbox 196 2074 1258 2266">
     <span class='ocr_line' id='line_1_48' title="bbox 278 2074 1258 2119; baseline -0.006 -7"><span class='ocrx_word' id='word_1_346' title='bbox 278 2082 326 2119; x_wconf 89' lang='lat' dir='ltr'>qui</span> <span class='ocrx_word' id='word_1_347' title='bbox 343 2090 396 2118; x_wconf 89' lang='lat' dir='ltr'>pro</span> <span class='ocrx_word' id='word_1_348' title='bbox 408 2089 537 2119; x_wconf 87' lang='lat' dir='ltr'>tempore</span> <span class='ocrx_word' id='word_1_349' title='bbox 552 2079 619 2117; x_wconf 83' lang='lat' dir='ltr'>erit,</span> <span class='ocrx_word' id='word_1_350' title='bbox 636 2076 718 2116; x_wconf 76' lang='lat' dir='ltr'>quod</span> <span class='ocrx_word' id='word_1_351' title='bbox 730 2077 822 2107; x_wconf 89' lang='lat' dir='ltr'>eidem</span> <span class='ocrx_word' id='word_1_352' title='bbox 838 2076 973 2114; x_wconf 87' lang='lat' dir='ltr'>Reymun</span> <span class='ocrx_word' id='word_1_353' title='bbox 994 2085 1014 2106; x_wconf 92' lang='grc' dir='ltr'>ο</span> <span class='ocrx_word' id='word_1_354' title='bbox 1027 2074 1114 2107; x_wconf 67' lang='lat' dir='ltr'>dietas</span> <span class='ocrx_word' id='word_1_355' title='bbox 1129 2075 1258 2109; x_wconf 86' lang='lat' dir='ltr'>Centum</span> 
     </span>
     <span class='ocr_line' id='line_1_49' title="bbox 196 2113 1258 2159; baseline -0.005 -7"><span class='ocrx_word' id='word_1_356' title='bbox 196 2120 294 2152; x_wconf 88' lang='lat' dir='ltr'>Libras</span> <span class='ocrx_word' id='word_1_357' title='bbox 315 2119 521 2159; x_wconf 74' lang='lat' dir='ltr'>sterlingorum</span> <span class='ocrx_word' id='word_1_358' title='bbox 535 2141 546 2157; x_wconf 87' lang='lat'>,</span> <span class='ocrx_word' id='word_1_359' title='bbox 570 2117 607 2148; x_wconf 86' lang='lat' dir='ltr'>de</span> <span class='ocrx_word' id='word_1_360' title='bbox 627 2116 756 2147; x_wconf 86' lang='lat' dir='ltr'>Exitibus</span> <span class='ocrx_word' id='word_1_361' title='bbox 776 2116 846 2146; x_wconf 70' lang='lat' dir='ltr'>dieti</span> <span class='ocrx_word' id='word_1_362' title='bbox 865 2113 997 2146; x_wconf 74' lang='lat' dir='ltr'>Ducatfis</span> <span class='ocrx_word' id='word_1_363' title='bbox 1035 2114 1144 2154; x_wconf 87' lang='lat' dir='ltr'>singulis</span> <span class='ocrx_word' id='word_1_364' title='bbox 1160 2117 1258 2154; x_wconf 90' lang='lat' dir='ltr'>annis,</span> 
     </span>
     <span class='ocr_line' id='line_1_50' title="bbox 196 2137 1258 2196; baseline -0.004 -8"><span class='ocrx_word' id='word_1_365' title='bbox 196 2159 323 2190; x_wconf 84' lang='lat' dir='ltr'>terminis</span> <span class='ocrx_word' id='word_1_366' title='bbox 337 2158 582 2196; x_wconf 83' lang='lat' dir='ltr'>competentibus,</span> <span class='ocrx_word' id='word_1_367' title='bbox 600 2156 670 2186; x_wconf 90' lang='lat' dir='ltr'>solvi</span> <span class='ocrx_word' id='word_1_368' title='bbox 684 2154 765 2185; x_wconf 84' lang='lat' dir='ltr'>faciat</span> <span class='ocrx_word' id='word_1_369' title='bbox 778 2155 808 2184; x_wconf 90' lang='lat' dir='ltr'>in</span> <span class='ocrx_word' id='word_1_370' title='bbox 824 2153 919 2184; x_wconf 72' lang='lat' dir='ltr'>forma</span> <span class='ocrx_word' id='word_1_371' title='bbox 933 2137 1084 2192; x_wconf 48' lang='lat' dir='ltr'>praedem</span> <span class='ocrx_word' id='word_1_372' title='bbox 1102 2153 1140 2184; x_wconf 90' lang='lat' dir='ltr'>Et</span> <span class='ocrx_word' id='word_1_373' title='bbox 1153 2154 1217 2187; x_wconf 87' lang='lat' dir='ltr'>Rex</span> <span class='ocrx_word' id='word_1_374' title='bbox 1231 2157 1258 2187; x_wconf 84' lang='lat' dir='ltr'>ei</span> 
     </span>
     <span class='ocr_line' id='line_1_51' title="bbox 197 2191 1156 2266; baseline -0.004 -39"><span class='ocrx_word' id='word_1_375' title='bbox 197 2197 280 2234; x_wconf 82' lang='lat' dir='ltr'>inde,</span> <span class='ocrx_word' id='word_1_376' title='bbox 298 2197 327 2226; x_wconf 89' lang='lat' dir='ltr'>in</span> <span class='ocrx_word' id='word_1_377' title='bbox 341 2205 486 2266; x_wconf 54' lang='lat' dir='ltr'>comfioto</span> <span class='ocrx_word' id='word_1_378' title='bbox 500 2196 567 2234; x_wconf 75' lang='lat' dir='ltr'>suo,</span> <span class='ocrx_word' id='word_1_379' title='bbox 584 2194 710 2225; x_wconf 80' lang='lat' dir='ltr'>debitam</span> <span class='ocrx_word' id='word_1_380' title='bbox 723 2192 938 2224; x_wconf 87' lang='lat' dir='ltr'>Allocationern</span> <span class='ocrx_word' id='word_1_381' title='bbox 951 2191 1053 2222; x_wconf 85' lang='lat' dir='ltr'>habere</span> <span class='ocrx_word' id='word_1_382' title='bbox 1064 2193 1156 2225; x_wconf 81' lang='lat' dir='ltr'>faciet.</span> 
     </span>
    </p>
   </div>
   <div class='ocr_carea' id='block_1_11' title="bbox 233 2229 1152 2348">
    <p class='ocr_par' dir='ltr' id='par_1_18' title="bbox 233 2229 1152 2348">
     <span class='ocr_line' id='line_1_52' title="bbox 233 2229 1061 2276; baseline -0.008 -8"><span class='ocrx_word' id='word_1_383' title='bbox 233 2235 303 2268; x_wconf 83' lang='lat' dir='ltr'>Dat.</span> <span class='ocrx_word' id='word_1_384' title='bbox 320 2235 396 2276; x_wconf 78' lang='lat' dir='ltr'>apud</span> <span class='ocrx_word' id='word_1_385' title='bbox 423 2233 610 2273; x_wconf 78' lang='lat' dir='ltr'>&#39;enilworth,</span> <span class='ocrx_word' id='word_1_386' title='bbox 626 2232 762 2265; x_wconf 84' lang='lat' dir='ltr'>vieefimo</span> <span class='ocrx_word' id='word_1_387' title='bbox 776 2232 878 2270; x_wconf 86' lang='lat' dir='ltr'>quinto</span> <span class='ocrx_word' id='word_1_388' title='bbox 890 2230 936 2261; x_wconf 87' lang='lat' dir='ltr'>die</span> <span class='ocrx_word' id='word_1_389' title='bbox 953 2229 1061 2262; x_wconf 86' lang='lat' dir='ltr'>Martii.</span> 
     </span>
     <span class='ocr_line' id='line_1_53' title="bbox 881 2306 1152 2348; baseline 0 -10"><span class='ocrx_word' id='word_1_390' title='bbox 881 2310 934 2338; x_wconf 85' lang='lat' dir='ltr'>Per</span> <span class='ocrx_word' id='word_1_391' title='bbox 948 2306 1031 2348; x_wconf 75' lang='lat' dir='ltr'>ipfitm</span> <span class='ocrx_word' id='word_1_392' title='bbox 1046 2310 1152 2346; x_wconf 85' lang='lat' dir='ltr'>Regem.</span> 
     </span>
    </p>
   </div>
   <div class='ocr_carea' id='block_1_12' title="bbox 201 2382 1256 2399">
    <p class='ocr_par' dir='ltr' id='par_1_19' title="bbox 201 2382 1256 2399">
     <span class='ocr_line' id='line_1_54' title="bbox 201 2382 1256 2399; baseline 0 1880"><span class='ocrx_word' id='word_1_393' title='bbox 201 2382 1256 2399; x_wconf 95' lang='lat' dir='ltr'> </span> 
     </span>
    </p>
   </div>
   <div class='ocr_carea' id='block_1_13' title="bbox 412 2431 1048 2479">
    <p class='ocr_par' dir='ltr' id='par_1_20' title="bbox 412 2431 1048 2479">
     <span class='ocr_line' id='line_1_55' title="bbox 412 2431 1048 2479; baseline -0.005 -11"><span class='ocrx_word' id='word_1_394' title='bbox 412 2437 462 2468; x_wconf 87' lang='lat' dir='ltr'>De</span> <span class='ocrx_word' id='word_1_395' title='bbox 477 2433 659 2479; x_wconf 78' lang='lat' dir='ltr'>Seneftalcia</span> <span class='ocrx_word' id='word_1_396' title='bbox 677 2431 859 2466; x_wconf 80' lang='lat' dir='ltr'>Landarum</span> <span class='ocrx_word' id='word_1_397' title='bbox 879 2431 1048 2477; x_wconf 69' lang='lat' dir='ltr'>Commtffiz.</span> 
     </span>
    </p>
   </div>
   <div class='ocr_carea' id='block_1_14' title="bbox 195 2516 1257 3138">
    <p class='ocr_par' dir='ltr' id='par_1_21' title="bbox 197 2516 1257 2598">
     <span class='ocr_line' id='line_1_56' title="bbox 197 2516 1257 2580; baseline -0.002 -28"><span class='ocrx_word' id='word_1_398' title='bbox 197 2520 326 2580; x_wconf 82' lang='lat' dir='ltr'>REX</span> <span class='ocrx_word' id='word_1_399' title='bbox 351 2521 412 2552; x_wconf 87' lang='lat' dir='ltr'>&amp;c.</span> <span class='ocrx_word' id='word_1_400' title='bbox 430 2518 564 2551; x_wconf 85' lang='lat' dir='ltr'>Edwardi</span> <span class='ocrx_word' id='word_1_401' title='bbox 576 2543 586 2556; x_wconf 76' lang='lat'>‚</span> <span class='ocrx_word' id='word_1_402' title='bbox 610 2518 671 2549; x_wconf 75' lang='grc' dir='ltr'>ὅτε.</span> <span class='ocrx_word' id='word_1_403' title='bbox 689 2517 873 2548; x_wconf 85' lang='lat' dir='ltr'>Gubernator</span> <span class='ocrx_word' id='word_1_404' title='bbox 887 2518 922 2549; x_wconf 77' lang='grc' dir='ltr'>δε</span> <span class='ocrx_word' id='word_1_405' title='bbox 937 2516 1173 2557; x_wconf 80' lang='lat' dir='ltr'>Administrator,</span> <span class='ocrx_word' id='word_1_406' title='bbox 1191 2529 1257 2550; x_wconf 90' lang='lat' dir='ltr'>om-</span> 
     </span>
     <span class='ocr_line' id='line_1_57' title="bbox 270 2557 1189 2598; baseline -0.009 -8"><span class='ocrx_word' id='word_1_407' title='bbox 270 2561 369 2598; x_wconf 76' lang='lat' dir='ltr'>nibus,</span> <span class='ocrx_word' id='word_1_408' title='bbox 385 2558 420 2588; x_wconf 89' lang='lat' dir='ltr'>ad</span> <span class='ocrx_word' id='word_1_409' title='bbox 434 2568 522 2597; x_wconf 79' lang='lat' dir='ltr'>quOS,</span> <span class='ocrx_word' id='word_1_410' title='bbox 539 2559 599 2589; x_wconf 81' lang='lat' dir='ltr'>&amp;c-</span> <span class='ocrx_word' id='word_1_411' title='bbox 618 2557 754 2587; x_wconf 85' lang='lat' dir='ltr'>Salutem.</span> <span class='ocrx_word' id='word_1_412' title='bbox 1187 2584 1189 2586; x_wconf 63' lang='grc'>,</span> 
     </span>
    </p>

    <p class='ocr_par' dir='ltr' id='par_1_22' title="bbox 195 2594 1256 2867">
     <span class='ocr_line' id='line_1_58' title="bbox 235 2594 1256 2636; baseline -0.002 -7"><span class='ocrx_word' id='word_1_413' title='bbox 235 2597 331 2629; x_wconf 87' lang='lat' dir='ltr'>Sciatis</span> <span class='ocrx_word' id='word_1_414' title='bbox 348 2597 429 2636; x_wconf 75' lang='lat' dir='ltr'>quod</span> <span class='ocrx_word' id='word_1_415' title='bbox 444 2621 454 2636; x_wconf 85' lang='lat'>‚</span> <span class='ocrx_word' id='word_1_416' title='bbox 474 2597 511 2626; x_wconf 90' lang='lat' dir='ltr'>de</span> <span class='ocrx_word' id='word_1_417' title='bbox 533 2596 664 2626; x_wconf 82' lang='lat' dir='ltr'>fidelitate</span> <span class='ocrx_word' id='word_1_418' title='bbox 685 2596 718 2626; x_wconf 90' lang='lat'>&amp;</span> <span class='ocrx_word' id='word_1_419' title='bbox 735 2594 990 2632; x_wconf 62' lang='lat' dir='ltr'>circumspectione</span> <span class='ocrx_word' id='word_1_420' title='bbox 1007 2594 1142 2635; x_wconf 76' lang='lat' dir='ltr'>provida,</span> <span class='ocrx_word' id='word_1_421' title='bbox 1159 2595 1256 2627; x_wconf 68' lang='lat' dir='ltr'>dilecti</span> 
     </span>
     <span class='ocr_line' id='line_1_59' title="bbox 199 2633 1255 2674; baseline -0.003 -6"><span class='ocrx_word' id='word_1_422' title='bbox 199 2638 234 2668; x_wconf 69' lang='grc' dir='ltr'>ὃ(</span> <span class='ocrx_word' id='word_1_423' title='bbox 250 2637 335 2667; x_wconf 87' lang='lat' dir='ltr'>fidelis</span> <span class='ocrx_word' id='word_1_424' title='bbox 350 2636 455 2674; x_wconf 88' lang='lat' dir='ltr'>nostri,</span> <span class='ocrx_word' id='word_1_425' title='bbox 473 2634 636 2674; x_wconf 90' lang='lat' dir='ltr'>Reymundi</span> <span class='ocrx_word' id='word_1_426' title='bbox 652 2633 769 2670; x_wconf 78' lang='lat' dir='ltr'>Duran,</span> <span class='ocrx_word' id='word_1_427' title='bbox 788 2633 980 2672; x_wconf 61' lang='lat' dir='ltr'>confidentes,</span> <span class='ocrx_word' id='word_1_428' title='bbox 997 2634 1195 2665; x_wconf 82' lang='lat' dir='ltr'>commisimus</span> <span class='ocrx_word' id='word_1_429' title='bbox 1217 2637 1255 2665; x_wconf 91' lang='lat' dir='ltr'>ei-</span> 
     </span>
     <span class='ocr_line' id='line_1_60' title="bbox 200 2671 1255 2715; baseline -0.003 -9"><span class='ocrx_word' id='word_1_430' title='bbox 200 2676 268 2706; x_wconf 87' lang='lat' dir='ltr'>dem</span> <span class='ocrx_word' id='word_1_431' title='bbox 281 2674 473 2715; x_wconf 84' lang='lat' dir='ltr'>Reymundo,</span> <span class='ocrx_word' id='word_1_432' title='bbox 491 2672 591 2703; x_wconf 91' lang='lat' dir='ltr'>nostro</span> <span class='ocrx_word' id='word_1_433' title='bbox 603 2673 637 2703; x_wconf 92' lang='lat'>&amp;</span> <span class='ocrx_word' id='word_1_434' title='bbox 650 2672 720 2703; x_wconf 74' lang='lat' dir='ltr'>dieti</span> <span class='ocrx_word' id='word_1_435' title='bbox 737 2672 799 2702; x_wconf 88' lang='lat' dir='ltr'>Filii</span> <span class='ocrx_word' id='word_1_436' title='bbox 811 2671 903 2702; x_wconf 87' lang='lat' dir='ltr'>nostri</span> <span class='ocrx_word' id='word_1_437' title='bbox 918 2671 1009 2702; x_wconf 89' lang='lat' dir='ltr'>Ducis</span> <span class='ocrx_word' id='word_1_438' title='bbox 1023 2673 1157 2710; x_wconf 74' lang='lat' dir='ltr'>nomine,</span> <span class='ocrx_word' id='word_1_439' title='bbox 1177 2673 1255 2705; x_wconf 89' lang='lat' dir='ltr'>Offi-</span> 
     </span>
     <span class='ocr_line' id='line_1_61' title="bbox 199 2710 1255 2749; baseline -0.002 -4"><span class='ocrx_word' id='word_1_440' title='bbox 199 2716 279 2745; x_wconf 86' lang='lat' dir='ltr'>cium</span> <span class='ocrx_word' id='word_1_441' title='bbox 292 2713 471 2745; x_wconf 80' lang='lat' dir='ltr'>Senescalciae</span> <span class='ocrx_word' id='word_1_442' title='bbox 493 2711 654 2742; x_wconf 87' lang='lat' dir='ltr'>Landarum</span> <span class='ocrx_word' id='word_1_443' title='bbox 666 2735 676 2749; x_wconf 79' lang='lat'>‚</span> <span class='ocrx_word' id='word_1_444' title='bbox 703 2712 732 2740; x_wconf 90' lang='lat' dir='ltr'>in</span> <span class='ocrx_word' id='word_1_445' title='bbox 748 2710 865 2741; x_wconf 83' lang='lat' dir='ltr'>Ducam</span> <span class='ocrx_word' id='word_1_446' title='bbox 878 2710 1030 2749; x_wconf 68' lang='lat' dir='ltr'>praedic‘to,</span> <span class='ocrx_word' id='word_1_447' title='bbox 1047 2711 1209 2742; x_wconf 86' lang='lat' dir='ltr'>habendum</span> <span class='ocrx_word' id='word_1_448' title='bbox 1221 2713 1255 2743; x_wconf 89' lang='lat'>&amp;</span> 
     </span>
     <span class='ocr_line' id='line_1_62' title="bbox 198 2748 1252 2790; baseline -0.002 -8"><span class='ocrx_word' id='word_1_449' title='bbox 198 2752 406 2783; x_wconf 81' lang='lat' dir='ltr'>excercendum</span> <span class='ocrx_word' id='word_1_450' title='bbox 415 2776 424 2790; x_wconf 85' lang='lat'>,</span> <span class='ocrx_word' id='word_1_451' title='bbox 443 2750 576 2789; x_wconf 89' lang='lat' dir='ltr'>quamdiu</span> <span class='ocrx_word' id='word_1_452' title='bbox 588 2750 670 2780; x_wconf 88' lang='lat' dir='ltr'>nobis</span> <span class='ocrx_word' id='word_1_453' title='bbox 683 2749 830 2786; x_wconf 81' lang='lat' dir='ltr'>placuerit,</span> <span class='ocrx_word' id='word_1_454' title='bbox 848 2748 952 2779; x_wconf 88' lang='lat' dir='ltr'>eodem</span> <span class='ocrx_word' id='word_1_455' title='bbox 966 2748 1058 2779; x_wconf 88' lang='lat' dir='ltr'>modo</span> <span class='ocrx_word' id='word_1_456' title='bbox 1071 2772 1080 2787; x_wconf 90' lang='lat'>‚</span> <span class='ocrx_word' id='word_1_457' title='bbox 1100 2750 1133 2780; x_wconf 91' lang='lat'>&amp;</span> <span class='ocrx_word' id='word_1_458' title='bbox 1147 2750 1252 2780; x_wconf 89' lang='lat' dir='ltr'>eisdem</span> 
     </span>
     <span class='ocr_line' id='line_1_63' title="bbox 197 2787 1255 2828; baseline -0.002 -7"><span class='ocrx_word' id='word_1_459' title='bbox 197 2791 408 2822; x_wconf 90' lang='lat' dir='ltr'>conditionibus</span> <span class='ocrx_word' id='word_1_460' title='bbox 429 2790 529 2828; x_wconf 88' lang='lat' dir='ltr'>quibus</span> <span class='ocrx_word' id='word_1_461' title='bbox 548 2788 615 2819; x_wconf 92' lang='lat' dir='ltr'>illud</span> <span class='ocrx_word' id='word_1_462' title='bbox 634 2788 748 2825; x_wconf 85' lang='lat' dir='ltr'>habuit,</span> <span class='ocrx_word' id='word_1_463' title='bbox 767 2796 917 2825; x_wconf 84' lang='lat' dir='ltr'>antequam</span> <span class='ocrx_word' id='word_1_464' title='bbox 933 2787 1003 2817; x_wconf 89' lang='lat' dir='ltr'>Nos</span> <span class='ocrx_word' id='word_1_465' title='bbox 1017 2787 1165 2819; x_wconf 89' lang='lat' dir='ltr'>Ducatum</span> <span class='ocrx_word' id='word_1_466' title='bbox 1182 2799 1255 2827; x_wconf 75' lang='lat' dir='ltr'>prae-</span> 
     </span>
     <span class='ocr_line' id='line_1_64' title="bbox 195 2825 1098 2867; baseline -0.004 -8"><span class='ocrx_word' id='word_1_467' title='bbox 195 2829 307 2860; x_wconf 58' lang='lat' dir='ltr'>didium</span> <span class='ocrx_word' id='word_1_468' title='bbox 322 2829 438 2867; x_wconf 76' lang='lat' dir='ltr'>praefato</span> <span class='ocrx_word' id='word_1_469' title='bbox 453 2828 525 2858; x_wconf 88' lang='lat' dir='ltr'>Filio</span> <span class='ocrx_word' id='word_1_470' title='bbox 539 2826 640 2857; x_wconf 89' lang='lat' dir='ltr'>nostro</span> <span class='ocrx_word' id='word_1_471' title='bbox 655 2826 822 2857; x_wconf 73' lang='lat' dir='ltr'>dedissemus</span> <span class='ocrx_word' id='word_1_472' title='bbox 835 2827 869 2857; x_wconf 68' lang='grc' dir='ltr'>ὃς</span> <span class='ocrx_word' id='word_1_473' title='bbox 881 2825 927 2856; x_wconf 86' lang='lat' dir='ltr'>aff</span> <span class='ocrx_word' id='word_1_474' title='bbox 969 2825 1098 2857; x_wconf 76' lang='lat' dir='ltr'>affemus.</span> 
     </span>
    </p>

    <p class='ocr_par' dir='ltr' id='par_1_23' title="bbox 196 2863 1255 3091">
     <span class='ocr_line' id='line_1_65' title="bbox 235 2863 1253 2904; baseline -0.002 -6"><span class='ocrx_word' id='word_1_475' title='bbox 235 2866 346 2898; x_wconf 90' lang='lat' dir='ltr'>Damus</span> <span class='ocrx_word' id='word_1_476' title='bbox 357 2875 467 2903; x_wconf 87' lang='lat' dir='ltr'>autem,</span> <span class='ocrx_word' id='word_1_477' title='bbox 484 2865 598 2903; x_wconf 79' lang='lat' dir='ltr'>nostro,</span> <span class='ocrx_word' id='word_1_478' title='bbox 616 2866 649 2896; x_wconf 71' lang='grc' dir='ltr'>δε</span> <span class='ocrx_word' id='word_1_479' title='bbox 664 2865 734 2895; x_wconf 68' lang='lat' dir='ltr'>dieti</span> <span class='ocrx_word' id='word_1_480' title='bbox 750 2863 811 2894; x_wconf 88' lang='lat' dir='ltr'>Filii</span> <span class='ocrx_word' id='word_1_481' title='bbox 825 2864 915 2895; x_wconf 88' lang='lat' dir='ltr'>nostri</span> <span class='ocrx_word' id='word_1_482' title='bbox 965 2866 1022 2895; x_wconf 89' lang='lat' dir='ltr'>ucis</span> <span class='ocrx_word' id='word_1_483' title='bbox 1034 2866 1170 2904; x_wconf 82' lang='lat' dir='ltr'>nomine,</span> <span class='ocrx_word' id='word_1_484' title='bbox 1188 2876 1253 2896; x_wconf 90' lang='lat' dir='ltr'>om-</span> 
     </span>
     <span class='ocr_line' id='line_1_66' title="bbox 198 2902 1255 2941; baseline -0.001 -5"><span class='ocrx_word' id='word_1_485' title='bbox 198 2907 280 2938; x_wconf 87' lang='lat' dir='ltr'>nibus</span> <span class='ocrx_word' id='word_1_486' title='bbox 294 2907 327 2938; x_wconf 90' lang='lat'>&amp;</span> <span class='ocrx_word' id='word_1_487' title='bbox 343 2907 357 2924; x_wconf 68' lang='lat'>⁹*</span> <span class='ocrx_word' id='word_1_488' title='bbox 374 2906 412 2935; x_wconf 83' lang='lat' dir='ltr'>sm</span> <span class='ocrx_word' id='word_1_489' title='bbox 435 2905 484 2934; x_wconf 90' lang='lat' dir='ltr'>ulis</span> <span class='ocrx_word' id='word_1_490' title='bbox 502 2904 602 2934; x_wconf 89' lang='lat' dir='ltr'>nostris</span> <span class='ocrx_word' id='word_1_491' title='bbox 614 2904 663 2941; x_wconf 87' lang='lat'>‚&amp;</span> <span class='ocrx_word' id='word_1_492' title='bbox 677 2902 745 2933; x_wconf 68' lang='lat' dir='ltr'>dieti</span> <span class='ocrx_word' id='word_1_493' title='bbox 754 2902 817 2932; x_wconf 86' lang='lat' dir='ltr'>Filii</span> <span class='ocrx_word' id='word_1_494' title='bbox 831 2902 920 2934; x_wconf 79' lang='lat' dir='ltr'>nostri</span> <span class='ocrx_word' id='word_1_495' title='bbox 928 2903 1021 2934; x_wconf 92' lang='lat' dir='ltr'>Ducis</span> <span class='ocrx_word' id='word_1_496' title='bbox 1035 2904 1148 2934; x_wconf 88' lang='lat' dir='ltr'>subditis</span> <span class='ocrx_word' id='word_1_497' title='bbox 1155 2904 1255 2935; x_wconf 85' lang='lat' dir='ltr'>Senes-</span> 
     </span>
     <span class='ocr_line' id='line_1_67' title="bbox 199 2940 1248 2981; baseline -0.002 -6"><span class='ocrx_word' id='word_1_498' title='bbox 199 2946 296 2976; x_wconf 84' lang='lat' dir='ltr'>calciae</span> <span class='ocrx_word' id='word_1_499' title='bbox 321 2943 406 2981; x_wconf 81' lang='lat' dir='ltr'>praedi</span> <span class='ocrx_word' id='word_1_500' title='bbox 438 2953 479 2981; x_wconf 81' lang='lat' dir='ltr'>ae,</span> <span class='ocrx_word' id='word_1_501' title='bbox 497 2951 595 2973; x_wconf 89' lang='lat' dir='ltr'>tenore</span> <span class='ocrx_word' id='word_1_502' title='bbox 618 2940 796 2978; x_wconf 70' lang='lat' dir='ltr'>praesentium</span> <span class='ocrx_word' id='word_1_503' title='bbox 809 2963 818 2979; x_wconf 89' lang='lat'>‚</span> <span class='ocrx_word' id='word_1_504' title='bbox 842 2943 871 2971; x_wconf 90' lang='lat' dir='ltr'>in</span> <span class='ocrx_word' id='word_1_505' title='bbox 892 2942 1043 2980; x_wconf 78' lang='lat' dir='ltr'>mandatis,</span> <span class='ocrx_word' id='word_1_506' title='bbox 1060 2942 1138 2980; x_wconf 89' lang='lat' dir='ltr'>quod</span> <span class='ocrx_word' id='word_1_507' title='bbox 1156 2943 1248 2973; x_wconf 90' lang='lat' dir='ltr'>eidem</span> 
     </span>
     <span class='ocr_line' id='line_1_68' title="bbox 196 2979 1253 3021; baseline -0.002 -7"><span class='ocrx_word' id='word_1_508' title='bbox 196 2982 392 3021; x_wconf 81' lang='lat' dir='ltr'>Reymundo‚</span> <span class='ocrx_word' id='word_1_509' title='bbox 410 2991 545 3020; x_wconf 82' lang='lat' dir='ltr'>tanquam</span> <span class='ocrx_word' id='word_1_510' title='bbox 560 2979 716 3011; x_wconf 82' lang='lat' dir='ltr'>Senescallo</span> <span class='ocrx_word' id='word_1_511' title='bbox 730 2979 910 3018; x_wconf 71' lang='lat' dir='ltr'>Lamiarum,</span> <span class='ocrx_word' id='word_1_512' title='bbox 928 2981 958 3010; x_wconf 85' lang='lat' dir='ltr'>in</span> <span class='ocrx_word' id='word_1_513' title='bbox 970 2981 1122 3020; x_wconf 73' lang='lat' dir='ltr'>omnibus,</span> <span class='ocrx_word' id='word_1_514' title='bbox 1142 2991 1205 3020; x_wconf 83' lang='lat' dir='ltr'>quae</span> <span class='ocrx_word' id='word_1_515' title='bbox 1218 2982 1253 3013; x_wconf 87' lang='lat' dir='ltr'>ad</span> 
     </span>
     <span class='ocr_line' id='line_1_69' title="bbox 196 3017 1095 3091; baseline -0.002 -38"><span class='ocrx_word' id='word_1_516' title='bbox 196 3020 340 3091; x_wconf 41' lang='lat' dir='ltr'>Officium</span> <span class='ocrx_word' id='word_1_517' title='bbox 352 3017 773 3091; x_wconf 51' lang='lat' dir='ltr'>illugcpertinentflntendentes</span> <span class='ocrx_word' id='word_1_518' title='bbox 786 3018 837 3050; x_wconf 86' lang='lat' dir='ltr'>fint</span> <span class='ocrx_word' id='word_1_519' title='bbox 848 3020 881 3054; x_wconf 88' lang='lat'>&amp;</span> <span class='ocrx_word' id='word_1_520' title='bbox 891 3018 1095 3057; x_wconf 85' lang='lat' dir='ltr'>respondentes.</span> 
     </span>
    </p>

    <p class='ocr_par' dir='ltr' id='par_1_24' title="bbox 254 3069 491 3138">
     <span class='ocr_line' id='line_1_70' title="bbox 254 3069 443 3098; baseline -0.005 -8"><span class='ocrx_word' id='word_1_521' title='bbox 254 3071 271 3090; x_wconf 87' lang='lat' dir='ltr'>n</span> <span class='ocrx_word' id='word_1_522' title='bbox 287 3069 383 3098; x_wconf 78' lang='lat' dir='ltr'>cujus,</span> <span class='ocrx_word' id='word_1_523' title='bbox 437 3082 443 3089; x_wconf 91' lang='lat'><strong><em>.</em></strong></span> 
     </span>
     <span class='ocr_line' id='line_1_71' title="bbox 273 3098 491 3138; baseline -0.009 -9"><span class='ocrx_word' id='word_1_524' title='bbox 273 3098 340 3129; x_wconf 85' lang='lat' dir='ltr'>Dat.</span> <span class='ocrx_word' id='word_1_525' title='bbox 361 3107 392 3130; x_wconf 81' lang='lat' dir='ltr'>ut</span> <span class='ocrx_word' id='word_1_526' title='bbox 405 3098 491 3138; x_wconf 88' lang='lat' dir='ltr'>supra.</span> 
     </span>
    </p>
   </div>
   <div class='ocr_carea' id='block_1_15' title="bbox 43 2549 175 2664">
    <p class='ocr_par' dir='ltr' id='par_1_25' title="bbox 43 2549 175 2664">
     <span class='ocr_line' id='line_1_72' title="bbox 47 2549 175 2582; baseline -0.016 0"><span class='ocrx_word' id='word_1_527' title='bbox 47 2551 121 2582; x_wconf 81' lang='lat' dir='ltr'>Arm.</span> <span class='ocrx_word' id='word_1_528' title='bbox 132 2549 175 2581; x_wconf 89' lang='lat' dir='ltr'>D.</span> 
     </span>
     <span class='ocr_line' id='line_1_73' title="bbox 68 2590 153 2629; baseline -0.012 -10"><span class='ocrx_word' id='word_1_529' title='bbox 68 2590 153 2629; x_wconf 81' lang='lat'>1326.</span> 
     </span>
     <span class='ocr_line' id='line_1_74' title="bbox 43 2632 156 2664; baseline 0 -7"><span class='ocrx_word' id='word_1_530' title='bbox 43 2632 98 2657; x_wconf 76' lang='lat' dir='ltr'>An.</span> <span class='ocrx_word' id='word_1_531' title='bbox 115 2639 156 2664; x_wconf 83' lang='lat'>19.</span> 
     </span>
    </p>
   </div>
   <div class='ocr_carea' id='block_1_16' title="bbox 44 2671 124 2735">
    <p class='ocr_par' dir='ltr' id='par_1_26' title="bbox 44 2671 124 2735">
     <span class='ocr_line' id='line_1_75' title="bbox 46 2671 124 2695; baseline 0 -1"><span class='ocrx_word' id='word_1_532' title='bbox 46 2671 76 2694; x_wconf 82' lang='grc' dir='ltr'>Ε.</span> <span class='ocrx_word' id='word_1_533' title='bbox 98 2676 124 2695; x_wconf 89' lang='lat'>2.</span> 
     </span>
     <span class='ocr_line' id='line_1_76' title="bbox 44 2705 110 2735; baseline -0.045 0"><span class='ocrx_word' id='word_1_534' title='bbox 44 2705 110 2735; x_wconf 70' lang='lat' dir='ltr'>lbid.</span> 
     </span>
    </p>
   </div>
   <div class='ocr_carea' id='block_1_17' title="bbox 47 2928 135 3002">
    <p class='ocr_par' dir='ltr' id='par_1_27' title="bbox 47 2928 135 3002">
     <span class='ocr_line' id='line_1_77' title="bbox 47 2928 135 2956; baseline -0.011 0"><span class='ocrx_word' id='word_1_535' title='bbox 47 2928 65 2945; x_wconf 81' lang='lat'>⁸</span> <span class='ocrx_word' id='word_1_536' title='bbox 81 2928 135 2956; x_wconf 80' lang='lat' dir='ltr'>lv.</span> 
     </span>
     <span class='ocr_line' id='line_1_78' title="bbox 51 2966 112 3002; baseline -0.016 -8"><span class='ocrx_word' id='word_1_537' title='bbox 51 2966 112 3002; x_wconf 88' lang='lat'>198.</span> 
     </span>
    </p>
   </div>
   <div class='ocr_carea' id='block_1_18' title="bbox 887 3133 1149 3174">
    <p class='ocr_par' dir='ltr' id='par_1_28' title="bbox 887 3133 1149 3174">
     <span class='ocr_line' id='line_1_79' title="bbox 887 3133 1149 3174; baseline 0.004 -9"><span class='ocrx_word' id='word_1_538' title='bbox 887 3137 940 3165; x_wconf 81' lang='lat' dir='ltr'>Per</span> <span class='ocrx_word' id='word_1_539' title='bbox 952 3133 1034 3174; x_wconf 63' lang='lat' dir='ltr'>thi‘tm</span> <span class='ocrx_word' id='word_1_540' title='bbox 1046 3137 1149 3174; x_wconf 84' lang='lat' dir='ltr'>Regem.</span> 
     </span>
    </p>
   </div>
   <div class='ocr_carea' id='block_1_19' title="bbox 197 3218 1252 3234">
    <p class='ocr_par' dir='ltr' id='par_1_29' title="bbox 197 3218 1252 3234">
     <span class='ocr_line' id='line_1_80' title="bbox 197 3218 1252 3234; baseline 0 1045"><span class='ocrx_word' id='word_1_541' title='bbox 197 3218 1252 3234; x_wconf 95' lang='lat' dir='ltr'> </span> 
     </span>
    </p>
   </div>
   <div class='ocr_carea' id='block_1_20' title="bbox 283 3279 1167 3327">
    <p class='ocr_par' dir='ltr' id='par_1_30' title="bbox 283 3279 1167 3327">
     <span class='ocr_line' id='line_1_81' title="bbox 283 3279 1167 3327; baseline -0.006 -10"><span class='ocrx_word' id='word_1_542' title='bbox 283 3284 335 3317; x_wconf 83' lang='lat' dir='ltr'>De</span> <span class='ocrx_word' id='word_1_543' title='bbox 355 3279 591 3327; x_wconf 68' lang='lat' dir='ltr'>Compensatione</span> <span class='ocrx_word' id='word_1_544' title='bbox 602 3289 658 3326; x_wconf 83' lang='lat' dir='ltr'>pro</span> <span class='ocrx_word' id='word_1_545' title='bbox 678 3280 810 3313; x_wconf 78' lang='lat' dir='ltr'>Servitia</span> <span class='ocrx_word' id='word_1_546' title='bbox 826 3280 856 3310; x_wconf 83' lang='lat' dir='ltr'>in</span> <span class='ocrx_word' id='word_1_547' title='bbox 875 3279 996 3312; x_wconf 81' lang='lat' dir='ltr'>Guerra</span> <span class='ocrx_word' id='word_1_548' title='bbox 1014 3282 1060 3312; x_wconf 53' lang='grc' dir='ltr'><em>ἡ</em></span> <span class='ocrx_word' id='word_1_549' title='bbox 1075 3283 1167 3316; x_wconf 75' lang='lat' dir='ltr'>coniae.</span> 
     </span>
    </p>
   </div>
   <div class='ocr_carea' id='block_1_21' title="bbox 52 3362 1264 4056">
    <p class='ocr_par' dir='ltr' id='par_1_31' title="bbox 52 3362 1259 3427">
     <span class='ocr_line' id='line_1_82' title="bbox 52 3362 1259 3427; baseline -0.003 -27"><span class='ocrx_word' id='word_1_550' title='bbox 52 3382 128 3412; x_wconf 37' lang='lat' dir='ltr'>Arm·</span> <span class='ocrx_word' id='word_1_551' title='bbox 142 3381 185 3411; x_wconf 45' lang='lat' dir='ltr'>D,</span> <span class='ocrx_word' id='word_1_552' title='bbox 198 3367 327 3427; x_wconf 77' lang='lat' dir='ltr'>REX</span> <span class='ocrx_word' id='word_1_553' title='bbox 344 3367 405 3398; x_wconf 87' lang='lat' dir='ltr'>&amp;c.</span> <span class='ocrx_word' id='word_1_554' title='bbox 425 3364 557 3408; x_wconf 80' lang='lat' dir='ltr'>Edwardi</span> <span class='ocrx_word' id='word_1_555' title='bbox 570 3387 580 3403; x_wconf 81' lang='lat'>‚</span> <span class='ocrx_word' id='word_1_556' title='bbox 603 3364 663 3408; x_wconf 54' lang='lat' dir='ltr'>otc.</span> <span class='ocrx_word' id='word_1_557' title='bbox 686 3363 872 3394; x_wconf 86' lang='lat' dir='ltr'>Gubernator</span> <span class='ocrx_word' id='word_1_558' title='bbox 891 3364 926 3395; x_wconf 90' lang='lat'>&amp;</span> <span class='ocrx_word' id='word_1_559' title='bbox 946 3362 1167 3410; x_wconf 75' lang='lat' dir='ltr'>Administrator</span> <span class='ocrx_word' id='word_1_560' title='bbox 1182 3388 1191 3404; x_wconf 86' lang='lat'>,</span> <span class='ocrx_word' id='word_1_561' title='bbox 1207 3365 1259 3396; x_wconf 86' lang='lat' dir='ltr'>Se-</span> 
     </span>
    </p>

    <p class='ocr_par' dir='ltr' id='par_1_32' title="bbox 75 3401 1258 3558">
     <span class='ocr_line' id='line_1_83' title="bbox 75 3401 1258 3476; baseline -0.001 -39"><span class='ocrx_word' id='word_1_562' title='bbox 75 3421 160 3459; x_wconf 41' lang='lat'>1325&#39;</span> <span class='ocrx_word' id='word_1_563' title='bbox 197 3405 391 3476; x_wconf 60' lang='lat' dir='ltr'>lmennescallo</span> <span class='ocrx_word' id='word_1_564' title='bbox 403 3403 568 3442; x_wconf 81' lang='lat' dir='ltr'>Vasconiae,</span> <span class='ocrx_word' id='word_1_565' title='bbox 586 3412 635 3441; x_wconf 83' lang='lat' dir='ltr'>qui</span> <span class='ocrx_word' id='word_1_566' title='bbox 646 3412 724 3433; x_wconf 91' lang='lat' dir='ltr'>nunc</span> <span class='ocrx_word' id='word_1_567' title='bbox 738 3401 779 3433; x_wconf 89' lang='lat' dir='ltr'>est</span> <span class='ocrx_word' id='word_1_568' title='bbox 792 3401 837 3434; x_wconf 92' lang='lat' dir='ltr'>vel</span> <span class='ocrx_word' id='word_1_569' title='bbox 852 3412 900 3440; x_wconf 85' lang='lat' dir='ltr'>qui</span> <span class='ocrx_word' id='word_1_570' title='bbox 915 3412 967 3439; x_wconf 91' lang='lat' dir='ltr'>pro</span> <span class='ocrx_word' id='word_1_571' title='bbox 979 3410 1110 3442; x_wconf 85' lang='lat' dir='ltr'>tempore</span> <span class='ocrx_word' id='word_1_572' title='bbox 1122 3412 1192 3442; x_wconf 87' lang='lat' dir='ltr'>erit,</span> <span class='ocrx_word' id='word_1_573' title='bbox 1209 3404 1258 3436; x_wconf 89' lang='lat' dir='ltr'>Sa-</span> 
     </span>
     <span class='ocr_line' id='line_1_84' title="bbox 130 3470 1258 3521; baseline -0.001 -8"><span class='ocrx_word' id='word_1_574' title='bbox 130 3470 137 3484; x_wconf 62' lang='lat'><em>¹</em></span> <span class='ocrx_word' id='word_1_575' title='bbox 164 3482 170 3488; x_wconf 87' lang='grc'><em>“</em></span> <span class='ocrx_word' id='word_1_576' title='bbox 237 3483 409 3521; x_wconf 83' lang='lat' dir='ltr'>Supplicavit</span> <span class='ocrx_word' id='word_1_577' title='bbox 420 3481 519 3520; x_wconf 82' lang='lat' dir='ltr'>nobis,</span> <span class='ocrx_word' id='word_1_578' title='bbox 535 3479 669 3517; x_wconf 63' lang='lat' dir='ltr'>dilectus,</span> <span class='ocrx_word' id='word_1_579' title='bbox 686 3479 785 3517; x_wconf 85' lang='lat' dir='ltr'>nobis,</span> <span class='ocrx_word' id='word_1_580' title='bbox 803 3477 922 3509; x_wconf 90' lang='lat' dir='ltr'>Pontius</span> <span class='ocrx_word' id='word_1_581' title='bbox 934 3479 1076 3510; x_wconf 87' lang='lat' dir='ltr'>Amaneni</span> <span class='ocrx_word' id='word_1_582' title='bbox 1090 3479 1127 3511; x_wconf 90' lang='lat' dir='ltr'>de</span> <span class='ocrx_word' id='word_1_583' title='bbox 1143 3480 1258 3512; x_wconf 82' lang='lat' dir='ltr'>Madal-</span> 
     </span>
     <span class='ocr_line' id='line_1_85' title="bbox 200 3517 802 3558; baseline -0.008 -6"><span class='ocrx_word' id='word_1_584' title='bbox 200 3521 292 3558; x_wconf 87' lang='lat' dir='ltr'>hano,</span> <span class='ocrx_word' id='word_1_585' title='bbox 307 3521 455 3551; x_wconf 88' lang='lat' dir='ltr'>Dominus</span> <span class='ocrx_word' id='word_1_586' title='bbox 470 3520 506 3550; x_wconf 91' lang='lat' dir='ltr'>de</span> <span class='ocrx_word' id='word_1_587' title='bbox 521 3518 631 3549; x_wconf 86' lang='lat' dir='ltr'>Mount</span> <span class='ocrx_word' id='word_1_588' title='bbox 646 3517 673 3548; x_wconf 90' lang='lat' dir='ltr'>V</span> <span class='ocrx_word' id='word_1_589' title='bbox 675 3517 736 3557; x_wconf 82' lang='lat' dir='ltr'>yel‚</span> <span class='ocrx_word' id='word_1_590' title='bbox 755 3526 802 3556; x_wconf 80' lang='lat' dir='ltr'>ut,</span> 
     </span>
    </p>

    <p class='ocr_par' dir='ltr' id='par_1_33' title="bbox 198 3554 1259 3748">
     <span class='ocr_line' id='line_1_86' title="bbox 237 3554 1259 3604; baseline -0.003 -13"><span class='ocrx_word' id='word_1_591' title='bbox 237 3559 318 3591; x_wconf 79' lang='lat' dir='ltr'>Cum</span> <span class='ocrx_word' id='word_1_592' title='bbox 331 3559 440 3604; x_wconf 74' lang='lat' dir='ltr'>Gentes</span> <span class='ocrx_word' id='word_1_593' title='bbox 454 3559 543 3595; x_wconf 86' lang='lat' dir='ltr'>Regis</span> <span class='ocrx_word' id='word_1_594' title='bbox 557 3557 702 3594; x_wconf 82' lang='lat' dir='ltr'>Franciae,</span> <span class='ocrx_word' id='word_1_595' title='bbox 719 3565 850 3594; x_wconf 89' lang='lat' dir='ltr'>tempore</span> <span class='ocrx_word' id='word_1_596' title='bbox 862 3554 969 3599; x_wconf 84' lang='lat' dir='ltr'>ultimae</span> <span class='ocrx_word' id='word_1_597' title='bbox 981 3555 1104 3588; x_wconf 81' lang='lat' dir='ltr'>Guerrae</span> <span class='ocrx_word' id='word_1_598' title='bbox 1118 3580 1128 3594; x_wconf 84' lang='lat'>,</span> <span class='ocrx_word' id='word_1_599' title='bbox 1148 3557 1178 3587; x_wconf 89' lang='lat' dir='ltr'>in</span> <span class='ocrx_word' id='word_1_600' title='bbox 1193 3556 1259 3588; x_wconf 89' lang='lat' dir='ltr'>Du-</span> 
     </span>
     <span class='ocr_line' id='line_1_87' title="bbox 198 3593 1258 3676; baseline -0.001 -10"><span class='ocrx_word' id='word_1_601' title='bbox 198 3606 264 3666; x_wconf 63' lang='grc' dir='ltr'>ἓξὲξ</span> <span class='ocrx_word' id='word_1_602' title='bbox 276 3598 519 3666; x_wconf 57' lang='lat' dir='ltr'>Sssffissfflffis</span> <span class='ocrx_word' id='word_1_603' title='bbox 527 3593 908 3676; x_wconf 45' lang='lat' dir='ltr'>sffffisnffiffirsffi</span> <span class='ocrx_word' id='word_1_604' title='bbox 922 3594 1114 3670; x_wconf 45' lang='lat' dir='ltr'>stiffi&amp;</span> <span class='ocrx_word' id='word_1_605' title='bbox 1130 3594 1166 3664; x_wconf 66' lang='lat'>33</span> <span class='ocrx_word' id='word_1_606' title='bbox 1178 3596 1258 3665; x_wconf 61' lang='lat'>{²333</span> 
     </span>
     <span class='ocr_line' id='line_1_88' title="bbox 200 3670 1258 3711; baseline 0 -7"><span class='ocrx_word' id='word_1_607' title='bbox 200 3675 234 3704; x_wconf 88' lang='lat'>&amp;</span> <span class='ocrx_word' id='word_1_608' title='bbox 250 3673 354 3704; x_wconf 85' lang='lat' dir='ltr'>Catalla</span> <span class='ocrx_word' id='word_1_609' title='bbox 369 3675 414 3704; x_wconf 88' lang='lat' dir='ltr'>sua</span> <span class='ocrx_word' id='word_1_610' title='bbox 424 3698 433 3711; x_wconf 90' lang='lat'>‚</span> <span class='ocrx_word' id='word_1_611' title='bbox 452 3673 536 3711; x_wconf 85' lang='lat' dir='ltr'>usque</span> <span class='ocrx_word' id='word_1_612' title='bbox 550 3672 584 3704; x_wconf 89' lang='lat' dir='ltr'>ad</span> <span class='ocrx_word' id='word_1_613' title='bbox 597 3682 657 3703; x_wconf 91' lang='lat' dir='ltr'>non</span> <span class='ocrx_word' id='word_1_614' title='bbox 672 3671 820 3702; x_wconf 79' lang='lat' dir='ltr'>modicam</span> <span class='ocrx_word' id='word_1_615' title='bbox 832 3670 972 3702; x_wconf 83' lang='lat' dir='ltr'>summam</span> <span class='ocrx_word' id='word_1_616' title='bbox 981 3693 991 3709; x_wconf 88' lang='lat'>,</span> <span class='ocrx_word' id='word_1_617' title='bbox 1006 3671 1143 3709; x_wconf 80' lang='lat' dir='ltr'>cepiffenr</span> <span class='ocrx_word' id='word_1_618' title='bbox 1160 3672 1194 3703; x_wconf 94' lang='lat'>&amp;</span> <span class='ocrx_word' id='word_1_619' title='bbox 1205 3683 1258 3704; x_wconf 88' lang='lat' dir='ltr'>oc-</span> 
     </span>
     <span class='ocr_line' id='line_1_89' title="bbox 200 3710 766 3748; baseline -0.005 -6"><span class='ocrx_word' id='word_1_620' title='bbox 200 3711 364 3748; x_wconf 66' lang='lat' dir='ltr'>cupassent,</span> <span class='ocrx_word' id='word_1_621' title='bbox 381 3712 414 3742; x_wconf 87' lang='lat'>&amp;</span> <span class='ocrx_word' id='word_1_622' title='bbox 428 3719 572 3748; x_wconf 85' lang='lat' dir='ltr'>occupent</span> <span class='ocrx_word' id='word_1_623' title='bbox 587 3711 638 3741; x_wconf 88' lang='lat' dir='ltr'>hiis</span> <span class='ocrx_word' id='word_1_624' title='bbox 649 3710 766 3746; x_wconf 71' lang='lat' dir='ltr'>diebus,</span> 
     </span>
    </p>

    <p class='ocr_par' dir='ltr' id='par_1_34' title="bbox 201 3746 1262 3977">
     <span class='ocr_line' id='line_1_90' title="bbox 238 3746 1261 3793; baseline 0.002 -15"><span class='ocrx_word' id='word_1_625' title='bbox 238 3749 302 3785; x_wconf 83' lang='lat' dir='ltr'>Ac,</span> <span class='ocrx_word' id='word_1_626' title='bbox 319 3750 434 3793; x_wconf 65' lang='lat' dir='ltr'>dileetus</span> <span class='ocrx_word' id='word_1_627' title='bbox 446 3751 478 3781; x_wconf 65' lang='grc' dir='ltr'>ὃς</span> <span class='ocrx_word' id='word_1_628' title='bbox 500 3749 587 3782; x_wconf 84' lang='lat' dir='ltr'>fidelis</span> <span class='ocrx_word' id='word_1_629' title='bbox 606 3748 719 3786; x_wconf 82' lang='lat' dir='ltr'>noster,</span> <span class='ocrx_word' id='word_1_630' title='bbox 737 3746 907 3778; x_wconf 86' lang='lat' dir='ltr'>Edmundus</span> <span class='ocrx_word' id='word_1_631' title='bbox 921 3746 1033 3779; x_wconf 72' lang='lat' dir='ltr'>Comes</span> <span class='ocrx_word' id='word_1_632' title='bbox 1055 3747 1186 3786; x_wconf 83' lang='lat' dir='ltr'>Kantiae‚</span> <span class='ocrx_word' id='word_1_633' title='bbox 1204 3748 1261 3780; x_wconf 89' lang='lat' dir='ltr'>fra-</span> 
     </span>
     <span class='ocr_line' id='line_1_91' title="bbox 201 3786 1259 3830; baseline 0.001 -13"><span class='ocrx_word' id='word_1_634' title='bbox 201 3795 243 3817; x_wconf 88' lang='lat' dir='ltr'>ter</span> <span class='ocrx_word' id='word_1_635' title='bbox 261 3786 356 3828; x_wconf 85' lang='lat' dir='ltr'>noster</span> <span class='ocrx_word' id='word_1_636' title='bbox 370 3787 522 3830; x_wconf 80' lang='lat' dir='ltr'>carissimus</span> <span class='ocrx_word' id='word_1_637' title='bbox 534 3811 543 3826; x_wconf 86' lang='lat'>,</span> <span class='ocrx_word' id='word_1_638' title='bbox 560 3787 594 3818; x_wconf 90' lang='lat'>&amp;</span> <span class='ocrx_word' id='word_1_639' title='bbox 608 3787 706 3817; x_wconf 89' lang='lat' dir='ltr'>locum</span> <span class='ocrx_word' id='word_1_640' title='bbox 719 3786 848 3817; x_wconf 88' lang='lat' dir='ltr'>nostrum</span> <span class='ocrx_word' id='word_1_641' title='bbox 864 3796 953 3824; x_wconf 87' lang='lat' dir='ltr'>nuper</span> <span class='ocrx_word' id='word_1_642' title='bbox 975 3795 1072 3817; x_wconf 90' lang='lat' dir='ltr'>tenens</span> <span class='ocrx_word' id='word_1_643' title='bbox 1092 3788 1121 3817; x_wconf 90' lang='lat' dir='ltr'>in</span> <span class='ocrx_word' id='word_1_644' title='bbox 1141 3786 1259 3818; x_wconf 92' lang='lat' dir='ltr'>Ducatu</span> 
     </span>
     <span class='ocr_line' id='line_1_92' title="bbox 207 3823 1262 3864; baseline 0.002 -11"><span class='ocrx_word' id='word_1_645' title='bbox 207 3823 359 3862; x_wconf 66' lang='lat' dir='ltr'>praedicto,</span> <span class='ocrx_word' id='word_1_646' title='bbox 377 3834 405 3853; x_wconf 89' lang='lat' dir='ltr'>in</span> <span class='ocrx_word' id='word_1_647' title='bbox 424 3834 529 3862; x_wconf 80' lang='lat' dir='ltr'>partem</span> <span class='ocrx_word' id='word_1_648' title='bbox 549 3825 742 3855; x_wconf 69' lang='lat' dir='ltr'>satisfactionis</span> <span class='ocrx_word' id='word_1_649' title='bbox 769 3824 915 3855; x_wconf 67' lang='lat' dir='ltr'>dictorum</span> <span class='ocrx_word' id='word_1_650' title='bbox 937 3823 1106 3856; x_wconf 85' lang='lat' dir='ltr'>Castrorum</span> <span class='ocrx_word' id='word_1_651' title='bbox 1120 3848 1130 3864; x_wconf 82' lang='lat'>,</span> <span class='ocrx_word' id='word_1_652' title='bbox 1157 3825 1262 3856; x_wconf 87' lang='lat' dir='ltr'>Terra-</span> 
     </span>
     <span class='ocr_line' id='line_1_93' title="bbox 203 3861 1261 3904; baseline 0.002 -12"><span class='ocrx_word' id='word_1_653' title='bbox 203 3871 286 3897; x_wconf 80' lang='lat' dir='ltr'>rum,</span> <span class='ocrx_word' id='word_1_654' title='bbox 303 3871 336 3891; x_wconf 91' lang='lat' dir='ltr'>ac</span> <span class='ocrx_word' id='word_1_655' title='bbox 356 3861 503 3904; x_wconf 83' lang='lat' dir='ltr'>Bonorum</span> <span class='ocrx_word' id='word_1_656' title='bbox 516 3887 525 3901; x_wconf 76' lang='lat'><strong>‚</strong></span> <span class='ocrx_word' id='word_1_657' title='bbox 553 3863 590 3894; x_wconf 89' lang='lat' dir='ltr'>sic</span> <span class='ocrx_word' id='word_1_658' title='bbox 612 3871 817 3901; x_wconf 85' lang='lat' dir='ltr'>occupatorum</span> <span class='ocrx_word' id='word_1_659' title='bbox 834 3886 844 3901; x_wconf 85' lang='lat'>,</span> <span class='ocrx_word' id='word_1_660' title='bbox 866 3862 1022 3902; x_wconf 70' lang='lat' dir='ltr'>affignaffet</span> <span class='ocrx_word' id='word_1_661' title='bbox 1042 3863 1135 3894; x_wconf 87' lang='lat' dir='ltr'>eidem</span> <span class='ocrx_word' id='word_1_662' title='bbox 1151 3863 1261 3894; x_wconf 90' lang='lat' dir='ltr'>Pontio</span> 
     </span>
     <span class='ocr_line' id='line_1_94' title="bbox 202 3899 1261 3945; baseline 0.002 -15"><span class='ocrx_word' id='word_1_663' title='bbox 202 3899 352 3942; x_wconf 86' lang='lat' dir='ltr'>Ducentas¹</span> <span class='ocrx_word' id='word_1_664' title='bbox 360 3899 469 3945; x_wconf 19' lang='lat' dir='ltr'>*libratas</span> <span class='ocrx_word' id='word_1_665' title='bbox 482 3900 622 3931; x_wconf 71' lang='lat' dir='ltr'>Redditus</span> <span class='ocrx_word' id='word_1_666' title='bbox 636 3911 762 3933; x_wconf 86' lang='lat' dir='ltr'>monetae</span> <span class='ocrx_word' id='word_1_667' title='bbox 776 3901 959 3941; x_wconf 66' lang='lat' dir='ltr'>supradictae,</span> <span class='ocrx_word' id='word_1_668' title='bbox 977 3901 1166 3940; x_wconf 83' lang='lat' dir='ltr'>percipiendas</span> <span class='ocrx_word' id='word_1_669' title='bbox 1180 3901 1261 3940; x_wconf 83' lang='lat' dir='ltr'>super</span> 
     </span>
     <span class='ocr_line' id='line_1_95' title="bbox 201 3936 623 3977; baseline 0.007 -11"><span class='ocrx_word' id='word_1_670' title='bbox 201 3936 371 3970; x_wconf 80' lang='lat' dir='ltr'>Castellania</span> <span class='ocrx_word' id='word_1_671' title='bbox 385 3936 420 3966; x_wconf 95' lang='lat' dir='ltr'>de</span> <span class='ocrx_word' id='word_1_672' title='bbox 436 3937 604 3970; x_wconf 80' lang='lat' dir='ltr'>Blankeford</span> <span class='ocrx_word' id='word_1_673' title='bbox 613 3962 623 3977; x_wconf 85' lang='lat'>,</span> 
     </span>
    </p>

    <p class='ocr_par' dir='ltr' id='par_1_35' title="bbox 201 3974 1264 4056">
     <span class='ocr_line' id='line_1_96' title="bbox 241 3974 1263 4018; baseline 0.003 -12"><span class='ocrx_word' id='word_1_674' title='bbox 241 3974 362 4018; x_wconf 22' lang='lat' dir='ltr'>Detqua</span> <span class='ocrx_word' id='word_1_675' title='bbox 374 3975 489 4011; x_wconf 87' lang='lat' dir='ltr'>quidem</span> <span class='ocrx_word' id='word_1_676' title='bbox 505 3975 672 4008; x_wconf 69' lang='lat' dir='ltr'>Castellania</span> <span class='ocrx_word' id='word_1_677' title='bbox 687 3987 792 4014; x_wconf 85' lang='lat' dir='ltr'>magna</span> <span class='ocrx_word' id='word_1_678' title='bbox 805 3987 866 4015; x_wconf 89' lang='lat' dir='ltr'>pars</span> <span class='ocrx_word' id='word_1_679' title='bbox 875 4000 885 4016; x_wconf 90' lang='lat'>,</span> <span class='ocrx_word' id='word_1_680' title='bbox 902 3988 952 4016; x_wconf 87' lang='lat' dir='ltr'>per</span> <span class='ocrx_word' id='word_1_681' title='bbox 968 3978 1078 4010; x_wconf 72' lang='lat' dir='ltr'>Gentes</span> <span class='ocrx_word' id='word_1_682' title='bbox 1093 3977 1162 4010; x_wconf 71' lang='lat' dir='ltr'>dieti</span> <span class='ocrx_word' id='word_1_683' title='bbox 1171 3979 1263 4016; x_wconf 86' lang='lat' dir='ltr'>Regis</span> 
     </span>
     <span class='ocr_line' id='line_1_97' title="bbox 201 4013 1264 4056; baseline 0.005 -11"><span class='ocrx_word' id='word_1_684' title='bbox 201 4014 347 4052; x_wconf 74' lang='lat' dir='ltr'>Franmae,</span> <span class='ocrx_word' id='word_1_685' title='bbox 362 4020 431 4046; x_wconf 79' lang='lat' dir='ltr'>tunc</span> <span class='ocrx_word' id='word_1_686' title='bbox 444 4013 534 4046; x_wconf 81' lang='lat' dir='ltr'>fuerat</span> <span class='ocrx_word' id='word_1_687' title='bbox 546 4023 683 4053; x_wconf 79' lang='lat' dir='ltr'>occupata</span> <span class='ocrx_word' id='word_1_688' title='bbox 695 4038 707 4054; x_wconf 85' lang='lat'>‚</span> <span class='ocrx_word' id='word_1_689' title='bbox 729 4025 816 4055; x_wconf 82' lang='lat' dir='ltr'>quarn</span> <span class='ocrx_word' id='word_1_690' title='bbox 839 4015 918 4048; x_wconf 86' lang='lat' dir='ltr'>idem</span> <span class='ocrx_word' id='word_1_691' title='bbox 938 4016 1059 4051; x_wconf 82' lang='lat' dir='ltr'>Pontius</span> <span class='ocrx_word' id='word_1_692' title='bbox 1073 4016 1264 4056; x_wconf 75' lang='lat' dir='ltr'>postmodum</span> 
     </span>
    </p>
   </div>
   <div class='ocr_carea' id='block_1_22' title="bbox 54 3501 157 3564">
    <p class='ocr_par' dir='ltr' id='par_1_36' title="bbox 54 3501 157 3564">
     <span class='ocr_line' id='line_1_98' title="bbox 54 3501 130 3525; baseline 0.026 -3"><span class='ocrx_word' id='word_1_693' title='bbox 54 3501 85 3523; x_wconf 83' lang='grc' dir='ltr'>,Ε-</span> <span class='ocrx_word' id='word_1_694' title='bbox 104 3508 130 3525; x_wconf 83' lang='lat'>2.</span> 
     </span>
     <span class='ocr_line' id='line_1_99' title="bbox 54 3534 157 3564; baseline 0.029 -2"><span class='ocrx_word' id='word_1_695' title='bbox 54 3534 157 3564; x_wconf 69' lang='lat' dir='ltr'>Ibidem.</span> 
     </span>
    </p>
   </div>
   <div class='ocr_carea' id='block_1_23' title="bbox 659 102 1471 154">
    <p class='ocr_par' dir='ltr' id='par_1_37' title="bbox 659 102 1471 154">
     <span class='ocr_line' id='line_1_100' title="bbox 659 102 1471 154; baseline -0.005 -5"><span class='ocrx_word' id='word_1_696' title='bbox 659 102 1471 154; x_wconf 88' lang='lat' dir='ltr'>CONVENTIONES,</span> 
     </span>
    </p>
   </div>
   <div class='ocr_carea' id='block_1_24' title="bbox 1526 98 1919 147">
    <p class='ocr_par' dir='ltr' id='par_1_38' title="bbox 1526 98 1919 147">
     <span class='ocr_line' id='line_1_101' title="bbox 1526 98 1919 147; baseline -0.01 -4"><span class='ocrx_word' id='word_1_697' title='bbox 1526 98 1919 147; x_wconf 85' lang='lat' dir='ltr'>LITERAE‚</span> 
     </span>
    </p>
   </div>
   <div class='ocr_carea' id='block_1_25' title="bbox 1304 183 2521 847">
    <p class='ocr_par' dir='ltr' id='par_1_39' title="bbox 1304 183 2521 847">
     <span class='ocr_line' id='line_1_102' title="bbox 1304 183 2521 227; baseline 0 -7"><span class='ocrx_word' id='word_1_698' title='bbox 1304 189 1384 227; x_wconf 83' lang='lat' dir='ltr'>super</span> <span class='ocrx_word' id='word_1_699' title='bbox 1405 189 1478 227; x_wconf 89' lang='lat' dir='ltr'>ipsos</span> <span class='ocrx_word' id='word_1_700' title='bbox 1500 188 1667 227; x_wconf 78' lang='lat' dir='ltr'>integraliter</span> <span class='ocrx_word' id='word_1_701' title='bbox 1690 185 1870 225; x_wconf 82' lang='lat' dir='ltr'>readquisivit</span> <span class='ocrx_word' id='word_1_702' title='bbox 1884 207 1896 223; x_wconf 84' lang='lat'>‚</span> <span class='ocrx_word' id='word_1_703' title='bbox 1923 183 1957 216; x_wconf 87' lang='lat'>&amp;</span> <span class='ocrx_word' id='word_1_704' title='bbox 1967 183 2004 218; x_wconf 87' lang='lat' dir='ltr'>fic</span> <span class='ocrx_word' id='word_1_705' title='bbox 2017 184 2111 218; x_wconf 82' lang='lat' dir='ltr'>adhuc</span> <span class='ocrx_word' id='word_1_706' title='bbox 2124 186 2232 220; x_wconf 85' lang='lat' dir='ltr'>detinet</span> <span class='ocrx_word' id='word_1_707' title='bbox 2241 188 2271 218; x_wconf 91' lang='lat' dir='ltr'>in</span> <span class='ocrx_word' id='word_1_708' title='bbox 2285 196 2373 221; x_wconf 88' lang='lat' dir='ltr'>manu</span> <span class='ocrx_word' id='word_1_709' title='bbox 2389 187 2465 222; x_wconf 87' lang='lat' dir='ltr'>Ann.</span> <span class='ocrx_word' id='word_1_710' title='bbox 2479 188 2521 222; x_wconf 90' lang='lat' dir='ltr'>D.</span> 
     </span>
     <span class='ocr_line' id='line_1_103' title="bbox 1304 222 2495 268; baseline 0 -10"><span class='ocrx_word' id='word_1_711' title='bbox 1304 227 1419 265; x_wconf 59' lang='lat' dir='ltr'>nostra,</span> <span class='ocrx_word' id='word_1_712' title='bbox 1436 229 1470 265; x_wconf 64' lang='grc' dir='ltr'>ὃς</span> <span class='ocrx_word' id='word_1_713' title='bbox 1493 228 1570 258; x_wconf 89' lang='lat' dir='ltr'>circa</span> <span class='ocrx_word' id='word_1_714' title='bbox 1592 227 1650 258; x_wconf 90' lang='lat' dir='ltr'>hoc</span> <span class='ocrx_word' id='word_1_715' title='bbox 1671 225 1806 263; x_wconf 85' lang='lat' dir='ltr'>Sumptus</span> <span class='ocrx_word' id='word_1_716' title='bbox 1827 233 1889 259; x_wconf 85' lang='lat' dir='ltr'>non</span> <span class='ocrx_word' id='word_1_717' title='bbox 1902 222 2034 256; x_wconf 87' lang='lat' dir='ltr'>modicos</span> <span class='ocrx_word' id='word_1_718' title='bbox 2047 227 2191 265; x_wconf 85' lang='lat' dir='ltr'>apposuit,</span> <span class='ocrx_word' id='word_1_719' title='bbox 2209 226 2243 257; x_wconf 92' lang='lat'>&amp;</span> <span class='ocrx_word' id='word_1_720' title='bbox 2255 226 2369 260; x_wconf 89' lang='lat' dir='ltr'>diversis</span> <span class='ocrx_word' id='word_1_721' title='bbox 2409 228 2495 268; x_wconf 83' lang='lat'>1326.</span> 
     </span>
     <span class='ocr_line' id='line_1_104' title="bbox 1305 263 2504 304; baseline 0 -7"><span class='ocrx_word' id='word_1_722' title='bbox 1305 266 1432 304; x_wconf 85' lang='lat' dir='ltr'>exposuit</span> <span class='ocrx_word' id='word_1_723' title='bbox 1444 265 1574 304; x_wconf 86' lang='lat' dir='ltr'>periculis</span> <span class='ocrx_word' id='word_1_724' title='bbox 1591 265 1616 297; x_wconf 89' lang='lat' dir='ltr'>se</span> <span class='ocrx_word' id='word_1_725' title='bbox 1634 266 1668 296; x_wconf 87' lang='lat'>&amp;</span> <span class='ocrx_word' id='word_1_726' title='bbox 1684 263 1746 302; x_wconf 82' lang='lat' dir='ltr'>sua,</span> <span class='ocrx_word' id='word_1_727' title='bbox 2388 269 2458 299; x_wconf 75' lang='lat' dir='ltr'>Edv.</span> <span class='ocrx_word' id='word_1_728' title='bbox 2476 278 2504 297; x_wconf 82' lang='lat'>2.</span> 
     </span>
     <span class='ocr_line' id='line_1_105' title="bbox 1340 300 2373 341; baseline 0 -5"><span class='ocrx_word' id='word_1_729' title='bbox 1340 305 1387 336; x_wconf 90' lang='lat' dir='ltr'>Ac</span> <span class='ocrx_word' id='word_1_730' title='bbox 1402 304 1634 338; x_wconf 84' lang='lat' dir='ltr'>Constabularius</span> <span class='ocrx_word' id='word_1_731' title='bbox 1649 301 1820 341; x_wconf 77' lang='lat' dir='ltr'>Burdegaliae</span> <span class='ocrx_word' id='word_1_732' title='bbox 1836 300 2020 339; x_wconf 83' lang='lat' dir='ltr'>Compotum</span> <span class='ocrx_word' id='word_1_733' title='bbox 2038 302 2056 332; x_wconf 76' lang='lat' dir='ltr'>a</span> <span class='ocrx_word' id='word_1_734' title='bbox 2068 300 2187 340; x_wconf 84' lang='lat' dir='ltr'>praefato</span> <span class='ocrx_word' id='word_1_735' title='bbox 2193 301 2302 335; x_wconf 90' lang='lat' dir='ltr'>Pontio</span> <span class='ocrx_word' id='word_1_736' title='bbox 2335 304 2373 336; x_wconf 90' lang='lat' dir='ltr'>de</span> 
     </span>
     <span class='ocr_line' id='line_1_106' title="bbox 1305 327 2374 388; baseline -0.002 -15"><span class='ocrx_word' id='word_1_737' title='bbox 1305 344 1440 388; x_wconf 81' lang='lat' dir='ltr'>omnibus</span> <span class='ocrx_word' id='word_1_738' title='bbox 1463 343 1591 374; x_wconf 79' lang='lat' dir='ltr'>Exitibus</span> <span class='ocrx_word' id='word_1_739' title='bbox 1611 341 1788 374; x_wconf 86' lang='lat' dir='ltr'>Castellaniae</span> <span class='ocrx_word' id='word_1_740' title='bbox 1808 340 1954 379; x_wconf 60' lang='lat' dir='ltr'>praedictae</span> <span class='ocrx_word' id='word_1_741' title='bbox 1966 363 1977 378; x_wconf 88' lang='lat'>‚</span> <span class='ocrx_word' id='word_1_742' title='bbox 2002 339 2039 373; x_wconf 86' lang='lat' dir='ltr'>de</span> <span class='ocrx_word' id='word_1_743' title='bbox 2059 348 2190 378; x_wconf 87' lang='lat' dir='ltr'>tempore</span> <span class='ocrx_word' id='word_1_744' title='bbox 2208 327 2347 379; x_wconf 62' lang='lat' dir='ltr'>praedigto</span> <span class='ocrx_word' id='word_1_745' title='bbox 2361 366 2374 383; x_wconf 77' lang='lat'>,</span> 
     </span>
     <span class='ocr_line' id='line_1_107' title="bbox 1305 378 2147 420; baseline -0.005 -7"><span class='ocrx_word' id='word_1_746' title='bbox 1305 392 1349 413; x_wconf 82' lang='lat' dir='ltr'>exi</span> <span class='ocrx_word' id='word_1_747' title='bbox 1369 391 1414 420; x_wconf 78' lang='lat' dir='ltr'>at,</span> <span class='ocrx_word' id='word_1_748' title='bbox 1429 382 1463 413; x_wconf 89' lang='lat'>&amp;</span> <span class='ocrx_word' id='word_1_749' title='bbox 1477 382 1585 420; x_wconf 83' lang='lat' dir='ltr'>ipsum,</span> <span class='ocrx_word' id='word_1_750' title='bbox 1604 381 1637 412; x_wconf 74' lang='lat' dir='ltr'>ea</span> <span class='ocrx_word' id='word_1_751' title='bbox 1650 379 1817 417; x_wconf 81' lang='lat' dir='ltr'>occasione,</span> <span class='ocrx_word' id='word_1_752' title='bbox 1835 386 1933 417; x_wconf 85' lang='lat' dir='ltr'>gravet</span> <span class='ocrx_word' id='word_1_753' title='bbox 1948 379 1981 411; x_wconf 92' lang='lat'>&amp;</span> <span class='ocrx_word' id='word_1_754' title='bbox 1996 378 2147 417; x_wconf 80' lang='lat' dir='ltr'>molestet,</span> 
     </span>
     <span class='ocr_line' id='line_1_108' title="bbox 1352 415 2373 465; baseline 0 -14"><span class='ocrx_word' id='word_1_755' title='bbox 1352 460 1357 465; x_wconf 40' lang='grc'>·</span> <span class='ocrx_word' id='word_1_756' title='bbox 1374 421 1474 451; x_wconf 88' lang='lat' dir='ltr'>elimus</span> <span class='ocrx_word' id='word_1_757' title='bbox 1488 421 1579 459; x_wconf 89' lang='lat' dir='ltr'>ipsum</span> <span class='ocrx_word' id='word_1_758' title='bbox 1593 420 1733 452; x_wconf 88' lang='lat' dir='ltr'>Pontium</span> <span class='ocrx_word' id='word_1_759' title='bbox 1746 417 1783 448; x_wconf 89' lang='lat' dir='ltr'>de</span> <span class='ocrx_word' id='word_1_760' title='bbox 1797 416 1958 456; x_wconf 86' lang='lat' dir='ltr'>hujusmodi</span> <span class='ocrx_word' id='word_1_761' title='bbox 1981 415 2136 456; x_wconf 87' lang='lat' dir='ltr'>Compoto</span> <span class='ocrx_word' id='word_1_762' title='bbox 2153 418 2254 456; x_wconf 85' lang='lat' dir='ltr'>jubere</span> <span class='ocrx_word' id='word_1_763' title='bbox 2268 428 2373 451; x_wconf 83' lang='lat' dir='ltr'>exone-</span> 
     </span>
     <span class='ocr_line' id='line_1_109' title="bbox 1306 469 1375 490; baseline -0.014 0"><span class='ocrx_word' id='word_1_764' title='bbox 1306 469 1375 490; x_wconf 88' lang='lat' dir='ltr'>rari:</span> 
     </span>
     <span class='ocr_line' id='line_1_110' title="bbox 1321 493 2373 542; baseline 0 -14"><span class='ocrx_word' id='word_1_765' title='bbox 1321 537 1326 542; x_wconf 32' lang='grc' dir='ltr'>ι</span> <span class='ocrx_word' id='word_1_766' title='bbox 1343 498 1431 537; x_wconf 85' lang='lat' dir='ltr'>Nos,</span> <span class='ocrx_word' id='word_1_767' title='bbox 1448 497 1576 529; x_wconf 88' lang='lat' dir='ltr'>volentes</span> <span class='ocrx_word' id='word_1_768' title='bbox 1590 496 1670 535; x_wconf 89' lang='lat' dir='ltr'>super</span> <span class='ocrx_word' id='word_1_769' title='bbox 1684 497 1800 528; x_wconf 88' lang='lat' dir='ltr'>veritate</span> <span class='ocrx_word' id='word_1_770' title='bbox 1820 493 2032 534; x_wconf 80' lang='lat' dir='ltr'>praemifforum</span> <span class='ocrx_word' id='word_1_771' title='bbox 2054 504 2105 534; x_wconf 86' lang='lat' dir='ltr'>per</span> <span class='ocrx_word' id='word_1_772' title='bbox 2119 505 2172 526; x_wconf 86' lang='lat' dir='ltr'>vos</span> <span class='ocrx_word' id='word_1_773' title='bbox 2189 496 2298 533; x_wconf 86' lang='lat' dir='ltr'>plenius</span> <span class='ocrx_word' id='word_1_774' title='bbox 2311 507 2373 528; x_wconf 91' lang='lat' dir='ltr'>cer-</span> 
     </span>
     <span class='ocr_line' id='line_1_111' title="bbox 1307 532 2374 576; baseline -0.001 -9"><span class='ocrx_word' id='word_1_775' title='bbox 1307 538 1400 567; x_wconf 82' lang='lat' dir='ltr'>tiorari</span> <span class='ocrx_word' id='word_1_776' title='bbox 1409 558 1419 576; x_wconf 84' lang='grc'>,</span> <span class='ocrx_word' id='word_1_777' title='bbox 1437 538 1520 568; x_wconf 91' lang='lat' dir='ltr'>vobis</span> <span class='ocrx_word' id='word_1_778' title='bbox 1534 536 1699 567; x_wconf 84' lang='lat' dir='ltr'>mandamus</span> <span class='ocrx_word' id='word_1_779' title='bbox 1714 535 1813 574; x_wconf 78' lang='lat' dir='ltr'>quod,</span> <span class='ocrx_word' id='word_1_780' title='bbox 1830 534 1927 570; x_wconf 83' lang='lat' dir='ltr'>habito</span> <span class='ocrx_word' id='word_1_781' title='bbox 1941 543 2011 566; x_wconf 87' lang='lat' dir='ltr'>cum</span> <span class='ocrx_word' id='word_1_782' title='bbox 2024 532 2094 573; x_wconf 82' lang='lat' dir='ltr'>illis,</span> <span class='ocrx_word' id='word_1_783' title='bbox 2109 533 2145 565; x_wconf 90' lang='lat' dir='ltr'>de</span> <span class='ocrx_word' id='word_1_784' title='bbox 2160 533 2299 567; x_wconf 86' lang='lat' dir='ltr'>Concilio</span> <span class='ocrx_word' id='word_1_785' title='bbox 2319 546 2374 567; x_wconf 90' lang='lat' dir='ltr'>no-</span> 
     </span>
     <span class='ocr_line' id='line_1_112' title="bbox 1307 571 2373 614; baseline -0.001 -8"><span class='ocrx_word' id='word_1_786' title='bbox 1307 575 1384 614; x_wconf 82' lang='lat' dir='ltr'>stro,</span> <span class='ocrx_word' id='word_1_787' title='bbox 1399 577 1519 613; x_wconf 88' lang='lat' dir='ltr'>partium</span> <span class='ocrx_word' id='word_1_788' title='bbox 1532 575 1660 612; x_wconf 85' lang='lat' dir='ltr'>illarum,</span> <span class='ocrx_word' id='word_1_789' title='bbox 1677 574 1756 613; x_wconf 88' lang='lat' dir='ltr'>super</span> <span class='ocrx_word' id='word_1_790' title='bbox 1779 571 1926 611; x_wconf 82' lang='lat' dir='ltr'>praemiffis</span> <span class='ocrx_word' id='word_1_791' title='bbox 1946 572 2080 603; x_wconf 87' lang='lat' dir='ltr'>omnibus</span> <span class='ocrx_word' id='word_1_792' title='bbox 2096 573 2130 604; x_wconf 85' lang='lat'>&amp;</span> <span class='ocrx_word' id='word_1_793' title='bbox 2146 572 2257 613; x_wconf 80' lang='lat' dir='ltr'>singulis</span> <span class='ocrx_word' id='word_1_794' title='bbox 2287 575 2373 605; x_wconf 78' lang='lat' dir='ltr'>avisa-</span> 
     </span>
     <span class='ocr_line' id='line_1_113' title="bbox 1308 597 2373 658; baseline -0.001 -14"><span class='ocrx_word' id='word_1_795' title='bbox 1308 622 1409 658; x_wconf 82' lang='lat' dir='ltr'>mento</span> <span class='ocrx_word' id='word_1_796' title='bbox 1421 615 1455 646; x_wconf 90' lang='lat'>&amp;</span> <span class='ocrx_word' id='word_1_797' title='bbox 1468 614 1685 652; x_wconf 85' lang='lat' dir='ltr'>informatione,</span> <span class='ocrx_word' id='word_1_798' title='bbox 1704 613 1798 644; x_wconf 90' lang='lat' dir='ltr'>modis</span> <span class='ocrx_word' id='word_1_799' title='bbox 1811 614 1845 644; x_wconf 92' lang='lat'>&amp;</span> <span class='ocrx_word' id='word_1_800' title='bbox 1859 612 1926 650; x_wconf 74' lang='lat' dir='ltr'>viiS,</span> <span class='ocrx_word' id='word_1_801' title='bbox 1946 612 2047 650; x_wconf 90' lang='lat' dir='ltr'>quibus</span> <span class='ocrx_word' id='word_1_802' title='bbox 2063 612 2163 643; x_wconf 75' lang='lat' dir='ltr'>melius</span> <span class='ocrx_word' id='word_1_803' title='bbox 2184 597 2315 651; x_wconf 85' lang='lat' dir='ltr'>expedire</span> <span class='ocrx_word' id='word_1_804' title='bbox 2330 613 2373 644; x_wconf 91' lang='lat' dir='ltr'>vi-</span> 
     </span>
     <span class='ocr_line' id='line_1_114' title="bbox 1307 649 2374 696; baseline -0.001 -12"><span class='ocrx_word' id='word_1_805' title='bbox 1307 652 1419 692; x_wconf 84' lang='lat' dir='ltr'>dentis,</span> <span class='ocrx_word' id='word_1_806' title='bbox 1455 652 1571 696; x_wconf 79' lang='lat' dir='ltr'>leniori,</span> <span class='ocrx_word' id='word_1_807' title='bbox 1593 651 1663 685; x_wconf 92' lang='lat' dir='ltr'>Nos</span> <span class='ocrx_word' id='word_1_808' title='bbox 1684 652 1751 684; x_wconf 77' lang='lat' dir='ltr'>inde</span> <span class='ocrx_word' id='word_1_809' title='bbox 1765 675 1776 691; x_wconf 81' lang='lat'>,</span> <span class='ocrx_word' id='word_1_810' title='bbox 1801 651 1852 685; x_wconf 90' lang='lat' dir='ltr'>sub</span> <span class='ocrx_word' id='word_1_811' title='bbox 1876 650 1974 689; x_wconf 88' lang='lat' dir='ltr'>Sigillo</span> <span class='ocrx_word' id='word_1_812' title='bbox 1995 650 2065 683; x_wconf 72' lang='lat' dir='ltr'>dieti</span> <span class='ocrx_word' id='word_1_813' title='bbox 2080 649 2211 683; x_wconf 73' lang='lat' dir='ltr'>Ducattis</span> <span class='ocrx_word' id='word_1_814' title='bbox 2224 674 2236 690; x_wconf 80' lang='lat'>‚</span> <span class='ocrx_word' id='word_1_815' title='bbox 2254 650 2374 683; x_wconf 85' lang='lat' dir='ltr'>reddatis</span> 
     </span>
     <span class='ocr_line' id='line_1_115' title="bbox 1308 688 2373 736; baseline -0.002 -14"><span class='ocrx_word' id='word_1_816' title='bbox 1308 701 1378 736; x_wconf 80' lang='lat' dir='ltr'>cum</span> <span class='ocrx_word' id='word_1_817' title='bbox 1398 701 1432 725; x_wconf 86' lang='lat' dir='ltr'>ce</span> <span class='ocrx_word' id='word_1_818' title='bbox 1443 698 1539 722; x_wconf 82' lang='lat' dir='ltr'>eritate</span> <span class='ocrx_word' id='word_1_819' title='bbox 1554 715 1565 730; x_wconf 84' lang='lat'>‚</span> <span class='ocrx_word' id='word_1_820' title='bbox 1591 690 1649 729; x_wconf 68' lang='lat' dir='ltr'>qua</span> <span class='ocrx_word' id='word_1_821' title='bbox 1669 692 1796 729; x_wconf 86' lang='lat' dir='ltr'>poteritis</span> <span class='ocrx_word' id='word_1_822' title='bbox 1809 715 1820 729; x_wconf 85' lang='lat'>,</span> <span class='ocrx_word' id='word_1_823' title='bbox 1847 691 1997 728; x_wconf 82' lang='lat' dir='ltr'>certiores,</span> <span class='ocrx_word' id='word_1_824' title='bbox 2015 697 2047 720; x_wconf 92' lang='lat' dir='ltr'>ut</span> <span class='ocrx_word' id='word_1_825' title='bbox 2060 688 2173 720; x_wconf 87' lang='lat' dir='ltr'>ulterius</span> <span class='ocrx_word' id='word_1_826' title='bbox 2186 691 2217 721; x_wconf 88' lang='lat' dir='ltr'>in</span> <span class='ocrx_word' id='word_1_827' title='bbox 2231 690 2285 721; x_wconf 82' lang='lat' dir='ltr'>hac</span> <span class='ocrx_word' id='word_1_828' title='bbox 2295 697 2373 730; x_wconf 84' lang='lat' dir='ltr'>parte</span> 
     </span>
     <span class='ocr_line' id='line_1_116' title="bbox 1307 727 2372 798; baseline 0 -38"><span class='ocrx_word' id='word_1_829' title='bbox 1307 729 1366 798; x_wconf 60' lang='lat' dir='ltr'>geri</span> <span class='ocrx_word' id='word_1_830' title='bbox 1390 731 1523 761; x_wconf 85' lang='lat' dir='ltr'>faciamus</span> <span class='ocrx_word' id='word_1_831' title='bbox 1536 752 1548 768; x_wconf 85' lang='lat'>,</span> <span class='ocrx_word' id='word_1_832' title='bbox 1570 728 1649 768; x_wconf 88' lang='lat' dir='ltr'>quod</span> <span class='ocrx_word' id='word_1_833' title='bbox 1666 729 1742 769; x_wconf 76' lang='lat' dir='ltr'>juste</span> <span class='ocrx_word' id='word_1_834' title='bbox 1761 730 1796 761; x_wconf 92' lang='lat'>&amp;</span> <span class='ocrx_word' id='word_1_835' title='bbox 1810 729 2009 761; x_wconf 87' lang='lat' dir='ltr'>rationabiliter</span> <span class='ocrx_word' id='word_1_836' title='bbox 2021 727 2087 759; x_wconf 88' lang='lat' dir='ltr'>fore</span> <span class='ocrx_word' id='word_1_837' title='bbox 2100 727 2254 760; x_wconf 85' lang='lat' dir='ltr'>viderimus</span> <span class='ocrx_word' id='word_1_838' title='bbox 2267 728 2372 761; x_wconf 84' lang='lat' dir='ltr'>facien-</span> 
     </span>
     <span class='ocr_line' id='line_1_117' title="bbox 1329 777 1387 799; baseline -0.034 0"><span class='ocrx_word' id='word_1_839' title='bbox 1329 777 1387 799; x_wconf 90' lang='lat' dir='ltr'>urn.</span> 
     </span>
     <span class='ocr_line' id='line_1_118' title="bbox 1344 804 2176 847; baseline -0.001 -10"><span class='ocrx_word' id='word_1_840' title='bbox 1344 806 1413 837; x_wconf 90' lang='lat' dir='ltr'>Dat.</span> <span class='ocrx_word' id='word_1_841' title='bbox 1432 805 1507 847; x_wconf 86' lang='lat' dir='ltr'>apud</span> <span class='ocrx_word' id='word_1_842' title='bbox 1521 805 1703 839; x_wconf 89' lang='lat' dir='ltr'>Kenilworth</span> <span class='ocrx_word' id='word_1_843' title='bbox 1712 830 1723 845; x_wconf 88' lang='lat'>‚</span> <span class='ocrx_word' id='word_1_844' title='bbox 1741 806 1881 838; x_wconf 79' lang='lat' dir='ltr'>vicesimo</span> <span class='ocrx_word' id='word_1_845' title='bbox 1896 814 1997 847; x_wconf 83' lang='lat' dir='ltr'>quarto</span> <span class='ocrx_word' id='word_1_846' title='bbox 2009 805 2055 836; x_wconf 86' lang='lat' dir='ltr'>die</span> <span class='ocrx_word' id='word_1_847' title='bbox 2068 804 2176 837; x_wconf 83' lang='lat' dir='ltr'>Martii.</span> 
     </span>
    </p>
   </div>
   <div class='ocr_carea' id='block_1_26' title="bbox 1418 929 2263 980">
    <p class='ocr_par' dir='ltr' id='par_1_40' title="bbox 1418 929 2263 980">
     <span class='ocr_line' id='line_1_119' title="bbox 1418 929 2263 980; baseline 0.001 -14"><span class='ocrx_word' id='word_1_848' title='bbox 1418 935 1515 980; x_wconf 83' lang='lat' dir='ltr'>Super</span> <span class='ocrx_word' id='word_1_849' title='bbox 1530 929 1628 978; x_wconf 71' lang='lat' dir='ltr'>abusio</span> <span class='ocrx_word' id='word_1_850' title='bbox 1642 935 1673 965; x_wconf 75' lang='lat' dir='ltr'>in</span> <span class='ocrx_word' id='word_1_851' title='bbox 1688 929 1853 974; x_wconf 74' lang='lat' dir='ltr'>concffone</span> <span class='ocrx_word' id='word_1_852' title='bbox 1871 929 2076 967; x_wconf 57' lang='lat' dir='ltr'>ananelum</span> <span class='ocrx_word' id='word_1_853' title='bbox 2085 943 2141 979; x_wconf 84' lang='lat' dir='ltr'>pro</span> <span class='ocrx_word' id='word_1_854' title='bbox 2156 933 2263 967; x_wconf 72' lang='lat' dir='ltr'>Scotis.</span> 
     </span>
    </p>
   </div>
   <div class='ocr_carea' id='block_1_27' title="bbox 1298 1013 2520 1677">
    <p class='ocr_par' dir='ltr' id='par_1_41' title="bbox 1305 1013 2520 1134">
     <span class='ocr_line' id='line_1_120' title="bbox 1308 1013 2520 1076; baseline -0.002 -26"><span class='ocrx_word' id='word_1_855' title='bbox 1308 1021 1365 1076; x_wconf 79' lang='lat' dir='ltr'>R</span> <span class='ocrx_word' id='word_1_856' title='bbox 1376 1016 1460 1057; x_wconf 79' lang='lat' dir='ltr'>EX,</span> <span class='ocrx_word' id='word_1_857' title='bbox 1479 1017 1589 1048; x_wconf 64' lang='lat' dir='ltr'>dilectis</span> <span class='ocrx_word' id='word_1_858' title='bbox 1603 1017 1638 1048; x_wconf 70' lang='grc' dir='ltr'>δε</span> <span class='ocrx_word' id='word_1_859' title='bbox 1652 1015 1779 1061; x_wconf 74' lang='lat' dir='ltr'>fidelibus</span> <span class='ocrx_word' id='word_1_860' title='bbox 1800 1015 1853 1047; x_wconf 87' lang='lat' dir='ltr'>suis</span> <span class='ocrx_word' id='word_1_861' title='bbox 1869 1038 1880 1055; x_wconf 94' lang='lat'>,</span> <span class='ocrx_word' id='word_1_862' title='bbox 1896 1014 2028 1047; x_wconf 87' lang='lat' dir='ltr'>Henrico</span> <span class='ocrx_word' id='word_1_863' title='bbox 2047 1015 2085 1048; x_wconf 90' lang='lat' dir='ltr'>de</span> <span class='ocrx_word' id='word_1_864' title='bbox 2104 1016 2190 1048; x_wconf 90' lang='lat' dir='ltr'>Perci</span> <span class='ocrx_word' id='word_1_865' title='bbox 2205 1041 2216 1056; x_wconf 82' lang='lat'>,</span> <span class='ocrx_word' id='word_1_866' title='bbox 2243 1017 2278 1048; x_wconf 91' lang='lat'>&amp;</span> <span class='ocrx_word' id='word_1_867' title='bbox 2291 1017 2373 1048; x_wconf 80' lang='lat' dir='ltr'>sociis</span> <span class='ocrx_word' id='word_1_868' title='bbox 2389 1013 2464 1045; x_wconf 88' lang='lat' dir='ltr'>Ann.</span> <span class='ocrx_word' id='word_1_869' title='bbox 2478 1014 2520 1047; x_wconf 91' lang='lat' dir='ltr'>D.</span> 
     </span>
     <span class='ocr_line' id='line_1_121' title="bbox 1308 1054 2497 1101; baseline -0.002 -13"><span class='ocrx_word' id='word_1_870' title='bbox 1308 1095 1313 1101; x_wconf 33' lang='lat'>⁸</span> <span class='ocrx_word' id='word_1_871' title='bbox 1387 1058 1439 1088; x_wconf 88' lang='lat' dir='ltr'>suis</span> <span class='ocrx_word' id='word_1_872' title='bbox 1454 1079 1463 1095; x_wconf 87' lang='lat'>,</span> <span class='ocrx_word' id='word_1_873' title='bbox 1489 1056 1525 1086; x_wconf 89' lang='lat' dir='ltr'>ad</span> <span class='ocrx_word' id='word_1_874' title='bbox 1546 1056 1675 1095; x_wconf 83' lang='lat' dir='ltr'>Treugas</span> <span class='ocrx_word' id='word_1_875' title='bbox 1688 1077 1699 1093; x_wconf 90' lang='lat'>,</span> <span class='ocrx_word' id='word_1_876' title='bbox 1723 1063 1796 1085; x_wconf 86' lang='lat' dir='ltr'>mter</span> <span class='ocrx_word' id='word_1_877' title='bbox 1812 1054 1882 1085; x_wconf 75' lang='lat' dir='ltr'>Nos</span> <span class='ocrx_word' id='word_1_878' title='bbox 1903 1056 1938 1086; x_wconf 90' lang='lat'>&amp;</span> <span class='ocrx_word' id='word_1_879' title='bbox 1951 1054 2095 1086; x_wconf 72' lang='lat' dir='ltr'>Homines</span> <span class='ocrx_word' id='word_1_880' title='bbox 2114 1056 2150 1086; x_wconf 91' lang='lat' dir='ltr'>de</span> <span class='ocrx_word' id='word_1_881' title='bbox 2165 1055 2264 1088; x_wconf 68' lang='lat' dir='ltr'>Scotia</span> <span class='ocrx_word' id='word_1_882' title='bbox 2276 1057 2371 1094; x_wconf 82' lang='lat' dir='ltr'>initas,</span> <span class='ocrx_word' id='word_1_883' title='bbox 2410 1055 2497 1093; x_wconf 85' lang='lat'>1326.</span> 
     </span>
     <span class='ocr_line' id='line_1_122' title="bbox 1305 1091 2503 1134; baseline -0.003 -10"><span class='ocrx_word' id='word_1_884' title='bbox 1305 1105 1335 1125; x_wconf 89' lang='lat' dir='ltr'>in</span> <span class='ocrx_word' id='word_1_885' title='bbox 1351 1096 1474 1134; x_wconf 78' lang='lat' dir='ltr'>partibus</span> <span class='ocrx_word' id='word_1_886' title='bbox 1488 1095 1730 1132; x_wconf 82' lang='lat' dir='ltr'>Northumbriae‚</span> <span class='ocrx_word' id='word_1_887' title='bbox 1745 1091 1964 1125; x_wconf 86' lang='lat' dir='ltr'>custodiendum</span> <span class='ocrx_word' id='word_1_888' title='bbox 1979 1092 2132 1133; x_wconf 81' lang='lat' dir='ltr'>assignatis,</span> <span class='ocrx_word' id='word_1_889' title='bbox 2150 1094 2283 1126; x_wconf 85' lang='lat' dir='ltr'>Salutem.</span> <span class='ocrx_word' id='word_1_890' title='bbox 2387 1100 2439 1122; x_wconf 79' lang='lat' dir='ltr'>Aa.</span> <span class='ocrx_word' id='word_1_891' title='bbox 2459 1104 2503 1128; x_wconf 85' lang='lat'>19.</span> 
     </span>
    </p>

    <p class='ocr_par' dir='ltr' id='par_1_42' title="bbox 1303 1130 2520 1327">
     <span class='ocr_line' id='line_1_123' title="bbox 1345 1130 2463 1174; baseline -0.004 -9"><span class='ocrx_word' id='word_1_892' title='bbox 1345 1136 1423 1174; x_wconf 84' lang='lat' dir='ltr'>Qiia</span> <span class='ocrx_word' id='word_1_893' title='bbox 1436 1134 1534 1164; x_wconf 88' lang='lat' dir='ltr'>datum</span> <span class='ocrx_word' id='word_1_894' title='bbox 1549 1133 1591 1164; x_wconf 89' lang='lat' dir='ltr'>est</span> <span class='ocrx_word' id='word_1_895' title='bbox 1603 1134 1688 1164; x_wconf 86' lang='lat' dir='ltr'>nobis</span> <span class='ocrx_word' id='word_1_896' title='bbox 1703 1131 1819 1171; x_wconf 83' lang='lat' dir='ltr'>intelligi</span> <span class='ocrx_word' id='word_1_897' title='bbox 1835 1130 1916 1169; x_wconf 76' lang='lat' dir='ltr'>quod</span> <span class='ocrx_word' id='word_1_898' title='bbox 1931 1141 1984 1162; x_wconf 89' lang='lat' dir='ltr'>vos</span> <span class='ocrx_word' id='word_1_899' title='bbox 1996 1131 2106 1170; x_wconf 75' lang='lat' dir='ltr'>Sectis,</span> <span class='ocrx_word' id='word_1_900' title='bbox 2123 1134 2157 1166; x_wconf 89' lang='lat'>&amp;</span> <span class='ocrx_word' id='word_1_901' title='bbox 2172 1134 2248 1173; x_wconf 87' lang='lat' dir='ltr'>aliis,</span> <span class='ocrx_word' id='word_1_902' title='bbox 2268 1140 2368 1165; x_wconf 87' lang='lat' dir='ltr'>contra</span> <span class='ocrx_word' id='word_1_903' title='bbox 2386 1137 2415 1160; x_wconf 78' lang='grc' dir='ltr'>Ε.</span> <span class='ocrx_word' id='word_1_904' title='bbox 2437 1143 2463 1160; x_wconf 82' lang='lat'>2.</span> 
     </span>
     <span class='ocr_line' id='line_1_124' title="bbox 1306 1169 2520 1211; baseline -0.003 -8"><span class='ocrx_word' id='word_1_905' title='bbox 1306 1172 1374 1204; x_wconf 91' lang='lat' dir='ltr'>Nos</span> <span class='ocrx_word' id='word_1_906' title='bbox 1389 1172 1612 1211; x_wconf 72' lang='lat' dir='ltr'>adhaerentibus,</span> <span class='ocrx_word' id='word_1_907' title='bbox 1630 1172 1665 1202; x_wconf 86' lang='lat' dir='ltr'>ad</span> <span class='ocrx_word' id='word_1_908' title='bbox 1678 1170 1897 1209; x_wconf 82' lang='lat' dir='ltr'>ingrediendum</span> <span class='ocrx_word' id='word_1_909' title='bbox 1912 1169 2051 1208; x_wconf 88' lang='lat' dir='ltr'>Regnum</span> <span class='ocrx_word' id='word_1_910' title='bbox 2073 1170 2205 1202; x_wconf 85' lang='lat' dir='ltr'>nostrum</span> <span class='ocrx_word' id='word_1_911' title='bbox 2215 1196 2226 1211; x_wconf 81' lang='lat'>,</span> <span class='ocrx_word' id='word_1_912' title='bbox 2241 1172 2369 1211; x_wconf 86' lang='lat' dir='ltr'>quando·</span> <span class='ocrx_word' id='word_1_913' title='bbox 2385 1171 2520 1208; x_wconf 74' lang='lat' dir='ltr'>Claufiiy.</span> 
     </span>
     <span class='ocr_line' id='line_1_125' title="bbox 1305 1208 2520 1250; baseline -0.004 -8"><span class='ocrx_word' id='word_1_914' title='bbox 1305 1222 1431 1250; x_wconf 88' lang='lat' dir='ltr'>cumque</span> <span class='ocrx_word' id='word_1_915' title='bbox 1451 1212 1612 1248; x_wconf 86' lang='lat' dir='ltr'>voluerint,</span> <span class='ocrx_word' id='word_1_916' title='bbox 1631 1210 1750 1241; x_wconf 83' lang='lat' dir='ltr'>Litteras</span> <span class='ocrx_word' id='word_1_917' title='bbox 1772 1209 1810 1240; x_wconf 90' lang='lat' dir='ltr'>de</span> <span class='ocrx_word' id='word_1_918' title='bbox 1829 1208 1987 1241; x_wconf 75' lang='lat' dir='ltr'>Conduetu</span> <span class='ocrx_word' id='word_1_919' title='bbox 2007 1208 2204 1248; x_wconf 71' lang='lat' dir='ltr'>concessistis,</span> <span class='ocrx_word' id='word_1_920' title='bbox 2231 1211 2265 1242; x_wconf 78' lang='grc' dir='ltr'>δε</span> <span class='ocrx_word' id='word_1_921' title='bbox 2280 1210 2368 1243; x_wconf 65' lang='lat' dir='ltr'>indies</span> <span class='ocrx_word' id='word_1_922' title='bbox 2385 1214 2415 1238; x_wconf 81' lang='grc' dir='ltr'>Ε.</span> <span class='ocrx_word' id='word_1_923' title='bbox 2434 1220 2459 1238; x_wconf 87' lang='lat'>2.</span> <span class='ocrx_word' id='word_1_924' title='bbox 2481 1219 2520 1238; x_wconf 88' lang='lat' dir='ltr'>m.</span> 
     </span>
     <span class='ocr_line' id='line_1_126' title="bbox 1305 1247 2433 1289; baseline 0.001 -9"><span class='ocrx_word' id='word_1_925' title='bbox 1305 1251 1477 1289; x_wconf 73' lang='lat' dir='ltr'>concediti83</span> <span class='ocrx_word' id='word_1_926' title='bbox 1497 1249 1575 1282; x_wconf 77' lang='lat' dir='ltr'>unde</span> <span class='ocrx_word' id='word_1_927' title='bbox 1588 1249 1724 1288; x_wconf 88' lang='lat' dir='ltr'>Dampna</span> <span class='ocrx_word' id='word_1_928' title='bbox 1738 1248 1944 1288; x_wconf 87' lang='lat' dir='ltr'>quamplurima</span> <span class='ocrx_word' id='word_1_929' title='bbox 1955 1248 1989 1279; x_wconf 76' lang='grc' dir='ltr'>δε</span> <span class='ocrx_word' id='word_1_930' title='bbox 2002 1247 2128 1287; x_wconf 86' lang='lat' dir='ltr'>pericula</span> <span class='ocrx_word' id='word_1_931' title='bbox 2143 1249 2229 1280; x_wconf 76' lang='lat' dir='ltr'>nobis</span> <span class='ocrx_word' id='word_1_932' title='bbox 2240 1250 2274 1281; x_wconf 89' lang='lat'>&amp;</span> <span class='ocrx_word' id='word_1_933' title='bbox 2290 1250 2370 1288; x_wconf 84' lang='lat' dir='ltr'>Reg·</span> <span class='ocrx_word' id='word_1_934' title='bbox 2391 1259 2401 1276; x_wconf 83' lang='grc' dir='ltr'>ι</span> <span class='ocrx_word' id='word_1_935' title='bbox 2410 1258 2433 1276; x_wconf 85' lang='lat'>¹·</span> 
     </span>
     <span class='ocr_line' id='line_1_127' title="bbox 1303 1288 1767 1327; baseline -0.006 -7"><span class='ocrx_word' id='word_1_936' title='bbox 1303 1299 1344 1319; x_wconf 90' lang='lat' dir='ltr'>no</span> <span class='ocrx_word' id='word_1_937' title='bbox 1358 1289 1458 1320; x_wconf 89' lang='lat' dir='ltr'>nostro</span> <span class='ocrx_word' id='word_1_938' title='bbox 1471 1297 1625 1327; x_wconf 86' lang='lat' dir='ltr'>potuerunt</span> <span class='ocrx_word' id='word_1_939' title='bbox 1639 1288 1767 1320; x_wconf 86' lang='lat' dir='ltr'>evenire:</span> 
     </span>
    </p>

    <p class='ocr_par' dir='ltr' id='par_1_43' title="bbox 1298 1325 2369 1521">
     <span class='ocr_line' id='line_1_128' title="bbox 1341 1325 2368 1367; baseline 0 -9"><span class='ocrx_word' id='word_1_940' title='bbox 1341 1327 1426 1367; x_wconf 81' lang='lat' dir='ltr'>Nos,</span> <span class='ocrx_word' id='word_1_941' title='bbox 1444 1327 1604 1367; x_wconf 91' lang='lat' dir='ltr'>hujusmodi</span> <span class='ocrx_word' id='word_1_942' title='bbox 1622 1326 1750 1366; x_wconf 89' lang='lat' dir='ltr'>periculis</span> <span class='ocrx_word' id='word_1_943' title='bbox 1763 1326 1881 1357; x_wconf 84' lang='lat' dir='ltr'>obviare</span> <span class='ocrx_word' id='word_1_944' title='bbox 1899 1325 2028 1357; x_wconf 89' lang='lat' dir='ltr'>volentes</span> <span class='ocrx_word' id='word_1_945' title='bbox 2043 1349 2053 1364; x_wconf 85' lang='lat'>,</span> <span class='ocrx_word' id='word_1_946' title='bbox 2077 1325 2178 1363; x_wconf 72' lang='lat' dir='ltr'>vobis,</span> <span class='ocrx_word' id='word_1_947' title='bbox 2195 1325 2312 1358; x_wconf 76' lang='lat' dir='ltr'>firmiter</span> <span class='ocrx_word' id='word_1_948' title='bbox 2324 1328 2368 1358; x_wconf 87' lang='lat' dir='ltr'>in-</span> 
     </span>
     <span class='ocr_line' id='line_1_129' title="bbox 1298 1364 2369 1406; baseline 0 -10"><span class='ocrx_word' id='word_1_949' title='bbox 1298 1367 1462 1406; x_wconf 83' lang='lat' dir='ltr'>jungendo,</span> <span class='ocrx_word' id='word_1_950' title='bbox 1481 1366 1647 1396; x_wconf 87' lang='lat' dir='ltr'>mandamus</span> <span class='ocrx_word' id='word_1_951' title='bbox 1667 1365 1748 1404; x_wconf 82' lang='lat' dir='ltr'>quod</span> <span class='ocrx_word' id='word_1_952' title='bbox 1767 1365 1906 1404; x_wconf 85' lang='lat' dir='ltr'>aliquibus</span> <span class='ocrx_word' id='word_1_953' title='bbox 1926 1364 2043 1403; x_wconf 83' lang='lat' dir='ltr'>Scotis,</span> <span class='ocrx_word' id='word_1_954' title='bbox 2066 1364 2112 1395; x_wconf 87' lang='lat' dir='ltr'>seu</span> <span class='ocrx_word' id='word_1_955' title='bbox 2132 1365 2171 1394; x_wconf 84' lang='lat' dir='ltr'>eis</span> <span class='ocrx_word' id='word_1_956' title='bbox 2185 1373 2285 1396; x_wconf 80' lang='lat' dir='ltr'>contra</span> <span class='ocrx_word' id='word_1_957' title='bbox 2297 1365 2369 1397; x_wconf 82' lang='lat' dir='ltr'>Nos</span> 
     </span>
     <span class='ocr_line' id='line_1_130' title="bbox 1302 1402 2369 1446; baseline -0.002 -10"><span class='ocrx_word' id='word_1_958' title='bbox 1302 1405 1509 1437; x_wconf 73' lang='lat' dir='ltr'>adhaerentibus</span> <span class='ocrx_word' id='word_1_959' title='bbox 1523 1428 1533 1444; x_wconf 84' lang='lat'>,</span> <span class='ocrx_word' id='word_1_960' title='bbox 1556 1405 1591 1436; x_wconf 81' lang='lat' dir='ltr'>ad</span> <span class='ocrx_word' id='word_1_961' title='bbox 1612 1403 1828 1442; x_wconf 84' lang='lat' dir='ltr'>ingrediendum</span> <span class='ocrx_word' id='word_1_962' title='bbox 1842 1403 1981 1440; x_wconf 85' lang='lat' dir='ltr'>Regnum</span> <span class='ocrx_word' id='word_1_963' title='bbox 1993 1402 2123 1433; x_wconf 76' lang='lat' dir='ltr'>nostium</span> <span class='ocrx_word' id='word_1_964' title='bbox 2133 1426 2142 1440; x_wconf 85' lang='lat'>‚</span> <span class='ocrx_word' id='word_1_965' title='bbox 2162 1402 2254 1433; x_wconf 83' lang='lat' dir='ltr'>literas</span> <span class='ocrx_word' id='word_1_966' title='bbox 2265 1403 2369 1446; x_wconf 72' lang='lat' dir='ltr'>aliquas</span> 
     </span>
     <span class='ocr_line' id='line_1_131' title="bbox 1303 1441 2368 1482; baseline -0.002 -7"><span class='ocrx_word' id='word_1_967' title='bbox 1303 1444 1340 1475; x_wconf 92' lang='lat' dir='ltr'>de</span> <span class='ocrx_word' id='word_1_968' title='bbox 1353 1444 1528 1482; x_wconf 65' lang='lat' dir='ltr'>eonducta,</span> <span class='ocrx_word' id='word_1_969' title='bbox 1548 1443 1597 1474; x_wconf 87' lang='lat' dir='ltr'>nisi</span> <span class='ocrx_word' id='word_1_970' title='bbox 1611 1443 1754 1474; x_wconf 84' lang='lat' dir='ltr'>dumtaxat</span> <span class='ocrx_word' id='word_1_971' title='bbox 1774 1441 1929 1473; x_wconf 89' lang='lat' dir='ltr'>secundum</span> <span class='ocrx_word' id='word_1_972' title='bbox 1951 1441 2076 1473; x_wconf 82' lang='lat' dir='ltr'>formam</span> <span class='ocrx_word' id='word_1_973' title='bbox 2090 1441 2277 1479; x_wconf 84' lang='lat' dir='ltr'>Treugarum</span> <span class='ocrx_word' id='word_1_974' title='bbox 2293 1451 2368 1480; x_wconf 78' lang='lat' dir='ltr'>prae-</span> 
     </span>
     <span class='ocr_line' id='line_1_132' title="bbox 1302 1481 1823 1521; baseline -0.006 -8"><span class='ocrx_word' id='word_1_975' title='bbox 1302 1483 1443 1514; x_wconf 56' lang='lat' dir='ltr'>didfflrum</span> <span class='ocrx_word' id='word_1_976' title='bbox 1455 1506 1465 1521; x_wconf 82' lang='lat'>‚</span> <span class='ocrx_word' id='word_1_977' title='bbox 1483 1482 1638 1513; x_wconf 89' lang='lat' dir='ltr'>nullatenus</span> <span class='ocrx_word' id='word_1_978' title='bbox 1652 1481 1823 1512; x_wconf 77' lang='lat' dir='ltr'>concedatis,</span> 
     </span>
    </p>

    <p class='ocr_par' dir='ltr' id='par_1_44' title="bbox 1301 1517 2368 1637">
     <span class='ocr_line' id='line_1_133' title="bbox 1339 1517 2366 1560; baseline 0 -8"><span class='ocrx_word' id='word_1_979' title='bbox 1339 1522 1466 1552; x_wconf 88' lang='lat' dir='ltr'>Scientes</span> <span class='ocrx_word' id='word_1_980' title='bbox 1488 1521 1568 1559; x_wconf 82' lang='lat' dir='ltr'>quod</span> <span class='ocrx_word' id='word_1_981' title='bbox 1589 1531 1641 1551; x_wconf 83' lang='lat' dir='ltr'>nos</span> <span class='ocrx_word' id='word_1_982' title='bbox 1663 1519 1823 1560; x_wconf 86' lang='lat' dir='ltr'>hujusmodi</span> <span class='ocrx_word' id='word_1_983' title='bbox 1835 1519 1938 1550; x_wconf 85' lang='lat' dir='ltr'>litteras</span> <span class='ocrx_word' id='word_1_984' title='bbox 1949 1518 1986 1549; x_wconf 91' lang='lat' dir='ltr'>de</span> <span class='ocrx_word' id='word_1_985' title='bbox 1999 1517 2174 1556; x_wconf 56' lang='lat' dir='ltr'>Commota,</span> <span class='ocrx_word' id='word_1_986' title='bbox 2190 1528 2255 1557; x_wconf 78' lang='lat' dir='ltr'>quae</span> <span class='ocrx_word' id='word_1_987' title='bbox 2267 1518 2366 1552; x_wconf 78' lang='lat' dir='ltr'>secun-</span> 
     </span>
     <span class='ocr_line' id='line_1_134' title="bbox 1301 1556 2368 1597; baseline -0.001 -7"><span class='ocrx_word' id='word_1_988' title='bbox 1301 1560 1372 1590; x_wconf 92' lang='lat' dir='ltr'>dum</span> <span class='ocrx_word' id='word_1_989' title='bbox 1393 1562 1517 1590; x_wconf 84' lang='lat' dir='ltr'>formam</span> <span class='ocrx_word' id='word_1_990' title='bbox 1537 1560 1618 1590; x_wconf 86' lang='lat' dir='ltr'>Treu</span> <span class='ocrx_word' id='word_1_991' title='bbox 1639 1569 1719 1590; x_wconf 88' lang='lat' dir='ltr'>arum</span> <span class='ocrx_word' id='word_1_992' title='bbox 1741 1557 1942 1597; x_wconf 62' lang='lat' dir='ltr'>praedictarum</span> <span class='ocrx_word' id='word_1_993' title='bbox 1963 1556 2106 1589; x_wconf 74' lang='lat' dir='ltr'>concessae</span> <span class='ocrx_word' id='word_1_994' title='bbox 2119 1567 2180 1588; x_wconf 88' lang='lat' dir='ltr'>nou</span> <span class='ocrx_word' id='word_1_995' title='bbox 2193 1559 2314 1597; x_wconf 86' lang='lat' dir='ltr'>fuerint,</span> <span class='ocrx_word' id='word_1_996' title='bbox 2331 1558 2368 1589; x_wconf 78' lang='lat' dir='ltr'>de</span> 
     </span>
     <span class='ocr_line' id='line_1_135' title="bbox 1303 1598 1839 1637; baseline -0.006 -7"><span class='ocrx_word' id='word_1_997' title='bbox 1303 1609 1409 1631; x_wconf 81' lang='lat' dir='ltr'>caetero</span> <span class='ocrx_word' id='word_1_998' title='bbox 1422 1609 1477 1637; x_wconf 88' lang='lat' dir='ltr'>pro</span> <span class='ocrx_word' id='word_1_999' title='bbox 1491 1599 1573 1629; x_wconf 90' lang='lat' dir='ltr'>nullis</span> <span class='ocrx_word' id='word_1_1000' title='bbox 1587 1599 1621 1628; x_wconf 82' lang='lat' dir='ltr'>ha</span> <span class='ocrx_word' id='word_1_1001' title='bbox 1644 1599 1683 1628; x_wconf 92' lang='lat' dir='ltr'>eri</span> <span class='ocrx_word' id='word_1_1002' title='bbox 1698 1598 1839 1629; x_wconf 82' lang='lat' dir='ltr'>volumus.</span> 
     </span>
    </p>

    <p class='ocr_par' dir='ltr' id='par_1_45' title="bbox 1339 1634 2283 1677">
     <span class='ocr_line' id='line_1_136' title="bbox 1339 1634 2283 1677; baseline -0.002 -9"><span class='ocrx_word' id='word_1_1003' title='bbox 1339 1637 1429 1668; x_wconf 88' lang='lat' dir='ltr'>Teste</span> <span class='ocrx_word' id='word_1_1004' title='bbox 1441 1637 1524 1677; x_wconf 85' lang='lat' dir='ltr'>Rege</span> <span class='ocrx_word' id='word_1_1005' title='bbox 1538 1636 1610 1675; x_wconf 86' lang='lat' dir='ltr'>apud</span> <span class='ocrx_word' id='word_1_1006' title='bbox 1628 1636 1830 1674; x_wconf 83' lang='lat' dir='ltr'>Kenilworth,</span> <span class='ocrx_word' id='word_1_1007' title='bbox 1848 1635 1987 1667; x_wconf 89' lang='lat' dir='ltr'>vicesimo</span> <span class='ocrx_word' id='word_1_1008' title='bbox 2002 1635 2106 1674; x_wconf 82' lang='lat' dir='ltr'>quinto</span> <span class='ocrx_word' id='word_1_1009' title='bbox 2114 1634 2163 1666; x_wconf 86' lang='lat' dir='ltr'>die</span> <span class='ocrx_word' id='word_1_1010' title='bbox 2173 1634 2283 1668; x_wconf 83' lang='lat' dir='ltr'>Martii.</span> 
     </span>
    </p>
   </div>
   <div class='ocr_carea' id='block_1_28' title="bbox 1337 1711 2365 1907">
    <p class='ocr_par' dir='ltr' id='par_1_46' title="bbox 1337 1711 2365 1907">
     <span class='ocr_line' id='line_1_137' title="bbox 1360 1711 2365 1759; baseline -0.002 -14"><span class='ocrx_word' id='word_1_1011' title='bbox 1360 1714 1458 1746; x_wconf 89' lang='lat' dir='ltr'>Odem</span> <span class='ocrx_word' id='word_1_1012' title='bbox 1472 1714 1738 1759; x_wconf 30' lang='lat' dir='ltr'>modo-mandatum</span> <span class='ocrx_word' id='word_1_1013' title='bbox 1752 1711 1794 1743; x_wconf 92' lang='lat' dir='ltr'>est</span> <span class='ocrx_word' id='word_1_1014' title='bbox 1808 1712 1940 1757; x_wconf 83' lang='lat' dir='ltr'>Antonio</span> <span class='ocrx_word' id='word_1_1015' title='bbox 1954 1712 1990 1743; x_wconf 90' lang='lat' dir='ltr'>de</span> <span class='ocrx_word' id='word_1_1016' title='bbox 2006 1711 2100 1753; x_wconf 80' lang='lat' dir='ltr'>Luscy</span> <span class='ocrx_word' id='word_1_1017' title='bbox 2114 1736 2124 1751; x_wconf 86' lang='lat'>,</span> <span class='ocrx_word' id='word_1_1018' title='bbox 2143 1713 2177 1745; x_wconf 74' lang='grc' dir='ltr'>δε</span> <span class='ocrx_word' id='word_1_1019' title='bbox 2192 1712 2283 1744; x_wconf 80' lang='lat' dir='ltr'>Sociis</span> <span class='ocrx_word' id='word_1_1020' title='bbox 2295 1711 2365 1751; x_wconf 68' lang='lat' dir='ltr'>suis,</span> 
     </span>
     <span class='ocr_line' id='line_1_138' title="bbox 1337 1749 2364 1798; baseline 0 -15"><span class='ocrx_word' id='word_1_1021' title='bbox 1337 1793 1342 1798; x_wconf 33' lang='lat'>⁸</span> <span class='ocrx_word' id='word_1_1022' title='bbox 1378 1754 1419 1789; x_wconf 64' lang='lat' dir='ltr'>ad„</span> <span class='ocrx_word' id='word_1_1023' title='bbox 1426 1754 1556 1798; x_wconf 80' lang='lat' dir='ltr'>Treugas</span> <span class='ocrx_word' id='word_1_1024' title='bbox 1566 1762 1656 1789; x_wconf 67' lang='lat' dir='ltr'>inter,</span> <span class='ocrx_word' id='word_1_1025' title='bbox 1675 1752 1741 1796; x_wconf 42' lang='grc' dir='ltr'>δίε..</span> <span class='ocrx_word' id='word_1_1026' title='bbox 1752 1753 1781 1781; x_wconf 89' lang='lat' dir='ltr'>in</span> <span class='ocrx_word' id='word_1_1027' title='bbox 1795 1751 1946 1784; x_wconf 87' lang='lat' dir='ltr'>Comitatu</span> <span class='ocrx_word' id='word_1_1028' title='bbox 1959 1750 2208 1783; x_wconf 80' lang='lat' dir='ltr'>Westmerlandiae</span> <span class='ocrx_word' id='word_1_1029' title='bbox 2221 1752 2254 1783; x_wconf 89' lang='lat'>&amp;</span> <span class='ocrx_word' id='word_1_1030' title='bbox 2268 1749 2364 1783; x_wconf 85' lang='lat' dir='ltr'>Cum-</span> 
     </span>
     <span class='ocr_line' id='line_1_139' title="bbox 1370 1864 2258 1907; baseline -0.001 -9"><span class='ocrx_word' id='word_1_1031' title='bbox 1370 1900 1373 1903; x_wconf 53' lang='grc'>,</span> <span class='ocrx_word' id='word_1_1032' title='bbox 1986 1869 2042 1897; x_wconf 87' lang='lat' dir='ltr'>Per</span> <span class='ocrx_word' id='word_1_1033' title='bbox 2055 1864 2139 1907; x_wconf 71' lang='lat' dir='ltr'>ipsum</span> <span class='ocrx_word' id='word_1_1034' title='bbox 2152 1869 2258 1905; x_wconf 37' lang='lat' dir='ltr'>Regem,</span> 
     </span>
    </p>
   </div>
   <div class='ocr_carea' id='block_1_29' title="bbox 1301 1948 1451 1956">
    <p class='ocr_par' dir='ltr' id='par_1_47' title="bbox 1301 1948 1451 1956">
     <span class='ocr_line' id='line_1_140' title="bbox 1301 1948 1451 1956; baseline 0 2323"><span class='ocrx_word' id='word_1_1035' title='bbox 1301 1948 1451 1956; x_wconf 95' lang='lat' dir='ltr'> </span> 
     </span>
    </p>
   </div>
   <div class='ocr_carea' id='block_1_30' title="bbox 2380 1990 2469 2021">
    <p class='ocr_par' dir='ltr' id='par_1_48' title="bbox 2380 1990 2469 2021">
     <span class='ocr_line' id='line_1_141' title="bbox 2380 1990 2469 2021; baseline 0 -13"><span class='ocrx_word' id='word_1_1036' title='bbox 2380 1990 2396 2008; x_wconf 63' lang='grc' dir='ltr'><strong>ο</strong></span> <span class='ocrx_word' id='word_1_1037' title='bbox 2414 1992 2469 2021; x_wconf 50' lang='grc' dir='ltr'>μιν.</span> 
     </span>
    </p>
   </div>
   <div class='ocr_carea' id='block_1_31' title="bbox 1346 1989 2436 2065">
    <p class='ocr_par' dir='ltr' id='par_1_49' title="bbox 1346 1989 2436 2065">
     <span class='ocr_line' id='line_1_142' title="bbox 1346 1989 2436 2065; baseline -0.005 -37"><span class='ocrx_word' id='word_1_1038' title='bbox 1346 1994 1374 2021; x_wconf 66' lang='lat' dir='ltr'>’k</span> <span class='ocrx_word' id='word_1_1039' title='bbox 1400 1994 1459 2028; x_wconf 88' lang='lat' dir='ltr'>Ad</span> <span class='ocrx_word' id='word_1_1040' title='bbox 1477 1999 1594 2043; x_wconf 84' lang='lat' dir='ltr'>Papam</span> <span class='ocrx_word' id='word_1_1041' title='bbox 1614 2022 1626 2040; x_wconf 87' lang='lat'>,</span> <span class='ocrx_word' id='word_1_1042' title='bbox 1651 1995 1743 2042; x_wconf 69' lang='lat' dir='ltr'>staper</span> <span class='ocrx_word' id='word_1_1043' title='bbox 1768 1993 1866 2030; x_wconf 84' lang='lat' dir='ltr'>Pallio</span> <span class='ocrx_word' id='word_1_1044' title='bbox 1880 1990 2100 2040; x_wconf 77' lang='lat' dir='ltr'>Archiepistopi</span> <span class='ocrx_word' id='word_1_1045' title='bbox 2127 1989 2262 2025; x_wconf 74' lang='lat' dir='ltr'>Eburum</span> <span class='ocrx_word' id='word_1_1046' title='bbox 2284 2003 2307 2024; x_wconf 75' lang='lat' dir='ltr'>a</span> <span class='ocrx_word' id='word_1_1047' title='bbox 2383 2038 2436 2065; x_wconf 88' lang='lat'>¹99</span> 
     </span>
    </p>
   </div>
   <div class='ocr_carea' id='block_1_32' title="bbox 1698 2039 1962 2078">
    <p class='ocr_par' dir='ltr' id='par_1_50' title="bbox 1698 2039 1962 2078">
     <span class='ocr_line' id='line_1_143' title="bbox 1698 2039 1962 2078; baseline -0.011 0"><span class='ocrx_word' id='word_1_1048' title='bbox 1698 2040 1830 2078; x_wconf 72' lang='lat' dir='ltr'>furibus</span> <span class='ocrx_word' id='word_1_1049' title='bbox 1847 2039 1962 2075; x_wconf 79' lang='lat' dir='ltr'>ablato.</span> 
     </span>
    </p>
   </div>
   <div class='ocr_carea' id='block_1_33' title="bbox 1295 2127 2515 2748">
    <p class='ocr_par' dir='ltr' id='par_1_51' title="bbox 1295 2127 2515 2748">
     <span class='ocr_line' id='line_1_144' title="bbox 1353 2127 2512 2167; baseline -0.006 -6"><span class='ocrx_word' id='word_1_1050' title='bbox 1353 2129 1413 2161; x_wconf 90' lang='grc' dir='ltr'>ΑΡ</span> <span class='ocrx_word' id='word_1_1051' title='bbox 1424 2130 1466 2161; x_wconf 86' lang='lat' dir='ltr'>AE</span> <span class='ocrx_word' id='word_1_1052' title='bbox 1493 2130 1559 2161; x_wconf 86' lang='lat' dir='ltr'>Rex</span> <span class='ocrx_word' id='word_1_1053' title='bbox 1574 2130 1678 2162; x_wconf 87' lang='lat' dir='ltr'>devota</span> <span class='ocrx_word' id='word_1_1054' title='bbox 1692 2128 1806 2161; x_wconf 81' lang='lat' dir='ltr'>Pedum</span> <span class='ocrx_word' id='word_1_1055' title='bbox 1817 2127 1912 2161; x_wconf 77' lang='lat' dir='ltr'>oscula</span> <span class='ocrx_word' id='word_1_1056' title='bbox 1924 2127 2086 2159; x_wconf 81' lang='lat' dir='ltr'>beatorum.</span> <span class='ocrx_word' id='word_1_1057' title='bbox 2306 2133 2310 2138; x_wconf 95' lang='lat'>·</span> <span class='ocrx_word' id='word_1_1058' title='bbox 2383 2132 2459 2165; x_wconf 41' lang='lat' dir='ltr'>Am,-</span> <span class='ocrx_word' id='word_1_1059' title='bbox 2469 2133 2512 2167; x_wconf 40' lang='lat' dir='ltr'>D,</span> 
     </span>
     <span class='ocr_line' id='line_1_145' title="bbox 1385 2164 2488 2214; baseline -0.003 -14"><span class='ocrx_word' id='word_1_1060' title='bbox 1385 2168 1466 2202; x_wconf 79' lang='lat' dir='ltr'>Cum</span> <span class='ocrx_word' id='word_1_1061' title='bbox 1491 2170 1606 2214; x_wconf 76' lang='lat' dir='ltr'>quidam</span> <span class='ocrx_word' id='word_1_1062' title='bbox 1654 2168 1811 2213; x_wconf 39' lang='lat' dir='ltr'>iniquitatis.</span> <span class='ocrx_word' id='word_1_1063' title='bbox 1827 2166 1889 2211; x_wconf 73' lang='lat' dir='ltr'>Filii</span> <span class='ocrx_word' id='word_1_1064' title='bbox 1931 2175 2039 2205; x_wconf 85' lang='lat' dir='ltr'>nuper,</span> <span class='ocrx_word' id='word_1_1065' title='bbox 2057 2164 2287 2210; x_wconf 73' lang='lat' dir='ltr'>ausufactilego,</span> <span class='ocrx_word' id='word_1_1066' title='bbox 2305 2165 2364 2200; x_wconf 83' lang='lat' dir='ltr'>ca-</span> <span class='ocrx_word' id='word_1_1067' title='bbox 2402 2183 2415 2203; x_wconf 82' lang='lat'>1</span> <span class='ocrx_word' id='word_1_1068' title='bbox 2439 2176 2488 2206; x_wconf 71' lang='lat'>26,</span> 
     </span>
     <span class='ocr_line' id='line_1_146' title="bbox 1296 2183 2494 2254; baseline -0.007 -13"><span class='ocrx_word' id='word_1_1069' title='bbox 1296 2209 1413 2254; x_wconf 81' lang='lat' dir='ltr'>pellam,</span> <span class='ocrx_word' id='word_1_1070' title='bbox 1428 2208 1595 2253; x_wconf 75' lang='lat' dir='ltr'>¹venerabilis</span> <span class='ocrx_word' id='word_1_1071' title='bbox 1609 2192 1713 2247; x_wconf 53' lang='lat' dir='ltr'>flatus,</span> <span class='ocrx_word' id='word_1_1072' title='bbox 1730 2206 1882 2251; x_wconf 74' lang='lat' dir='ltr'>willielmi</span> <span class='ocrx_word' id='word_1_1073' title='bbox 1896 2189 2030 2249; x_wconf 40' lang='lat' dir='ltr'>liborum</span> <span class='ocrx_word' id='word_1_1074' title='bbox 2045 2203 2283 2249; x_wconf 48' lang='lat' dir='ltr'>Archiepiscopb</span> <span class='ocrx_word' id='word_1_1075' title='bbox 2299 2205 2364 2237; x_wconf 87' lang='lat' dir='ltr'>An-</span> <span class='ocrx_word' id='word_1_1076' title='bbox 2380 2183 2435 2241; x_wconf 57' lang='grc' dir='ltr'>,4ηὲ</span> <span class='ocrx_word' id='word_1_1077' title='bbox 2450 2223 2494 2250; x_wconf 88' lang='lat'>¹9·</span> 
     </span>
     <span class='ocr_line' id='line_1_147' title="bbox 1297 2242 2453 2287; baseline -0.006 -9"><span class='ocrx_word' id='word_1_1078' title='bbox 1297 2249 1364 2287; x_wconf 78' lang='lat' dir='ltr'>gliae</span> <span class='ocrx_word' id='word_1_1079' title='bbox 1385 2248 1531 2285; x_wconf 84' lang='lat' dir='ltr'>Primatis,</span> <span class='ocrx_word' id='word_1_1080' title='bbox 1548 2247 1696 2278; x_wconf 58' lang='lat' dir='ltr'>noel-“anter</span> <span class='ocrx_word' id='word_1_1081' title='bbox 1719 2245 1869 2284; x_wconf 79' lang='lat' dir='ltr'>fregerint,</span> <span class='ocrx_word' id='word_1_1082' title='bbox 1885 2253 1918 2275; x_wconf 78' lang='lat' dir='ltr'>ac</span> <span class='ocrx_word' id='word_1_1083' title='bbox 1932 2243 2054 2274; x_wconf 81' lang='lat' dir='ltr'>Panium</span> <span class='ocrx_word' id='word_1_1084' title='bbox 2069 2242 2170 2282; x_wconf 84' lang='lat' dir='ltr'>suum,</span> <span class='ocrx_word' id='word_1_1085' title='bbox 2188 2243 2223 2276; x_wconf 73' lang='grc' dir='ltr'>δε</span> <span class='ocrx_word' id='word_1_1086' title='bbox 2234 2243 2285 2276; x_wconf 76' lang='lat' dir='ltr'>alia</span> <span class='ocrx_word' id='word_1_1087' title='bbox 2300 2243 2363 2274; x_wconf 70' lang='lat' dir='ltr'>Or-</span> <span class='ocrx_word' id='word_1_1088' title='bbox 2379 2256 2409 2278; x_wconf 78' lang='lat'>13.</span> <span class='ocrx_word' id='word_1_1089' title='bbox 2426 2262 2453 2280; x_wconf 47' lang='grc' dir='ltr'>,η</span> 
     </span>
     <span class='ocr_line' id='line_1_148' title="bbox 1297 2281 2515 2326; baseline -0.001 -7"><span class='ocrx_word' id='word_1_1090' title='bbox 1297 2295 1430 2319; x_wconf 71' lang='lat' dir='ltr'>tramenta</span> <span class='ocrx_word' id='word_1_1091' title='bbox 1443 2285 1618 2326; x_wconf 85' lang='lat' dir='ltr'>Episcopalia</span> <span class='ocrx_word' id='word_1_1092' title='bbox 1632 2284 1869 2325; x_wconf 80' lang='lat' dir='ltr'>surripuerint,&amp;</span> <span class='ocrx_word' id='word_1_1093' title='bbox 1886 2282 2084 2321; x_wconf 85' lang='lat' dir='ltr'>asportaverint</span> <span class='ocrx_word' id='word_1_1094' title='bbox 2096 2283 2198 2314; x_wconf 77' lang='lat' dir='ltr'>animis</span> <span class='ocrx_word' id='word_1_1095' title='bbox 2211 2281 2358 2315; x_wconf 77' lang='lat' dir='ltr'>sceleratis:</span> <span class='ocrx_word' id='word_1_1096' title='bbox 2374 2294 2445 2319; x_wconf 84' lang='lat' dir='ltr'>Rom.</span> <span class='ocrx_word' id='word_1_1097' title='bbox 2467 2296 2515 2326; x_wconf 51' lang='lat' dir='ltr'>¹9ss</span> 
     </span>
     <span class='ocr_line' id='line_1_149' title="bbox 1335 2319 2503 2364; baseline -0.005 -8"><span class='ocrx_word' id='word_1_1098' title='bbox 1335 2326 1458 2364; x_wconf 88' lang='lat' dir='ltr'>Propter</span> <span class='ocrx_word' id='word_1_1099' title='bbox 1473 2324 1552 2364; x_wconf 91' lang='lat' dir='ltr'>quod</span> <span class='ocrx_word' id='word_1_1100' title='bbox 1565 2324 1643 2356; x_wconf 89' lang='lat' dir='ltr'>idem</span> <span class='ocrx_word' id='word_1_1101' title='bbox 1657 2322 1895 2361; x_wconf 81' lang='lat' dir='ltr'>Archiepiscopus</span> <span class='ocrx_word' id='word_1_1102' title='bbox 1907 2321 1944 2352; x_wconf 91' lang='lat' dir='ltr'>ad</span> <span class='ocrx_word' id='word_1_1103' title='bbox 1954 2319 2057 2353; x_wconf 81' lang='lat' dir='ltr'>vestrae</span> <span class='ocrx_word' id='word_1_1104' title='bbox 2070 2320 2228 2355; x_wconf 73' lang='lat' dir='ltr'>Sanffltati&#39;s</span> <span class='ocrx_word' id='word_1_1105' title='bbox 2239 2321 2360 2359; x_wconf 75' lang='lat' dir='ltr'>praesen-</span> <span class='ocrx_word' id='word_1_1106' title='bbox 2376 2332 2407 2356; x_wconf 73' lang='grc' dir='ltr'>Ε,</span> <span class='ocrx_word' id='word_1_1107' title='bbox 2426 2339 2452 2358; x_wconf 67' lang='lat'>2,</span> <span class='ocrx_word' id='word_1_1108' title='bbox 2464 2339 2503 2358; x_wconf 70' lang='lat' dir='ltr'>m,</span> 
     </span>
     <span class='ocr_line' id='line_1_150' title="bbox 1296 2358 2407 2437; baseline -0.006 -42"><span class='ocrx_word' id='word_1_1109' title='bbox 1296 2360 1867 2433; x_wconf 38' lang='lat' dir='ltr'>tizmgnpffisreffptiorrgeffaltetriu&amp;Pallciii</span> <span class='ocrx_word' id='word_1_1110' title='bbox 1880 2383 1891 2398; x_wconf 86' lang='lat'>‚</span> <span class='ocrx_word' id='word_1_1111' title='bbox 1906 2369 1971 2437; x_wconf 53' lang='grc' dir='ltr'>[ἷξε</span> <span class='ocrx_word' id='word_1_1112' title='bbox 1965 2359 2023 2429; x_wconf 51' lang='lat' dir='ltr'>⁸132}ss</span> <span class='ocrx_word' id='word_1_1113' title='bbox 2042 2360 2164 2398; x_wconf 78' lang='lat' dir='ltr'>negotiis</span> <span class='ocrx_word' id='word_1_1114' title='bbox 2179 2358 2250 2398; x_wconf 78' lang='lat' dir='ltr'>suis,</span> <span class='ocrx_word' id='word_1_1115' title='bbox 2267 2359 2361 2397; x_wconf 78' lang='lat' dir='ltr'>ipsum</span> <span class='ocrx_word' id='word_1_1116' title='bbox 2381 2376 2407 2404; x_wconf 64' lang='lat'>3„</span> 
     </span>
     <span class='ocr_line' id='line_1_151' title="bbox 1298 2408 2362 2481; baseline -0.007 -8"><span class='ocrx_word' id='word_1_1117' title='bbox 1298 2414 1324 2437; x_wconf 68' lang='lat' dir='ltr'>m</span> <span class='ocrx_word' id='word_1_1118' title='bbox 1357 2412 1498 2473; x_wconf 62' lang='lat' dir='ltr'>ean&#39;tiudin’i</span> <span class='ocrx_word' id='word_1_1119' title='bbox 1516 2412 1617 2472; x_wconf 42' lang='lat' dir='ltr'>&amp;garae</span> <span class='ocrx_word' id='word_1_1120' title='bbox 1637 2410 1747 2471; x_wconf 38' lang='lat' dir='ltr'>dgaeotlits</span> <span class='ocrx_word' id='word_1_1121' title='bbox 1768 2409 1903 2477; x_wconf 51' lang='lat' dir='ltr'>pdirncibcisis</span> <span class='ocrx_word' id='word_1_1122' title='bbox 1914 2408 2102 2481; x_wconf 58' lang='lat' dir='ltr'>suppligt’rms</span> <span class='ocrx_word' id='word_1_1123' title='bbox 2114 2434 2284 2473; x_wconf 68' lang='lat' dir='ltr'>affeetione,</span> <span class='ocrx_word' id='word_1_1124' title='bbox 2302 2435 2362 2474; x_wconf 68' lang='lat' dir='ltr'>qua</span> 
     </span>
     <span class='ocr_line' id='line_1_152' title="bbox 1295 2475 2362 2520; baseline -0.007 -8"><span class='ocrx_word' id='word_1_1125' title='bbox 1295 2481 1466 2520; x_wconf 76' lang='lat' dir='ltr'>possumuS‚</span> <span class='ocrx_word' id='word_1_1126' title='bbox 1491 2480 1609 2517; x_wconf 80' lang='lat' dir='ltr'>cariori,</span> <span class='ocrx_word' id='word_1_1127' title='bbox 1627 2479 1757 2517; x_wconf 78' lang='lat' dir='ltr'>quatinus</span> <span class='ocrx_word' id='word_1_1128' title='bbox 1779 2477 1902 2512; x_wconf 81' lang='lat' dir='ltr'>eimdem</span> <span class='ocrx_word' id='word_1_1129' title='bbox 1924 2475 2208 2517; x_wconf 60' lang='lat' dir='ltr'>Archiepiscopum„</span> <span class='ocrx_word' id='word_1_1130' title='bbox 2229 2475 2362 2512; x_wconf 83' lang='lat' dir='ltr'>&amp;ipsius</span> 
     </span>
     <span class='ocr_line' id='line_1_153' title="bbox 1296 2511 2362 2560; baseline -0.007 -10"><span class='ocrx_word' id='word_1_1131' title='bbox 1296 2521 1411 2560; x_wconf 84' lang='lat' dir='ltr'>negotia</span> <span class='ocrx_word' id='word_1_1132' title='bbox 1425 2520 1529 2549; x_wconf 86' lang='lat' dir='ltr'>habere</span> <span class='ocrx_word' id='word_1_1133' title='bbox 1541 2518 1717 2557; x_wconf 76' lang='lat' dir='ltr'>dignemini,</span> <span class='ocrx_word' id='word_1_1134' title='bbox 1736 2515 1846 2552; x_wconf 83' lang='lat' dir='ltr'>nostri,</span> <span class='ocrx_word' id='word_1_1135' title='bbox 1865 2515 1885 2546; x_wconf 88' lang='lat' dir='ltr'>si</span> <span class='ocrx_word' id='word_1_1136' title='bbox 1898 2514 2007 2552; x_wconf 85' lang='lat' dir='ltr'>placet,</span> <span class='ocrx_word' id='word_1_1137' title='bbox 2025 2511 2250 2543; x_wconf 81' lang='lat' dir='ltr'>consideratione</span> <span class='ocrx_word' id='word_1_1138' title='bbox 2263 2535 2274 2550; x_wconf 87' lang='lat'>‚</span> <span class='ocrx_word' id='word_1_1139' title='bbox 2291 2523 2362 2551; x_wconf 78' lang='lat' dir='ltr'>pro-</span> 
     </span>
     <span class='ocr_line' id='line_1_154' title="bbox 1296 2550 2361 2597; baseline -0.007 -8"><span class='ocrx_word' id='word_1_1140' title='bbox 1296 2559 1407 2597; x_wconf 75' lang='lat' dir='ltr'>pensius</span> <span class='ocrx_word' id='word_1_1141' title='bbox 1421 2556 1669 2593; x_wconf 50' lang='lat' dir='ltr'>recommendata,</span> <span class='ocrx_word' id='word_1_1142' title='bbox 1686 2555 1720 2585; x_wconf 90' lang='lat'>&amp;</span> <span class='ocrx_word' id='word_1_1143' title='bbox 1741 2555 1769 2586; x_wconf 82' lang='lat' dir='ltr'>ei</span> <span class='ocrx_word' id='word_1_1144' title='bbox 1782 2556 1810 2584; x_wconf 89' lang='lat' dir='ltr'>in</span> <span class='ocrx_word' id='word_1_1145' title='bbox 1825 2553 1895 2590; x_wconf 74' lang='lat' dir='ltr'>hiis,</span> <span class='ocrx_word' id='word_1_1146' title='bbox 1911 2561 1976 2589; x_wconf 82' lang='lat' dir='ltr'>quae</span> <span class='ocrx_word' id='word_1_1147' title='bbox 1987 2551 2002 2581; x_wconf 80' lang='grc' dir='ltr'>Ξι</span> <span class='ocrx_word' id='word_1_1148' title='bbox 2016 2550 2108 2583; x_wconf 57' lang='lat' dir='ltr'>vestra</span> <span class='ocrx_word' id='word_1_1149' title='bbox 2120 2550 2292 2589; x_wconf 68' lang='lat' dir='ltr'>Sanctitate,</span> <span class='ocrx_word' id='word_1_1150' title='bbox 2310 2561 2361 2591; x_wconf 79' lang='lat' dir='ltr'>per</span> 
     </span>
     <span class='ocr_line' id='line_1_155' title="bbox 1295 2587 2360 2631; baseline -0.007 -3"><span class='ocrx_word' id='word_1_1151' title='bbox 1295 2598 1386 2628; x_wconf 64' lang='lat' dir='ltr'>dictos</span> <span class='ocrx_word' id='word_1_1152' title='bbox 1400 2597 1462 2626; x_wconf 90' lang='lat' dir='ltr'>suos</span> <span class='ocrx_word' id='word_1_1153' title='bbox 1473 2595 1626 2631; x_wconf 68' lang='lat' dir='ltr'>Numeros,</span> <span class='ocrx_word' id='word_1_1154' title='bbox 1644 2592 1844 2630; x_wconf 86' lang='lat' dir='ltr'>postulaverit,</span> <span class='ocrx_word' id='word_1_1155' title='bbox 1860 2590 1962 2623; x_wconf 85' lang='lat' dir='ltr'>Sinum</span> <span class='ocrx_word' id='word_1_1156' title='bbox 1975 2588 2077 2622; x_wconf 81' lang='lat' dir='ltr'>vestrae</span> <span class='ocrx_word' id='word_1_1157' title='bbox 2089 2587 2269 2627; x_wconf 70' lang='lat' dir='ltr'>Apostoiieae</span> <span class='ocrx_word' id='word_1_1158' title='bbox 2287 2590 2360 2622; x_wconf 80' lang='lat' dir='ltr'>libe-</span> 
     </span>
     <span class='ocr_line' id='line_1_156' title="bbox 1295 2633 1930 2673; baseline -0.014 -7"><span class='ocrx_word' id='word_1_1159' title='bbox 1295 2635 1404 2666; x_wconf 82' lang='lat' dir='ltr'>ralitatis</span> <span class='ocrx_word' id='word_1_1160' title='bbox 1420 2633 1564 2673; x_wconf 78' lang='lat' dir='ltr'>gratiosius</span> <span class='ocrx_word' id='word_1_1161' title='bbox 1580 2633 1693 2670; x_wconf 88' lang='lat' dir='ltr'>aperire.</span> <span class='ocrx_word' id='word_1_1162' title='bbox 1915 2641 1930 2650; x_wconf 85' lang='lat'>-·</span> 
     </span>
     <span class='ocr_line' id='line_1_157' title="bbox 1334 2672 2062 2709; baseline -0.01 -6"><span class='ocrx_word' id='word_1_1163' title='bbox 1334 2673 1492 2703; x_wconf 86' lang='lat' dir='ltr'>Conservet</span> <span class='ocrx_word' id='word_1_1164' title='bbox 1501 2694 1511 2709; x_wconf 82' lang='lat'>‚</span> <span class='ocrx_word' id='word_1_1165' title='bbox 1528 2672 1588 2702; x_wconf 88' lang='lat' dir='ltr'>&amp;c.</span> <span class='ocrx_word' id='word_1_1166' title='bbox 2058 2684 2062 2688; x_wconf 90' lang='lat'>·</span> 
     </span>
     <span class='ocr_line' id='line_1_158' title="bbox 1369 2705 2127 2748; baseline -0.009 -7"><span class='ocrx_word' id='word_1_1167' title='bbox 1369 2710 1439 2742; x_wconf 91' lang='lat' dir='ltr'>Dat.</span> <span class='ocrx_word' id='word_1_1168' title='bbox 1453 2709 1526 2748; x_wconf 87' lang='lat' dir='ltr'>apud</span> <span class='ocrx_word' id='word_1_1169' title='bbox 1543 2708 1745 2747; x_wconf 88' lang='lat' dir='ltr'>Kenilworth,</span> <span class='ocrx_word' id='word_1_1170' title='bbox 1764 2708 1862 2746; x_wconf 88' lang='lat' dir='ltr'>primo</span> <span class='ocrx_word' id='word_1_1171' title='bbox 1876 2706 1924 2738; x_wconf 87' lang='lat' dir='ltr'>die</span> <span class='ocrx_word' id='word_1_1172' title='bbox 1937 2705 2050 2744; x_wconf 81' lang='lat' dir='ltr'>Aprilis.</span> <span class='ocrx_word' id='word_1_1173' title='bbox 2116 2714 2127 2723; x_wconf 79' lang='lat'><em>.</em></span> 
     </span>
    </p>
   </div>
   <div class='ocr_carea' id='block_1_34' title="bbox 1411 2842 2236 2896">
    <p class='ocr_par' dir='ltr' id='par_1_52' title="bbox 1411 2842 2236 2896">
     <span class='ocr_line' id='line_1_159' title="bbox 1411 2842 2236 2896; baseline -0.012 -10"><span class='ocrx_word' id='word_1_1174' title='bbox 1411 2856 1461 2889; x_wconf 87' lang='lat' dir='ltr'>De</span> <span class='ocrx_word' id='word_1_1175' title='bbox 1472 2845 1661 2896; x_wconf 63' lang='lat' dir='ltr'>&#39;Sufferenfia</span> <span class='ocrx_word' id='word_1_1176' title='bbox 1674 2861 1744 2882; x_wconf 84' lang='lat' dir='ltr'>cum</span> <span class='ocrx_word' id='word_1_1177' title='bbox 1763 2843 1990 2890; x_wconf 81' lang='lat' dir='ltr'>Flandrenstbus</span> <span class='ocrx_word' id='word_1_1178' title='bbox 2004 2842 2236 2893; x_wconf 78' lang='lat' dir='ltr'>proclamanda.</span> 
     </span>
    </p>
   </div>
   <div class='ocr_carea' id='block_1_35' title="bbox 2374 2927 2512 2963">
    <p class='ocr_par' dir='ltr' id='par_1_53' title="bbox 2374 2927 2512 2963">
     <span class='ocr_line' id='line_1_160' title="bbox 2374 2927 2512 2963; baseline -0.007 -3"><span class='ocrx_word' id='word_1_1179' title='bbox 2374 2927 2452 2960; x_wconf 88' lang='lat' dir='ltr'>Ann.</span> <span class='ocrx_word' id='word_1_1180' title='bbox 2465 2931 2512 2963; x_wconf 83' lang='lat' dir='ltr'>D.·</span> 
     </span>
    </p>
   </div>
   <div class='ocr_carea' id='block_1_36' title="bbox 1400 2931 2487 3008">
    <p class='ocr_par' dir='ltr' id='par_1_54' title="bbox 1400 2931 2487 3008">
     <span class='ocr_line' id='line_1_161' title="bbox 1400 2931 2039 2970; baseline -0.013 0"><span class='ocrx_word' id='word_1_1181' title='bbox 1400 2937 1430 2969; x_wconf 90' lang='lat' dir='ltr'>X</span> <span class='ocrx_word' id='word_1_1182' title='bbox 1458 2936 1687 2969; x_wconf 80' lang='lat' dir='ltr'>Vicecomitibus</span> <span class='ocrx_word' id='word_1_1183' title='bbox 1704 2933 1884 2970; x_wconf 79' lang='lat' dir='ltr'>Londoniae,</span> <span class='ocrx_word' id='word_1_1184' title='bbox 1903 2931 2039 2963; x_wconf 89' lang='lat' dir='ltr'>Salutem.</span> 
     </span>
     <span class='ocr_line' id='line_1_162' title="bbox 2135 2965 2487 3008; baseline -0.003 -9"><span class='ocrx_word' id='word_1_1185' title='bbox 2135 2967 2207 2999; x_wconf 82' lang='lat' dir='ltr'>inter</span> <span class='ocrx_word' id='word_1_1186' title='bbox 2220 2965 2356 3000; x_wconf 84' lang='lat' dir='ltr'>Subditos</span> <span class='ocrx_word' id='word_1_1187' title='bbox 2401 2971 2487 3008; x_wconf 83' lang='lat'><em>1326.</em></span> 
     </span>
    </p>
   </div>
   <div class='ocr_carea' id='block_1_37' title="bbox 1294 2942 2510 3824">
    <p class='ocr_par' dir='ltr' id='par_1_55' title="bbox 1294 2942 2510 3286">
     <span class='ocr_line' id='line_1_163' title="bbox 1297 2942 2087 3015; baseline -0.015 -5"><span class='ocrx_word' id='word_1_1188' title='bbox 1297 2942 1353 2998; x_wconf 75' lang='lat' dir='ltr'>R</span> <span class='ocrx_word' id='word_1_1189' title='bbox 1394 2977 1476 3008; x_wconf 79' lang='lat' dir='ltr'>Cum</span> <span class='ocrx_word' id='word_1_1190' title='bbox 1491 3000 1502 3015; x_wconf 82' lang='lat'><strong>‚</strong></span> <span class='ocrx_word' id='word_1_1191' title='bbox 1523 2976 1601 3014; x_wconf 90' lang='lat' dir='ltr'>super</span> <span class='ocrx_word' id='word_1_1192' title='bbox 1624 2973 1850 3005; x_wconf 87' lang='lat' dir='ltr'>Dissensionibus</span> <span class='ocrx_word' id='word_1_1193' title='bbox 1872 2971 1907 3002; x_wconf 88' lang='lat'>&amp;</span> <span class='ocrx_word' id='word_1_1194' title='bbox 1930 2967 2087 3003; x_wconf 84' lang='lat' dir='ltr'>Discordiis</span> 
     </span>
     <span class='ocr_line' id='line_1_164' title="bbox 1294 2990 2488 3053; baseline -0.011 -6"><span class='ocrx_word' id='word_1_1195' title='bbox 1294 3017 1422 3053; x_wconf 85' lang='lat' dir='ltr'>nostros,</span> <span class='ocrx_word' id='word_1_1196' title='bbox 1439 3017 1472 3047; x_wconf 86' lang='lat'>&amp;</span> <span class='ocrx_word' id='word_1_1197' title='bbox 1487 3016 1618 3046; x_wconf 87' lang='lat' dir='ltr'>homines</span> <span class='ocrx_word' id='word_1_1198' title='bbox 1631 3015 1663 3045; x_wconf 72' lang='grc' dir='ltr'>ὅ(</span> <span class='ocrx_word' id='word_1_1199' title='bbox 1678 3012 1854 3044; x_wconf 87' lang='lat' dir='ltr'>Mercatores</span> <span class='ocrx_word' id='word_1_1200' title='bbox 1889 3009 1925 3040; x_wconf 92' lang='lat' dir='ltr'>de</span> <span class='ocrx_word' id='word_1_1201' title='bbox 1939 3009 2030 3039; x_wconf 89' lang='lat' dir='ltr'>Terra</span> <span class='ocrx_word' id='word_1_1202' title='bbox 2042 3007 2080 3050; x_wconf 31' lang='lat'>&amp;²</span> <span class='ocrx_word' id='word_1_1203' title='bbox 2091 2990 2235 3050; x_wconf 50' lang='lat' dir='ltr'>florestate</span> <span class='ocrx_word' id='word_1_1204' title='bbox 2248 3004 2354 3038; x_wconf 73' lang='lat' dir='ltr'>Comi·</span> <span class='ocrx_word' id='word_1_1205' title='bbox 2372 3012 2425 3036; x_wconf 76' lang='lat' dir='ltr'>An.</span> <span class='ocrx_word' id='word_1_1206' title='bbox 2445 3019 2488 3046; x_wconf 87' lang='lat'>¹9-</span> 
     </span>
     <span class='ocr_line' id='line_1_165' title="bbox 1296 3033 2451 3092; baseline -0.011 -6"><span class='ocrx_word' id='word_1_1207' title='bbox 1296 3056 1330 3086; x_wconf 81' lang='lat' dir='ltr'>t&#39;is</span> <span class='ocrx_word' id='word_1_1208' title='bbox 1350 3055 1487 3086; x_wconf 80' lang='lat' dir='ltr'>Flandriae</span> <span class='ocrx_word' id='word_1_1209' title='bbox 1503 3077 1513 3092; x_wconf 85' lang='lat'>‚</span> <span class='ocrx_word' id='word_1_1210' title='bbox 1539 3064 1628 3092; x_wconf 85' lang='lat' dir='ltr'>nuper</span> <span class='ocrx_word' id='word_1_1211' title='bbox 1643 3052 1763 3089; x_wconf 83' lang='lat' dir='ltr'>exortis,</span> <span class='ocrx_word' id='word_1_1212' title='bbox 1781 3033 1913 3089; x_wconf 70' lang='lat' dir='ltr'>quaed’am</span> <span class='ocrx_word' id='word_1_1213' title='bbox 1927 3045 2097 3089; x_wconf 72' lang='lat' dir='ltr'>sufferentia</span> <span class='ocrx_word' id='word_1_1214' title='bbox 2109 3053 2182 3075; x_wconf 86' lang='lat' dir='ltr'>inter</span> <span class='ocrx_word' id='word_1_1215' title='bbox 2196 3042 2282 3089; x_wconf 62' lang='lat' dir='ltr'>Nos³</span> <span class='ocrx_word' id='word_1_1216' title='bbox 2300 3053 2354 3083; x_wconf 88' lang='lat' dir='ltr'>pro</span> <span class='ocrx_word' id='word_1_1217' title='bbox 2375 3051 2406 3074; x_wconf 78' lang='grc' dir='ltr'>Ε.</span> <span class='ocrx_word' id='word_1_1218' title='bbox 2425 3056 2451 3073; x_wconf 90' lang='lat'>2.</span> 
     </span>
     <span class='ocr_line' id='line_1_166' title="bbox 1295 3081 2510 3128; baseline -0.011 -3"><span class='ocrx_word' id='word_1_1219' title='bbox 1295 3094 1375 3125; x_wconf 68' lang='lat' dir='ltr'>dietis</span> <span class='ocrx_word' id='word_1_1220' title='bbox 1397 3094 1521 3124; x_wconf 84' lang='lat' dir='ltr'>Subditis</span> <span class='ocrx_word' id='word_1_1221' title='bbox 1540 3091 1641 3122; x_wconf 90' lang='lat' dir='ltr'>nostris</span> <span class='ocrx_word' id='word_1_1222' title='bbox 1653 3099 1688 3121; x_wconf 86' lang='lat' dir='ltr'>ex</span> <span class='ocrx_word' id='word_1_1223' title='bbox 1702 3099 1778 3128; x_wconf 86' lang='lat' dir='ltr'>parte</span> <span class='ocrx_word' id='word_1_1224' title='bbox 1791 3087 1866 3125; x_wconf 71' lang='lat' dir='ltr'>una,</span> <span class='ocrx_word' id='word_1_1225' title='bbox 1884 3086 1918 3117; x_wconf 92' lang='lat'>&amp;</span> <span class='ocrx_word' id='word_1_1226' title='bbox 1929 3081 2179 3125; x_wconf 80' lang='lat' dir='ltr'>Burgimagistros,</span> <span class='ocrx_word' id='word_1_1227' title='bbox 2196 3082 2354 3122; x_wconf 88' lang='lat' dir='ltr'>Scabmos,</span> <span class='ocrx_word' id='word_1_1228' title='bbox 2372 3085 2510 3123; x_wconf 80' lang='lat' dir='ltr'>claus.19.·</span> 
     </span>
     <span class='ocr_line' id='line_1_167' title="bbox 1295 3120 2501 3170; baseline -0.01 -7"><span class='ocrx_word' id='word_1_1229' title='bbox 1295 3132 1455 3170; x_wconf 85' lang='lat' dir='ltr'>Consules,</span> <span class='ocrx_word' id='word_1_1230' title='bbox 1481 3132 1514 3162; x_wconf 92' lang='lat'>&amp;</span> <span class='ocrx_word' id='word_1_1231' title='bbox 1535 3129 1766 3160; x_wconf 83' lang='lat' dir='ltr'>Communitates</span> <span class='ocrx_word' id='word_1_1232' title='bbox 1786 3125 1925 3157; x_wconf 83' lang='lat' dir='ltr'>Villarum</span> <span class='ocrx_word' id='word_1_1233' title='bbox 1945 3122 1982 3153; x_wconf 92' lang='lat' dir='ltr'>de</span> <span class='ocrx_word' id='word_1_1234' title='bbox 2002 3121 2144 3166; x_wconf 75' lang='lat' dir='ltr'>Gandauo</span> <span class='ocrx_word' id='word_1_1235' title='bbox 2157 3144 2168 3159; x_wconf 91' lang='lat'>‚</span> <span class='ocrx_word' id='word_1_1236' title='bbox 2185 3120 2306 3160; x_wconf 79' lang='lat' dir='ltr'>Brugen.</span> <span class='ocrx_word' id='word_1_1237' title='bbox 2319 3122 2354 3154; x_wconf 89' lang='lat'>&amp;</span> <span class='ocrx_word' id='word_1_1238' title='bbox 2372 3128 2403 3152; x_wconf 81' lang='grc' dir='ltr'>Ε.</span> <span class='ocrx_word' id='word_1_1239' title='bbox 2425 3134 2451 3151; x_wconf 88' lang='lat'>2.</span> <span class='ocrx_word' id='word_1_1240' title='bbox 2464 3136 2501 3155; x_wconf 78' lang='lat' dir='ltr'>m,</span> 
     </span>
     <span class='ocr_line' id='line_1_168' title="bbox 1295 3159 2439 3212; baseline -0.01 -10"><span class='ocrx_word' id='word_1_1241' title='bbox 1295 3170 1388 3208; x_wconf 87' lang='lat' dir='ltr'>Ipren.</span> <span class='ocrx_word' id='word_1_1242' title='bbox 1408 3181 1461 3208; x_wconf 89' lang='lat' dir='ltr'>pro</span> <span class='ocrx_word' id='word_1_1243' title='bbox 1473 3170 1518 3212; x_wconf 73' lang='lat' dir='ltr'>se2</span> <span class='ocrx_word' id='word_1_1244' title='bbox 1536 3170 1569 3200; x_wconf 90' lang='lat'>&amp;</span> <span class='ocrx_word' id='word_1_1245' title='bbox 1583 3169 1638 3198; x_wconf 91' lang='lat' dir='ltr'>aliis</span> <span class='ocrx_word' id='word_1_1246' title='bbox 1651 3164 1816 3196; x_wconf 87' lang='lat' dir='ltr'>hominibus</span> <span class='ocrx_word' id='word_1_1247' title='bbox 1830 3163 1864 3193; x_wconf 92' lang='lat'>&amp;</span> <span class='ocrx_word' id='word_1_1248' title='bbox 1877 3161 2087 3193; x_wconf 76' lang='lat' dir='ltr'>Mercatoribus</span> <span class='ocrx_word' id='word_1_1249' title='bbox 2101 3161 2138 3192; x_wconf 95' lang='lat' dir='ltr'>de</span> <span class='ocrx_word' id='word_1_1250' title='bbox 2153 3159 2282 3192; x_wconf 64' lang='lat' dir='ltr'>flandria</span> <span class='ocrx_word' id='word_1_1251' title='bbox 2295 3183 2306 3199; x_wconf 89' lang='lat'>,</span> <span class='ocrx_word' id='word_1_1252' title='bbox 2320 3169 2355 3192; x_wconf 81' lang='lat' dir='ltr'>ex</span> <span class='ocrx_word' id='word_1_1253' title='bbox 2372 3172 2401 3198; x_wconf 89' lang='lat'>9.</span> <span class='ocrx_word' id='word_1_1254' title='bbox 2413 3165 2439 3193; x_wconf 79' lang='lat' dir='ltr'>d.</span> 
     </span>
     <span class='ocr_line' id='line_1_169' title="bbox 1296 3199 2357 3248; baseline -0.011 -8"><span class='ocrx_word' id='word_1_1255' title='bbox 1296 3209 1397 3248; x_wconf 73' lang='lat' dir='ltr'>altera,</span> <span class='ocrx_word' id='word_1_1256' title='bbox 1416 3210 1484 3239; x_wconf 87' lang='lat' dir='ltr'>inita</span> <span class='ocrx_word' id='word_1_1257' title='bbox 1499 3210 1549 3245; x_wconf 73' lang='lat' dir='ltr'>iit,</span> <span class='ocrx_word' id='word_1_1258' title='bbox 1567 3208 1600 3237; x_wconf 90' lang='lat'>&amp;</span> <span class='ocrx_word' id='word_1_1259' title='bbox 1622 3205 1747 3240; x_wconf 84' lang='lat' dir='ltr'>firmata,</span> <span class='ocrx_word' id='word_1_1260' title='bbox 1764 3202 1800 3232; x_wconf 90' lang='lat' dir='ltr'>ab</span> <span class='ocrx_word' id='word_1_1261' title='bbox 1822 3200 1934 3244; x_wconf 82' lang='lat' dir='ltr'>instanti</span> <span class='ocrx_word' id='word_1_1262' title='bbox 1953 3199 2038 3230; x_wconf 86' lang='lat' dir='ltr'>Festo</span> <span class='ocrx_word' id='word_1_1263' title='bbox 2052 3199 2184 3237; x_wconf 78' lang='lat' dir='ltr'>Paschae,</span> <span class='ocrx_word' id='word_1_1264' title='bbox 2202 3208 2253 3239; x_wconf 84' lang='lat' dir='ltr'>per</span> <span class='ocrx_word' id='word_1_1265' title='bbox 2265 3208 2357 3233; x_wconf 82' lang='lat' dir='ltr'>unum</span> 
     </span>
     <span class='ocr_line' id='line_1_170' title="bbox 1298 3238 2275 3286; baseline -0.009 -8"><span class='ocrx_word' id='word_1_1266' title='bbox 1298 3248 1436 3286; x_wconf 85' lang='lat' dir='ltr'>Annum,</span> <span class='ocrx_word' id='word_1_1267' title='bbox 1454 3247 1589 3284; x_wconf 80' lang='lat' dir='ltr'>proximo</span> <span class='ocrx_word' id='word_1_1268' title='bbox 1603 3243 1782 3281; x_wconf 83' lang='lat' dir='ltr'>sequentem,</span> <span class='ocrx_word' id='word_1_1269' title='bbox 1797 3239 1922 3277; x_wconf 79' lang='lat' dir='ltr'>plenarie</span> <span class='ocrx_word' id='word_1_1270' title='bbox 1938 3238 2118 3278; x_wconf 88' lang='lat' dir='ltr'>completum</span> <span class='ocrx_word' id='word_1_1271' title='bbox 2131 3238 2275 3270; x_wconf 86' lang='lat' dir='ltr'>duratura:</span> 
     </span>
    </p>

    <p class='ocr_par' dir='ltr' id='par_1_56' title="bbox 1298 3275 2359 3398">
     <span class='ocr_line' id='line_1_171' title="bbox 1334 3275 2359 3317; baseline -0.011 -1"><span class='ocrx_word' id='word_1_1272' title='bbox 1334 3285 1445 3316; x_wconf 85' lang='lat' dir='ltr'>Eadem</span> <span class='ocrx_word' id='word_1_1273' title='bbox 1466 3294 1501 3314; x_wconf 90' lang='lat' dir='ltr'>ue</span> <span class='ocrx_word' id='word_1_1274' title='bbox 1516 3282 1682 3314; x_wconf 87' lang='lat' dir='ltr'>Sufferentia</span> <span class='ocrx_word' id='word_1_1275' title='bbox 1697 3281 1727 3310; x_wconf 89' lang='lat' dir='ltr'>in</span> <span class='ocrx_word' id='word_1_1276' title='bbox 1740 3279 1817 3310; x_wconf 65' lang='lat' dir='ltr'>dista</span> <span class='ocrx_word' id='word_1_1277' title='bbox 1829 3277 1923 3310; x_wconf 73' lang='lat' dir='ltr'>Terra</span> <span class='ocrx_word' id='word_1_1278' title='bbox 1944 3276 2081 3307; x_wconf 84' lang='lat' dir='ltr'>Flandriae</span> <span class='ocrx_word' id='word_1_1279' title='bbox 2102 3276 2134 3309; x_wconf 67' lang='grc' dir='ltr'>(ιε</span> <span class='ocrx_word' id='word_1_1280' title='bbox 2151 3275 2267 3314; x_wconf 76' lang='lat' dir='ltr'>publice</span> <span class='ocrx_word' id='word_1_1281' title='bbox 2288 3284 2359 3317; x_wconf 79' lang='lat' dir='ltr'>pro-</span> 
     </span>
     <span class='ocr_line' id='line_1_172' title="bbox 1301 3313 2358 3363; baseline -0.009 -9"><span class='ocrx_word' id='word_1_1282' title='bbox 1301 3324 1432 3361; x_wconf 80' lang='lat' dir='ltr'>clamata,</span> <span class='ocrx_word' id='word_1_1283' title='bbox 1463 3331 1521 3352; x_wconf 90' lang='lat' dir='ltr'>icut</span> <span class='ocrx_word' id='word_1_1284' title='bbox 1534 3318 1755 3360; x_wconf 79' lang='lat' dir='ltr'>Burgimagistri,</span> <span class='ocrx_word' id='word_1_1285' title='bbox 1774 3317 1906 3363; x_wconf 57' lang='lat' dir='ltr'>Scabini?</span> <span class='ocrx_word' id='word_1_1286' title='bbox 1926 3316 1958 3347; x_wconf 91' lang='lat'>&amp;</span> <span class='ocrx_word' id='word_1_1287' title='bbox 1974 3315 2113 3346; x_wconf 88' lang='lat' dir='ltr'>Consules</span> <span class='ocrx_word' id='word_1_1288' title='bbox 2125 3314 2211 3346; x_wconf 63' lang='lat' dir='ltr'>dictae</span> <span class='ocrx_word' id='word_1_1289' title='bbox 2226 3313 2310 3347; x_wconf 73' lang='lat' dir='ltr'>Villae</span> <span class='ocrx_word' id='word_1_1290' title='bbox 2320 3314 2358 3345; x_wconf 85' lang='lat' dir='ltr'>de</span> 
     </span>
     <span class='ocr_line' id='line_1_173' title="bbox 1298 3355 1988 3398; baseline -0.012 -5"><span class='ocrx_word' id='word_1_1291' title='bbox 1298 3363 1355 3394; x_wconf 90' lang='lat' dir='ltr'>Bru</span> <span class='ocrx_word' id='word_1_1292' title='bbox 1376 3372 1419 3392; x_wconf 90' lang='lat' dir='ltr'>en.</span> <span class='ocrx_word' id='word_1_1293' title='bbox 1439 3362 1521 3391; x_wconf 87' lang='lat' dir='ltr'>nobis</span> <span class='ocrx_word' id='word_1_1294' title='bbox 1537 3370 1585 3398; x_wconf 88' lang='lat' dir='ltr'>per</span> <span class='ocrx_word' id='word_1_1295' title='bbox 1599 3360 1699 3389; x_wconf 87' lang='lat' dir='ltr'>litteras</span> <span class='ocrx_word' id='word_1_1296' title='bbox 1711 3357 1768 3388; x_wconf 83' lang='lat' dir='ltr'>suas</span> <span class='ocrx_word' id='word_1_1297' title='bbox 1782 3355 1988 3396; x_wconf 78' lang='lat' dir='ltr'>significarunt3</span> 
     </span>
    </p>

    <p class='ocr_par' dir='ltr' id='par_1_57' title="bbox 1370 3389 2357 3438">
     <span class='ocr_line' id='line_1_174' title="bbox 1370 3389 2357 3438; baseline -0.007 -8"><span class='ocrx_word' id='word_1_1298' title='bbox 1370 3411 1423 3438; x_wconf 85' lang='lat' dir='ltr'>os,</span> <span class='ocrx_word' id='word_1_1299' title='bbox 1448 3400 1574 3430; x_wconf 88' lang='lat' dir='ltr'>volentes</span> <span class='ocrx_word' id='word_1_1300' title='bbox 1594 3398 1699 3428; x_wconf 71' lang='lat' dir='ltr'>dictam</span> <span class='ocrx_word' id='word_1_1301' title='bbox 1722 3395 1923 3426; x_wconf 84' lang='lat' dir='ltr'>Sufferentiam</span> <span class='ocrx_word' id='word_1_1302' title='bbox 1945 3393 2065 3424; x_wconf 83' lang='lat' dir='ltr'>firmiter</span> <span class='ocrx_word' id='word_1_1303' title='bbox 2084 3391 2250 3429; x_wconf 81' lang='lat' dir='ltr'>observari,</span> <span class='ocrx_word' id='word_1_1304' title='bbox 2270 3389 2357 3423; x_wconf 79' lang='lat' dir='ltr'>vobis</span> 
     </span>
    </p>

    <p class='ocr_par' dir='ltr' id='par_1_58' title="bbox 1297 3427 2361 3784">
     <span class='ocr_line' id='line_1_175' title="bbox 1297 3427 2359 3480; baseline -0.01 -10"><span class='ocrx_word' id='word_1_1305' title='bbox 1297 3439 1477 3479; x_wconf 64' lang='lat' dir='ltr'>praecipimus</span> <span class='ocrx_word' id='word_1_1306' title='bbox 1492 3461 1501 3476; x_wconf 87' lang='lat'>‚</span> <span class='ocrx_word' id='word_1_1307' title='bbox 1525 3437 1642 3468; x_wconf 87' lang='lat' dir='ltr'>firmiter</span> <span class='ocrx_word' id='word_1_1308' title='bbox 1665 3436 1859 3473; x_wconf 84' lang='lat' dir='ltr'>injungentes,</span> <span class='ocrx_word' id='word_1_1309' title='bbox 1879 3431 1961 3480; x_wconf 65' lang='lat' dir='ltr'>quod</span> <span class='ocrx_word' id='word_1_1310' title='bbox 1976 3434 2005 3463; x_wconf 90' lang='lat' dir='ltr'>in</span> <span class='ocrx_word' id='word_1_1311' title='bbox 2019 3432 2142 3476; x_wconf 79' lang='lat' dir='ltr'>Civitate</span> <span class='ocrx_word' id='word_1_1312' title='bbox 2154 3427 2289 3475; x_wconf 48' lang='lat' dir='ltr'>praedfffilgfi</span> <span class='ocrx_word' id='word_1_1313' title='bbox 2303 3438 2359 3467; x_wconf 75' lang='lat' dir='ltr'>pu-</span> 
     </span>
     <span class='ocr_line' id='line_1_176' title="bbox 1300 3466 2361 3516; baseline -0.012 -6"><span class='ocrx_word' id='word_1_1314' title='bbox 1300 3479 1376 3510; x_wconf 81' lang='lat' dir='ltr'>blice</span> <span class='ocrx_word' id='word_1_1315' title='bbox 1399 3477 1565 3516; x_wconf 84' lang='lat' dir='ltr'>proclamari</span> <span class='ocrx_word' id='word_1_1316' title='bbox 1580 3499 1589 3514; x_wconf 83' lang='lat'>,</span> <span class='ocrx_word' id='word_1_1317' title='bbox 1613 3476 1647 3507; x_wconf 87' lang='lat'>&amp;</span> <span class='ocrx_word' id='word_1_1318' title='bbox 1670 3484 1704 3505; x_wconf 85' lang='lat' dir='ltr'>ex</span> <span class='ocrx_word' id='word_1_1319' title='bbox 1721 3482 1798 3512; x_wconf 84' lang='lat' dir='ltr'>parte</span> <span class='ocrx_word' id='word_1_1320' title='bbox 1811 3471 1906 3504; x_wconf 89' lang='lat' dir='ltr'>nostra</span> <span class='ocrx_word' id='word_1_1321' title='bbox 1920 3470 2036 3502; x_wconf 86' lang='lat' dir='ltr'>firmiter</span> <span class='ocrx_word' id='word_1_1322' title='bbox 2049 3470 2170 3503; x_wconf 75' lang='lat' dir='ltr'>inhiberi</span> <span class='ocrx_word' id='word_1_1323' title='bbox 2182 3466 2305 3511; x_wconf 68' lang='lat' dir='ltr'>faciatis,</span> <span class='ocrx_word' id='word_1_1324' title='bbox 2321 3476 2361 3499; x_wconf 89' lang='lat' dir='ltr'>ne</span> 
     </span>
     <span class='ocr_line' id='line_1_177' title="bbox 1298 3504 2358 3555; baseline -0.011 -8"><span class='ocrx_word' id='word_1_1325' title='bbox 1298 3519 1375 3555; x_wconf 67' lang='lat' dir='ltr'>quis,</span> <span class='ocrx_word' id='word_1_1326' title='bbox 1394 3516 1443 3546; x_wconf 90' lang='lat' dir='ltr'>sub</span> <span class='ocrx_word' id='word_1_1327' title='bbox 1458 3516 1536 3552; x_wconf 83' lang='lat' dir='ltr'>gravi</span> <span class='ocrx_word' id='word_1_1328' title='bbox 1550 3512 1729 3545; x_wconf 68' lang='lat' dir='ltr'>forisfactura</span> <span class='ocrx_word' id='word_1_1329' title='bbox 1743 3511 1857 3550; x_wconf 72' lang='lat' dir='ltr'>nostra,</span> <span class='ocrx_word' id='word_1_1330' title='bbox 1876 3510 2068 3547; x_wconf 85' lang='lat' dir='ltr'>Hominibus,</span> <span class='ocrx_word' id='word_1_1331' title='bbox 2085 3515 2131 3539; x_wconf 85' lang='lat' dir='ltr'>aut</span> <span class='ocrx_word' id='word_1_1332' title='bbox 2144 3504 2358 3549; x_wconf 53' lang='lat' dir='ltr'>Mercatoribus</span> 
     </span>
     <span class='ocr_line' id='line_1_178' title="bbox 1298 3547 2357 3592; baseline -0.013 -6"><span class='ocrx_word' id='word_1_1333' title='bbox 1298 3557 1333 3586; x_wconf 86' lang='lat' dir='ltr'>de</span> <span class='ocrx_word' id='word_1_1334' title='bbox 1351 3554 1478 3585; x_wconf 71' lang='lat' dir='ltr'>Flandria</span> <span class='ocrx_word' id='word_1_1335' title='bbox 1495 3577 1504 3592; x_wconf 83' lang='lat'>‚</span> <span class='ocrx_word' id='word_1_1336' title='bbox 1532 3563 1579 3591; x_wconf 89' lang='lat' dir='ltr'>per</span> <span class='ocrx_word' id='word_1_1337' title='bbox 1604 3552 1725 3582; x_wconf 87' lang='lat' dir='ltr'>Terram</span> <span class='ocrx_word' id='word_1_1338' title='bbox 1740 3575 1749 3589; x_wconf 88' lang='lat'>,</span> <span class='ocrx_word' id='word_1_1339' title='bbox 1774 3551 1820 3581; x_wconf 86' lang='lat' dir='ltr'>vel</span> <span class='ocrx_word' id='word_1_1340' title='bbox 1835 3560 1883 3589; x_wconf 89' lang='lat' dir='ltr'>per</span> <span class='ocrx_word' id='word_1_1341' title='bbox 1900 3548 2000 3586; x_wconf 86' lang='lat' dir='ltr'>Mare,</span> <span class='ocrx_word' id='word_1_1342' title='bbox 2017 3547 2193 3589; x_wconf 72' lang='lat' dir='ltr'>dampnum,</span> <span class='ocrx_word' id='word_1_1343' title='bbox 2207 3552 2357 3587; x_wconf 70' lang='lat' dir='ltr'>injuriam,</span> 
     </span>
     <span class='ocr_line' id='line_1_179' title="bbox 1298 3580 2357 3628; baseline -0.011 -4"><span class='ocrx_word' id='word_1_1344' title='bbox 1298 3595 1344 3625; x_wconf 87' lang='lat' dir='ltr'>seu</span> <span class='ocrx_word' id='word_1_1345' title='bbox 1360 3592 1518 3624; x_wconf 88' lang='lat' dir='ltr'>molestiam</span> <span class='ocrx_word' id='word_1_1346' title='bbox 1532 3592 1628 3622; x_wconf 85' lang='lat' dir='ltr'>inferat</span> <span class='ocrx_word' id='word_1_1347' title='bbox 1641 3592 1740 3628; x_wconf 88' lang='lat' dir='ltr'>quovis</span> <span class='ocrx_word' id='word_1_1348' title='bbox 1754 3589 1862 3627; x_wconf 86' lang='lat' dir='ltr'>modo,</span> <span class='ocrx_word' id='word_1_1349' title='bbox 1880 3587 1996 3618; x_wconf 88' lang='lat' dir='ltr'>durante</span> <span class='ocrx_word' id='word_1_1350' title='bbox 2002 3582 2169 3616; x_wconf 58' lang='lat' dir='ltr'>sufferentia</span> <span class='ocrx_word' id='word_1_1351' title='bbox 2182 3580 2357 3625; x_wconf 43' lang='lat' dir='ltr'>supradict&amp;</span> 
     </span>
     <span class='ocr_line' id='line_1_180' title="bbox 1299 3620 2355 3670; baseline -0.011 -7"><span class='ocrx_word' id='word_1_1352' title='bbox 1299 3634 1337 3663; x_wconf 87' lang='lat' dir='ltr'>set</span> <span class='ocrx_word' id='word_1_1353' title='bbox 1353 3632 1430 3670; x_wconf 88' lang='lat' dir='ltr'>quod</span> <span class='ocrx_word' id='word_1_1354' title='bbox 1452 3641 1554 3661; x_wconf 87' lang='lat' dir='ltr'>omnes</span> <span class='ocrx_word' id='word_1_1355' title='bbox 1573 3631 1606 3660; x_wconf 86' lang='lat'>&amp;</span> <span class='ocrx_word' id='word_1_1356' title='bbox 1628 3629 1746 3668; x_wconf 79' lang='lat' dir='ltr'>singuli,</span> <span class='ocrx_word' id='word_1_1357' title='bbox 1763 3627 1799 3658; x_wconf 86' lang='lat' dir='ltr'>de</span> <span class='ocrx_word' id='word_1_1358' title='bbox 1814 3627 1921 3667; x_wconf 84' lang='lat' dir='ltr'>Regno</span> <span class='ocrx_word' id='word_1_1359' title='bbox 1936 3624 2050 3668; x_wconf 75' lang='lat' dir='ltr'>nostro,</span> <span class='ocrx_word' id='word_1_1360' title='bbox 2064 3620 2143 3667; x_wconf 36' lang='lat' dir='ltr'>&#39;ipsos</span> <span class='ocrx_word' id='word_1_1361' title='bbox 2153 3621 2302 3658; x_wconf 53' lang='lat' dir='ltr'>hominm,</span> <span class='ocrx_word' id='word_1_1362' title='bbox 2320 3621 2355 3651; x_wconf 65' lang='grc' dir='ltr'>ὃς</span> 
     </span>
     <span class='ocr_line' id='line_1_181' title="bbox 1300 3658 2356 3706; baseline -0.012 -5"><span class='ocrx_word' id='word_1_1363' title='bbox 1300 3671 1477 3702; x_wconf 87' lang='lat' dir='ltr'>Mercatores</span> <span class='ocrx_word' id='word_1_1364' title='bbox 1491 3694 1500 3706; x_wconf 80' lang='lat'>,</span> <span class='ocrx_word' id='word_1_1365' title='bbox 1526 3678 1594 3702; x_wconf 92' lang='lat' dir='ltr'>cum</span> <span class='ocrx_word' id='word_1_1366' title='bbox 1614 3667 1698 3698; x_wconf 85' lang='lat' dir='ltr'>Bonis</span> <span class='ocrx_word' id='word_1_1367' title='bbox 1720 3667 1752 3698; x_wconf 70' lang='grc' dir='ltr'>ὃ(</span> <span class='ocrx_word' id='word_1_1368' title='bbox 1775 3664 1956 3697; x_wconf 88' lang='lat' dir='ltr'>Mercandisis</span> <span class='ocrx_word' id='word_1_1369' title='bbox 1976 3663 2045 3698; x_wconf 80' lang='lat' dir='ltr'>suls,</span> <span class='ocrx_word' id='word_1_1370' title='bbox 2062 3659 2133 3691; x_wconf 77' lang='lat' dir='ltr'>Infra</span> <span class='ocrx_word' id='word_1_1371' title='bbox 2146 3658 2286 3695; x_wconf 78' lang='lat' dir='ltr'>Regnum</span> <span class='ocrx_word' id='word_1_1372' title='bbox 2300 3667 2356 3688; x_wconf 83' lang='lat' dir='ltr'>no-</span> 
     </span>
     <span class='ocr_line' id='line_1_182' title="bbox 1299 3696 2356 3746; baseline -0.012 -7"><span class='ocrx_word' id='word_1_1373' title='bbox 1299 3709 1388 3739; x_wconf 88' lang='lat' dir='ltr'>strum</span> <span class='ocrx_word' id='word_1_1374' title='bbox 1403 3709 1562 3745; x_wconf 83' lang='lat' dir='ltr'>venientes,</span> <span class='ocrx_word' id='word_1_1375' title='bbox 1579 3706 1681 3737; x_wconf 85' lang='lat' dir='ltr'>faciant</span> <span class='ocrx_word' id='word_1_1376' title='bbox 1697 3706 1755 3737; x_wconf 71' lang='lat' dir='ltr'>tam</span> <span class='ocrx_word' id='word_1_1377' title='bbox 1771 3715 1821 3746; x_wconf 88' lang='lat' dir='ltr'>per</span> <span class='ocrx_word' id='word_1_1378' title='bbox 1833 3705 1974 3739; x_wconf 74' lang='lat' dir='ltr'>Terram,</span> <span class='ocrx_word' id='word_1_1379' title='bbox 1991 3700 2079 3738; x_wconf 67' lang='lat' dir='ltr'>quam</span> <span class='ocrx_word' id='word_1_1380' title='bbox 2096 3707 2146 3737; x_wconf 85' lang='lat' dir='ltr'>per</span> <span class='ocrx_word' id='word_1_1381' title='bbox 2161 3696 2295 3735; x_wconf 78' lang='lat' dir='ltr'>Aquam,</span> <span class='ocrx_word' id='word_1_1382' title='bbox 2313 3696 2356 3733; x_wconf 44' lang='lat' dir='ltr'>faf</span> 
     </span>
     <span class='ocr_line' id='line_1_183' title="bbox 1300 3746 2093 3784; baseline -0.01 -6"><span class='ocrx_word' id='word_1_1383' title='bbox 1300 3747 1462 3780; x_wconf 86' lang='lat' dir='ltr'>vorabiliter</span> <span class='ocrx_word' id='word_1_1384' title='bbox 1474 3746 1640 3784; x_wconf 65' lang='lat' dir='ltr'>pertractari.</span> <span class='ocrx_word' id='word_1_1385' title='bbox 1966 3778 1971 3784; x_wconf 22' lang='grc' dir='ltr'>υ</span> <span class='ocrx_word' id='word_1_1386' title='bbox 2066 3775 2072 3781; x_wconf 40' lang='grc' dir='ltr'>ι</span> <span class='ocrx_word' id='word_1_1387' title='bbox 2087 3774 2093 3780; x_wconf 49' lang='grc'>,</span> 
     </span>
    </p>

    <p class='ocr_par' dir='ltr' id='par_1_59' title="bbox 1339 3774 2117 3824">
     <span class='ocr_line' id='line_1_184' title="bbox 1339 3774 2117 3824; baseline -0.014 -8"><span class='ocrx_word' id='word_1_1388' title='bbox 1339 3784 1430 3816; x_wconf 86' lang='lat' dir='ltr'>Teste</span> <span class='ocrx_word' id='word_1_1389' title='bbox 1441 3784 1523 3824; x_wconf 85' lang='lat' dir='ltr'>Rege</span> <span class='ocrx_word' id='word_1_1390' title='bbox 1535 3784 1609 3822; x_wconf 88' lang='lat' dir='ltr'>apud</span> <span class='ocrx_word' id='word_1_1391' title='bbox 1624 3782 1822 3821; x_wconf 85' lang='lat' dir='ltr'>Kenilworth,</span> <span class='ocrx_word' id='word_1_1392' title='bbox 1838 3781 1933 3821; x_wconf 86' lang='lat' dir='ltr'>primo</span> <span class='ocrx_word' id='word_1_1393' title='bbox 1944 3776 1990 3808; x_wconf 82' lang='lat' dir='ltr'>die</span> <span class='ocrx_word' id='word_1_1394' title='bbox 2003 3774 2117 3814; x_wconf 85' lang='lat' dir='ltr'>Aprilis.</span> 
     </span>
    </p>
   </div>
   <div class='ocr_carea' id='block_1_38' title="bbox 1303 3849 2361 4055">
    <p class='ocr_par' dir='ltr' id='par_1_60' title="bbox 1303 3849 2361 4055">
     <span class='ocr_line' id='line_1_185' title="bbox 1989 3849 2257 3891; baseline -0.004 -9"><span class='ocrx_word' id='word_1_1395' title='bbox 1989 3854 2044 3882; x_wconf 81' lang='lat' dir='ltr'>Per</span> <span class='ocrx_word' id='word_1_1396' title='bbox 2054 3849 2137 3891; x_wconf 75' lang='lat' dir='ltr'>ipfitm</span> <span class='ocrx_word' id='word_1_1397' title='bbox 2149 3851 2257 3890; x_wconf 68' lang='lat' dir='ltr'>Regem</span> 
     </span>
     <span class='ocr_line' id='line_1_186' title="bbox 1334 3926 2361 3985; baseline -0.001 -14"><span class='ocrx_word' id='word_1_1398' title='bbox 1334 3939 1454 3985; x_wconf 33' lang='lat' dir='ltr'>‚Eodem</span> <span class='ocrx_word' id='word_1_1399' title='bbox 1483 3938 1576 3970; x_wconf 90' lang='lat' dir='ltr'>modo</span> <span class='ocrx_word' id='word_1_1400' title='bbox 1602 3938 1770 3972; x_wconf 83' lang='lat' dir='ltr'>mandatum</span> <span class='ocrx_word' id='word_1_1401' title='bbox 1789 3934 1833 3970; x_wconf 75' lang='lat' dir='ltr'>est</span> <span class='ocrx_word' id='word_1_1402' title='bbox 1851 3929 1963 3973; x_wconf 61' lang='lat' dir='ltr'>fiflglffis</span> <span class='ocrx_word' id='word_1_1403' title='bbox 1978 3927 2210 3964; x_wconf 61' lang='lat' dir='ltr'>Viffloemifibus</span> <span class='ocrx_word' id='word_1_1404' title='bbox 2227 3937 2279 3970; x_wconf 65' lang='lat' dir='ltr'>Fet</span> <span class='ocrx_word' id='word_1_1405' title='bbox 2298 3926 2361 3963; x_wconf 65' lang='lat' dir='ltr'>Au·</span> 
     </span>
     <span class='ocr_line' id='line_1_187' title="bbox 1303 3978 1583 4055; baseline -0.007 -3"><span class='ocrx_word' id='word_1_1406' title='bbox 1303 3978 1435 4053; x_wconf 42' lang='lat' dir='ltr'>ghffneste</span> <span class='ocrx_word' id='word_1_1407' title='bbox 1449 4025 1482 4050; x_wconf 85' lang='lat' dir='ltr'>ut</span> <span class='ocrx_word' id='word_1_1408' title='bbox 1494 4016 1583 4055; x_wconf 80' lang='lat' dir='ltr'>supra.</span> 
     </span>
    </p>
   </div>
   <div class='ocr_carea' id='block_1_39' title="bbox 2308 4041 2371 4076">
    <p class='ocr_par' dir='ltr' id='par_1_61' title="bbox 2308 4041 2371 4076">
     <span class='ocr_line' id='line_1_188' title="bbox 2308 4041 2371 4076; baseline -0.032 0"><span class='ocrx_word' id='word_1_1409' title='bbox 2308 4041 2371 4076; x_wconf 84' lang='lat' dir='ltr'>Eo-</span> 
     </span>
    </p>
   </div>
  </div>
 </body>
</html>
