<?xml version="1.0" encoding="UTF-8"?>
<!DOCTYPE html PUBLIC "-//W3C//DTD XHTML 1.0 Transitional//EN"
    "http://www.w3.org/TR/xhtml1/DTD/xhtml1-transitional.dtd">
<html xmlns="http://www.w3.org/1999/xhtml" xml:lang="en" lang="en">
 <head>
  <title>
</title>
<meta http-equiv="Content-Type" content="text/html;charset=utf-8" />
  <meta name='ocr-system' content='tesseract 3.04.00' />
  <meta name='ocr-capabilities' content='ocr_page ocr_carea ocr_par ocr_line ocrx_word'/>
</head>
<body>
  <div class='ocr_page' id='page_1' title='image "./fderaconventione02ryme/fderaconventione02ryme_0688.png"; bbox 0 0 2562 4279; ppageno 0'>
   <div class='ocr_carea' id='block_1_1' title="bbox 693 126 1912 181">
    <p class='ocr_par' dir='ltr' id='par_1_1' title="bbox 693 126 1912 181">
     <span class='ocr_line' id='line_1_1' title="bbox 693 126 1912 181; baseline -0.002 -10"><span class='ocrx_word' id='word_1_1' title='bbox 693 127 1467 181; x_wconf 86' lang='lat' dir='ltr'>CONVENTIONES,</span> <span class='ocrx_word' id='word_1_2' title='bbox 1523 126 1912 176; x_wconf 83' lang='lat' dir='ltr'>LITERAE,</span> 
     </span>
    </p>
   </div>
   <div class='ocr_carea' id='block_1_2' title="bbox 1315 199 2552 293">
    <p class='ocr_par' dir='ltr' id='par_1_2' title="bbox 1315 199 2552 293">
     <span class='ocr_line' id='line_1_2' title="bbox 1315 199 2552 258; baseline -0.002 -12"><span class='ocrx_word' id='word_1_3' title='bbox 1315 225 1370 256; x_wconf 91' lang='lat' dir='ltr'>que</span> <span class='ocrx_word' id='word_1_4' title='bbox 1393 215 1521 246; x_wconf 84' lang='lat' dir='ltr'>instantia</span> <span class='ocrx_word' id='word_1_5' title='bbox 1538 214 1624 252; x_wconf 80' lang='lat' dir='ltr'>Petita</span> <span class='ocrx_word' id='word_1_6' title='bbox 1639 212 1773 253; x_wconf 82' lang='lat' dir='ltr'>fuiss&#39;ent,</span> <span class='ocrx_word' id='word_1_7' title='bbox 1789 224 1845 245; x_wconf 90' lang='lat' dir='ltr'>nec</span> <span class='ocrx_word' id='word_1_8' title='bbox 1859 214 2012 252; x_wconf 81' lang='lat' dir='ltr'>Decimas,</span> <span class='ocrx_word' id='word_1_9' title='bbox 2031 222 2132 246; x_wconf 85' lang='lat' dir='ltr'>contra</span> <span class='ocrx_word' id='word_1_10' title='bbox 2143 214 2208 255; x_wconf 89' lang='lat' dir='ltr'>Te,</span> <span class='ocrx_word' id='word_1_11' title='bbox 2223 215 2300 257; x_wconf 83' lang='lat' dir='ltr'>Regi</span> <span class='ocrx_word' id='word_1_12' title='bbox 2312 199 2386 258; x_wconf 66' lang='lat' dir='ltr'>prae-</span> <span class='ocrx_word' id='word_1_13' title='bbox 2406 207 2483 240; x_wconf 70' lang='lat' dir='ltr'>Am]-</span> <span class='ocrx_word' id='word_1_14' title='bbox 2499 208 2552 243; x_wconf 75' lang='lat' dir='ltr'>D..</span> 
     </span>
     <span class='ocr_line' id='line_1_3' title="bbox 1317 249 2510 293; baseline 0.003 -8"><span class='ocrx_word' id='word_1_15' title='bbox 1317 257 1375 285; x_wconf 91' lang='lat' dir='ltr'>fato</span> <span class='ocrx_word' id='word_1_16' title='bbox 1397 254 1524 284; x_wconf 84' lang='lat' dir='ltr'>Franciae</span> <span class='ocrx_word' id='word_1_17' title='bbox 1545 252 1749 290; x_wconf 79' lang='lat' dir='ltr'>conceffimus,</span> <span class='ocrx_word' id='word_1_18' title='bbox 1767 254 1804 283; x_wconf 92' lang='lat' dir='ltr'>set</span> <span class='ocrx_word' id='word_1_19' title='bbox 1825 253 1952 283; x_wconf 82' lang='lat' dir='ltr'>adversus</span> <span class='ocrx_word' id='word_1_20' title='bbox 1976 254 2213 293; x_wconf 83' lang='lat' dir='ltr'>Theothonicos,</span> <span class='ocrx_word' id='word_1_21' title='bbox 2233 255 2388 287; x_wconf 87' lang='lat' dir='ltr'>Ludovico</span> <span class='ocrx_word' id='word_1_22' title='bbox 2424 249 2510 288; x_wconf 74' lang='lat'>¹333·</span> 
     </span>
    </p>
   </div>
   <div class='ocr_carea' id='block_1_3' title="bbox 217 134 268 188">
    <p class='ocr_par' dir='ltr' id='par_1_3' title="bbox 217 134 268 188">
     <span class='ocr_line' id='line_1_4' title="bbox 217 134 268 188; baseline 0 -16"><span class='ocrx_word' id='word_1_23' title='bbox 217 134 268 188; x_wconf 73' lang='lat'>38</span> 
     </span>
    </p>
   </div>
   <div class='ocr_carea' id='block_1_4' title="bbox 69 214 1274 300">
    <p class='ocr_par' dir='ltr' id='par_1_4' title="bbox 69 214 1274 300">
     <span class='ocr_line' id='line_1_5' title="bbox 69 214 1274 256; baseline -0.004 -6"><span class='ocrx_word' id='word_1_24' title='bbox 69 221 145 254; x_wconf 81' lang='lat' dir='ltr'>Ami.</span> <span class='ocrx_word' id='word_1_25' title='bbox 164 217 229 250; x_wconf 51' lang='lat' dir='ltr'>DJ*</span> <span class='ocrx_word' id='word_1_26' title='bbox 248 225 400 256; x_wconf 78' lang='lat' dir='ltr'>tenerent,</span> <span class='ocrx_word' id='word_1_27' title='bbox 424 216 468 247; x_wconf 81' lang='lat' dir='ltr'>vel</span> <span class='ocrx_word' id='word_1_28' title='bbox 487 216 665 246; x_wconf 82' lang='lat' dir='ltr'>nominarent</span> <span class='ocrx_word' id='word_1_29' title='bbox 682 215 806 246; x_wconf 89' lang='lat' dir='ltr'>eundem</span> <span class='ocrx_word' id='word_1_30' title='bbox 842 225 903 245; x_wconf 89' lang='lat' dir='ltr'>non</span> <span class='ocrx_word' id='word_1_31' title='bbox 917 214 1007 245; x_wconf 91' lang='lat' dir='ltr'>solum</span> <span class='ocrx_word' id='word_1_32' title='bbox 1027 214 1274 248; x_wconf 84' lang='lat' dir='ltr'>Excotnmunica-</span> 
     </span>
     <span class='ocr_line' id='line_1_6' title="bbox 90 237 1273 300; baseline -0.003 -13"><span class='ocrx_word' id='word_1_33' title='bbox 90 260 175 300; x_wconf 81' lang='lat'>1338.</span> <span class='ocrx_word' id='word_1_34' title='bbox 210 257 293 286; x_wconf 86' lang='lat' dir='ltr'>tionis</span> <span class='ocrx_word' id='word_1_35' title='bbox 307 257 339 286; x_wconf 70' lang='grc' dir='ltr'>δε</span> <span class='ocrx_word' id='word_1_36' title='bbox 353 255 558 293; x_wconf 80' lang='lat' dir='ltr'>Anathematis,</span> <span class='ocrx_word' id='word_1_37' title='bbox 576 254 614 284; x_wconf 89' lang='lat' dir='ltr'>set</span> <span class='ocrx_word' id='word_1_38' title='bbox 625 255 713 284; x_wconf 91' lang='lat' dir='ltr'>etiam</span> <span class='ocrx_word' id='word_1_39' title='bbox 727 255 789 284; x_wconf 83' lang='lat' dir='ltr'>alias</span> <span class='ocrx_word' id='word_1_40' title='bbox 800 237 1124 293; x_wconf 78' lang='lat' dir='ltr'>13oenas&amp;sententias,</span> <span class='ocrx_word' id='word_1_41' title='bbox 1139 264 1273 292; x_wconf 81' lang='lat' dir='ltr'>tanquam</span> 
     </span>
    </p>
   </div>
   <div class='ocr_carea' id='block_1_5' title="bbox 87 301 187 334">
    <p class='ocr_par' dir='ltr' id='par_1_5' title="bbox 87 301 187 334">
     <span class='ocr_line' id='line_1_7' title="bbox 87 301 187 334; baseline -0.01 -8"><span class='ocrx_word' id='word_1_42' title='bbox 87 301 153 326; x_wconf 78' lang='lat' dir='ltr'>Edv.</span> <span class='ocrx_word' id='word_1_43' title='bbox 175 308 187 334; x_wconf 85' lang='lat'><em>3</em></span> 
     </span>
    </p>
   </div>
   <div class='ocr_carea' id='block_1_6' title="bbox 207 292 1274 332">
    <p class='ocr_par' dir='ltr' id='par_1_6' title="bbox 207 292 1274 332">
     <span class='ocr_line' id='line_1_8' title="bbox 207 292 1274 332; baseline 0 -9"><span class='ocrx_word' id='word_1_44' title='bbox 207 295 238 324; x_wconf 85' lang='lat' dir='ltr'>iii</span> <span class='ocrx_word' id='word_1_45' title='bbox 263 293 392 324; x_wconf 77' lang='lat' dir='ltr'>Fautores</span> <span class='ocrx_word' id='word_1_46' title='bbox 407 316 416 332; x_wconf 87' lang='lat'>,</span> <span class='ocrx_word' id='word_1_47' title='bbox 440 293 643 331; x_wconf 66' lang='lat' dir='ltr'>Auxssimores,</span> <span class='ocrx_word' id='word_1_48' title='bbox 671 293 704 322; x_wconf 86' lang='lat'>&amp;</span> <span class='ocrx_word' id='word_1_49' title='bbox 727 292 886 331; x_wconf 86' lang='lat' dir='ltr'>Valitores,</span> <span class='ocrx_word' id='word_1_50' title='bbox 911 292 1048 323; x_wconf 83' lang='lat' dir='ltr'>Haeretici</span> <span class='ocrx_word' id='word_1_51' title='bbox 1068 293 1102 324; x_wconf 76' lang='grc' dir='ltr'>δε</span> <span class='ocrx_word' id='word_1_52' title='bbox 1117 293 1274 324; x_wconf 86' lang='lat' dir='ltr'>Scisinatici</span> 
     </span>
    </p>
   </div>
   <div class='ocr_carea' id='block_1_7' title="bbox 65 331 1275 373">
    <p class='ocr_par' dir='ltr' id='par_1_7' title="bbox 65 331 1275 373">
     <span class='ocr_line' id='line_1_9' title="bbox 65 331 1275 373; baseline -0.002 -8"><span class='ocrx_word' id='word_1_53' title='bbox 65 336 88 371; x_wconf 63' lang='lat'>{¹⁵</span> <span class='ocrx_word' id='word_1_54' title='bbox 100 334 133 365; x_wconf 76' lang='lat' dir='ltr'>V.</span> <span class='ocrx_word' id='word_1_55' title='bbox 154 337 201 373; x_wconf 83' lang='lat'>89.</span> <span class='ocrx_word' id='word_1_56' title='bbox 211 332 414 372; x_wconf 67' lang='lat' dir='ltr'>promulgavit,</span> <span class='ocrx_word' id='word_1_57' title='bbox 434 332 467 362; x_wconf 73' lang='grc' dir='ltr'>δε</span> <span class='ocrx_word' id='word_1_58' title='bbox 482 341 496 360; x_wconf 91' lang='lat' dir='ltr'>a</span> <span class='ocrx_word' id='word_1_59' title='bbox 506 332 568 369; x_wconf 90' lang='lat' dir='ltr'>jure</span> <span class='ocrx_word' id='word_1_60' title='bbox 579 331 727 362; x_wconf 80' lang='lat' dir='ltr'>declaravit</span> <span class='ocrx_word' id='word_1_61' title='bbox 741 331 874 368; x_wconf 73' lang='lat' dir='ltr'>prolatas,</span> <span class='ocrx_word' id='word_1_62' title='bbox 894 331 963 362; x_wconf 90' lang='lat' dir='ltr'>sicut</span> <span class='ocrx_word' id='word_1_63' title='bbox 980 332 1009 361; x_wconf 89' lang='lat' dir='ltr'>in</span> <span class='ocrx_word' id='word_1_64' title='bbox 1025 331 1135 362; x_wconf 86' lang='lat' dir='ltr'>diversis</span> <span class='ocrx_word' id='word_1_65' title='bbox 1157 331 1275 362; x_wconf 87' lang='lat' dir='ltr'>Proces-</span> 
     </span>
    </p>
   </div>
   <div class='ocr_carea' id='block_1_8' title="bbox 56 3094 192 3132">
    <p class='ocr_par' dir='ltr' id='par_1_8' title="bbox 56 3094 192 3132">
     <span class='ocr_line' id='line_1_10' title="bbox 56 3094 192 3132; baseline 0 -8"><span class='ocrx_word' id='word_1_66' title='bbox 56 3094 76 3129; x_wconf 61' lang='lat'>²?</span> <span class='ocrx_word' id='word_1_67' title='bbox 92 3096 128 3125; x_wconf 83' lang='lat' dir='ltr'>V.</span> <span class='ocrx_word' id='word_1_68' title='bbox 143 3105 192 3132; x_wconf 84' lang='lat'>90.</span> 
     </span>
    </p>
   </div>
   <div class='ocr_carea' id='block_1_9' title="bbox 201 368 1279 4067">
    <p class='ocr_par' dir='ltr' id='par_1_9' title="bbox 210 368 1236 409">
     <span class='ocr_line' id='line_1_11' title="bbox 210 368 1236 409; baseline -0.001 -8"><span class='ocrx_word' id='word_1_69' title='bbox 210 372 298 408; x_wconf 69' lang='lat' dir='ltr'>ribus,</span> <span class='ocrx_word' id='word_1_70' title='bbox 313 380 362 409; x_wconf 91' lang='lat' dir='ltr'>per</span> <span class='ocrx_word' id='word_1_71' title='bbox 375 369 525 408; x_wconf 67' lang='lat' dir='ltr'>praefatum</span> <span class='ocrx_word' id='word_1_72' title='bbox 541 368 781 399; x_wconf 75' lang='lat' dir='ltr'>Praedecefforem</span> <span class='ocrx_word' id='word_1_73' title='bbox 798 369 915 408; x_wconf 87' lang='lat' dir='ltr'>habitis,</span> <span class='ocrx_word' id='word_1_74' title='bbox 931 369 1053 399; x_wconf 76' lang='lat' dir='ltr'>seriofius</span> <span class='ocrx_word' id='word_1_75' title='bbox 1067 371 1236 400; x_wconf 81' lang='lat' dir='ltr'>continetur.</span> 
     </span>
    </p>

    <p class='ocr_par' dir='ltr' id='par_1_10' title="bbox 208 407 1278 641">
     <span class='ocr_line' id='line_1_12' title="bbox 246 407 1276 448; baseline 0.002 -11"><span class='ocrx_word' id='word_1_76' title='bbox 246 408 335 446; x_wconf 80' lang='lat' dir='ltr'>Super</span> <span class='ocrx_word' id='word_1_77' title='bbox 345 408 447 446; x_wconf 85' lang='lat' dir='ltr'>&#39;quibus</span> <span class='ocrx_word' id='word_1_78' title='bbox 458 407 573 447; x_wconf 89' lang='lat' dir='ltr'>quidem</span> <span class='ocrx_word' id='word_1_79' title='bbox 589 407 686 437; x_wconf 79' lang='lat' dir='ltr'>Poenis</span> <span class='ocrx_word' id='word_1_80' title='bbox 699 430 709 446; x_wconf 92' lang='lat'>,</span> <span class='ocrx_word' id='word_1_81' title='bbox 728 417 988 448; x_wconf 87' lang='lat' dir='ltr'>quantumcumque</span> <span class='ocrx_word' id='word_1_82' title='bbox 1003 418 1051 445; x_wconf 88' lang='lat' dir='ltr'>per</span> <span class='ocrx_word' id='word_1_83' title='bbox 1071 409 1162 447; x_wconf 88' lang='lat' dir='ltr'>ipsum</span> <span class='ocrx_word' id='word_1_84' title='bbox 1176 408 1276 439; x_wconf 84' lang='lat' dir='ltr'>Ludo-</span> 
     </span>
     <span class='ocr_line' id='line_1_13' title="bbox 209 445 1277 489; baseline 0 -12"><span class='ocrx_word' id='word_1_85' title='bbox 209 447 306 477; x_wconf 83' lang='lat' dir='ltr'>vi&#39;cum</span> <span class='ocrx_word' id='word_1_86' title='bbox 320 446 481 484; x_wconf 80' lang='lat' dir='ltr'>&#39;promeritis</span> <span class='ocrx_word' id='word_1_87' title='bbox 495 468 505 484; x_wconf 91' lang='lat'>,</span> <span class='ocrx_word' id='word_1_88' title='bbox 524 447 556 477; x_wconf 87' lang='lat'>&amp;</span> <span class='ocrx_word' id='word_1_89' title='bbox 580 446 609 476; x_wconf 88' lang='lat' dir='ltr'>in</span> <span class='ocrx_word' id='word_1_90' title='bbox 630 456 696 476; x_wconf 90' lang='lat' dir='ltr'>eum</span> <span class='ocrx_word' id='word_1_91' title='bbox 712 445 790 485; x_wconf 86' lang='lat' dir='ltr'>justo</span> <span class='ocrx_word' id='word_1_92' title='bbox 810 445 946 477; x_wconf 77' lang='lat' dir='ltr'>Ecclesiae</span> <span class='ocrx_word' id='word_1_93' title='bbox 956 446 1068 484; x_wconf 90' lang='lat' dir='ltr'>judicio</span> <span class='ocrx_word' id='word_1_94' title='bbox 1082 447 1277 489; x_wconf 74' lang='lat' dir='ltr'>promulgatis,</span> 
     </span>
     <span class='ocr_line' id='line_1_14' title="bbox 209 483 1278 525; baseline 0 -10"><span class='ocrx_word' id='word_1_95' title='bbox 209 484 228 515; x_wconf 78' lang='lat' dir='ltr'>si</span> <span class='ocrx_word' id='word_1_96' title='bbox 249 485 315 515; x_wconf 76' lang='lat' dir='ltr'>vere</span> <span class='ocrx_word' id='word_1_97' title='bbox 336 483 481 514; x_wconf 84' lang='lat' dir='ltr'>Poenitens</span> <span class='ocrx_word' id='word_1_98' title='bbox 500 484 526 514; x_wconf 92' lang='lat' dir='ltr'>se</span> <span class='ocrx_word' id='word_1_99' title='bbox 548 484 737 524; x_wconf 69' lang='lat' dir='ltr'>humiliasset,</span> <span class='ocrx_word' id='word_1_100' title='bbox 762 484 796 515; x_wconf 88' lang='lat' dir='ltr'>ad</span> <span class='ocrx_word' id='word_1_101' title='bbox 817 486 935 523; x_wconf 83' lang='lat' dir='ltr'>gratiam</span> <span class='ocrx_word' id='word_1_102' title='bbox 957 486 1112 525; x_wconf 83' lang='lat' dir='ltr'>benignam</span> <span class='ocrx_word' id='word_1_103' title='bbox 1137 486 1278 525; x_wconf 87' lang='lat' dir='ltr'>reperisset</span> 
     </span>
     <span class='ocr_line' id='line_1_15' title="bbox 208 521 1277 563; baseline 0.002 -11"><span class='ocrx_word' id='word_1_104' title='bbox 208 521 325 552; x_wconf 80' lang='lat' dir='ltr'>eandem</span> <span class='ocrx_word' id='word_1_105' title='bbox 349 521 501 553; x_wconf 81' lang='lat' dir='ltr'>Eccleiiam</span> <span class='ocrx_word' id='word_1_106' title='bbox 515 545 526 561; x_wconf 93' lang='lat'>,</span> <span class='ocrx_word' id='word_1_107' title='bbox 548 532 611 562; x_wconf 66' lang='lat' dir='ltr'>quse</span> <span class='ocrx_word' id='word_1_108' title='bbox 631 523 721 563; x_wconf 88' lang='lat' dir='ltr'>ipsum</span> <span class='ocrx_word' id='word_1_109' title='bbox 737 545 748 561; x_wconf 90' lang='lat'>,</span> <span class='ocrx_word' id='word_1_110' title='bbox 771 531 905 561; x_wconf 85' lang='lat' dir='ltr'>tanquam</span> <span class='ocrx_word' id='word_1_111' title='bbox 927 523 1028 553; x_wconf 87' lang='lat' dir='ltr'>Filium</span> <span class='ocrx_word' id='word_1_112' title='bbox 1052 524 1223 563; x_wconf 85' lang='lat' dir='ltr'>Prodigum,</span> <span class='ocrx_word' id='word_1_113' title='bbox 1240 524 1277 553; x_wconf 81' lang='lat' dir='ltr'>de</span> 
     </span>
     <span class='ocr_line' id='line_1_16' title="bbox 209 559 1278 601; baseline 0.002 -11"><span class='ocrx_word' id='word_1_114' title='bbox 209 561 366 599; x_wconf 81' lang='lat' dir='ltr'>longinquo</span> <span class='ocrx_word' id='word_1_115' title='bbox 380 583 389 598; x_wconf 90' lang='lat'>,</span> <span class='ocrx_word' id='word_1_116' title='bbox 410 559 605 601; x_wconf 78' lang='lat' dir='ltr'>redemptione</span> <span class='ocrx_word' id='word_1_117' title='bbox 627 562 661 592; x_wconf 89' lang='lat' dir='ltr'>ad</span> <span class='ocrx_word' id='word_1_118' title='bbox 683 562 762 591; x_wconf 88' lang='lat' dir='ltr'>suum</span> <span class='ocrx_word' id='word_1_119' title='bbox 781 561 938 592; x_wconf 89' lang='lat' dir='ltr'>Gremium</span> <span class='ocrx_word' id='word_1_120' title='bbox 951 563 1051 601; x_wconf 89' lang='lat' dir='ltr'>apertis</span> <span class='ocrx_word' id='word_1_121' title='bbox 1064 562 1185 593; x_wconf 89' lang='lat' dir='ltr'>Brachiis</span> <span class='ocrx_word' id='word_1_122' title='bbox 1200 572 1278 592; x_wconf 90' lang='lat' dir='ltr'>rece-</span> 
     </span>
     <span class='ocr_line' id='line_1_17' title="bbox 208 599 1275 641; baseline 0.003 -13"><span class='ocrx_word' id='word_1_123' title='bbox 208 599 306 641; x_wconf 82' lang='lat' dir='ltr'>piffet,</span> <span class='ocrx_word' id='word_1_124' title='bbox 325 599 504 630; x_wconf 87' lang='lat' dir='ltr'>immolatura</span> <span class='ocrx_word' id='word_1_125' title='bbox 517 609 570 636; x_wconf 89' lang='lat' dir='ltr'>pro</span> <span class='ocrx_word' id='word_1_126' title='bbox 586 610 638 640; x_wconf 89' lang='lat' dir='ltr'>eo,</span> <span class='ocrx_word' id='word_1_127' title='bbox 656 601 686 630; x_wconf 88' lang='lat' dir='ltr'>in</span> <span class='ocrx_word' id='word_1_128' title='bbox 700 600 825 631; x_wconf 86' lang='lat' dir='ltr'>ubertate</span> <span class='ocrx_word' id='word_1_129' title='bbox 840 601 945 632; x_wconf 86' lang='lat' dir='ltr'>divinae</span> <span class='ocrx_word' id='word_1_130' title='bbox 964 600 1068 640; x_wconf 86' lang='lat' dir='ltr'>laudis,</span> <span class='ocrx_word' id='word_1_131' title='bbox 1083 601 1214 632; x_wconf 92' lang='lat' dir='ltr'>Vitulum</span> <span class='ocrx_word' id='word_1_132' title='bbox 1227 601 1275 631; x_wconf 86' lang='lat' dir='ltr'>Sa-</span> 
     </span>
    </p>

    <p class='ocr_par' dir='ltr' id='par_1_11' title="bbox 230 646 344 667">
     <span class='ocr_line' id='line_1_18' title="bbox 230 646 344 667; baseline -0.009 0"><span class='ocrx_word' id='word_1_133' title='bbox 230 646 344 667; x_wconf 86' lang='lat' dir='ltr'>matum.</span> 
     </span>
    </p>

    <p class='ocr_par' dir='ltr' id='par_1_12' title="bbox 207 646 1279 1178">
     <span class='ocr_line' id='line_1_19' title="bbox 208 646 1278 718; baseline 0.002 -13"><span class='ocrx_word' id='word_1_134' title='bbox 208 646 227 676; x_wconf 74' lang='lat' dir='ltr'>g</span> <span class='ocrx_word' id='word_1_135' title='bbox 247 675 354 706; x_wconf 85' lang='lat' dir='ltr'><strong>Rursus</strong></span> <span class='ocrx_word' id='word_1_136' title='bbox 368 676 520 713; x_wconf 87' lang='lat' dir='ltr'>adjecimus</span> <span class='ocrx_word' id='word_1_137' title='bbox 533 677 562 707; x_wconf 89' lang='lat' dir='ltr'>in</span> <span class='ocrx_word' id='word_1_138' title='bbox 575 677 668 708; x_wconf 89' lang='lat' dir='ltr'>litteris</span> <span class='ocrx_word' id='word_1_139' title='bbox 677 677 837 715; x_wconf 68' lang='lat' dir='ltr'>supradichis</span> <span class='ocrx_word' id='word_1_140' title='bbox 851 677 1126 718; x_wconf 79' lang='lat' dir='ltr'>quod,quamquam</span> <span class='ocrx_word' id='word_1_141' title='bbox 1141 679 1198 708; x_wconf 78' lang='lat' dir='ltr'>tam</span> <span class='ocrx_word' id='word_1_142' title='bbox 1208 687 1278 714; x_wconf 78' lang='lat' dir='ltr'>pi‘ae-</span> 
     </span>
     <span class='ocr_line' id='line_1_20' title="bbox 208 710 1276 755; baseline 0.001 -11"><span class='ocrx_word' id='word_1_143' title='bbox 208 710 354 745; x_wconf 68' lang='lat' dir='ltr'>di&amp;or·um</span> <span class='ocrx_word' id='word_1_144' title='bbox 374 713 547 745; x_wconf 80' lang='lat' dir='ltr'>Exceffuum</span> <span class='ocrx_word' id='word_1_145' title='bbox 562 737 571 754; x_wconf 89' lang='lat'>,</span> <span class='ocrx_word' id='word_1_146' title='bbox 586 717 670 753; x_wconf 69' lang='lat' dir='ltr'>quam</span> <span class='ocrx_word' id='word_1_147' title='bbox 692 717 859 747; x_wconf 82' lang='lat' dir='ltr'>eorumdem</span> <span class='ocrx_word' id='word_1_148' title='bbox 878 716 1079 755; x_wconf 81' lang='lat' dir='ltr'>Proceii&#39;uum,</span> <span class='ocrx_word' id='word_1_149' title='bbox 1097 726 1145 755; x_wconf 83' lang='lat' dir='ltr'>per</span> <span class='ocrx_word' id='word_1_150' title='bbox 1166 716 1276 746; x_wconf 68' lang='lat' dir='ltr'>dierum</span> 
     </span>
     <span class='ocr_line' id='line_1_21' title="bbox 208 747 1277 794; baseline 0.001 -11"><span class='ocrx_word' id='word_1_151' title='bbox 208 747 446 783; x_wconf 79' lang='lat' dir='ltr'>Praedecefforem</span> <span class='ocrx_word' id='word_1_152' title='bbox 456 763 572 791; x_wconf 86' lang='lat' dir='ltr'>‚contra</span> <span class='ocrx_word' id='word_1_153' title='bbox 585 755 695 785; x_wconf 69' lang='lat' dir='ltr'>dietum</span> <span class='ocrx_word' id='word_1_154' title='bbox 712 754 913 793; x_wconf 87' lang='lat' dir='ltr'>Ludovicum,</span> <span class='ocrx_word' id='word_1_155' title='bbox 922 757 1050 794; x_wconf 82' lang='lat' dir='ltr'>exigente</span> <span class='ocrx_word' id='word_1_156' title='bbox 1061 754 1174 792; x_wconf 72' lang='lat' dir='ltr'>justitia</span> <span class='ocrx_word' id='word_1_157' title='bbox 1183 754 1277 794; x_wconf 90' lang='lat' dir='ltr'>,post-</span> 
     </span>
     <span class='ocr_line' id='line_1_22' title="bbox 209 790 1276 832; baseline 0.004 -12"><span class='ocrx_word' id='word_1_158' title='bbox 209 791 331 821; x_wconf 81' lang='lat' dir='ltr'>modum</span> <span class='ocrx_word' id='word_1_159' title='bbox 347 790 525 829; x_wconf 87' lang='lat' dir='ltr'>habitorum,</span> <span class='ocrx_word' id='word_1_160' title='bbox 545 794 673 823; x_wconf 88' lang='lat' dir='ltr'>n0titiam</span> <span class='ocrx_word' id='word_1_161' title='bbox 688 793 871 824; x_wconf 73' lang='lat' dir='ltr'>habuissemus</span> <span class='ocrx_word' id='word_1_162' title='bbox 886 816 896 832; x_wconf 93' lang='lat'>,</span> <span class='ocrx_word' id='word_1_163' title='bbox 916 794 948 823; x_wconf 74' lang='grc' dir='ltr'>δε</span> <span class='ocrx_word' id='word_1_164' title='bbox 963 795 1047 823; x_wconf 90' lang='lat' dir='ltr'>etiarn</span> <span class='ocrx_word' id='word_1_165' title='bbox 1062 794 1227 831; x_wconf 77' lang='lat' dir='ltr'>habeamus,</span> <span class='ocrx_word' id='word_1_166' title='bbox 1245 802 1276 824; x_wconf 86' lang='lat' dir='ltr'>ut</span> 
     </span>
     <span class='ocr_line' id='line_1_23' title="bbox 208 829 1276 869; baseline 0.001 -9"><span class='ocrx_word' id='word_1_167' title='bbox 208 837 304 860; x_wconf 84' lang='lat' dir='ltr'>tamen</span> <span class='ocrx_word' id='word_1_168' title='bbox 319 829 425 869; x_wconf 77' lang='lat' dir='ltr'>ipsum,</span> <span class='ocrx_word' id='word_1_169' title='bbox 443 831 458 860; x_wconf 74' lang='lat' dir='ltr'>a</span> <span class='ocrx_word' id='word_1_170' title='bbox 473 829 662 862; x_wconf 85' lang='lat' dir='ltr'>Peccatorum</span> <span class='ocrx_word' id='word_1_171' title='bbox 676 833 792 862; x_wconf 83' lang='lat' dir='ltr'>nexibus</span> <span class='ocrx_word' id='word_1_172' title='bbox 813 832 962 862; x_wconf 81' lang='lat' dir='ltr'>liberatum</span> <span class='ocrx_word' id='word_1_173' title='bbox 978 854 987 869; x_wconf 92' lang='lat'>,</span> <span class='ocrx_word' id='word_1_174' title='bbox 1007 832 1042 862; x_wconf 83' lang='lat' dir='ltr'>de</span> <span class='ocrx_word' id='word_1_175' title='bbox 1057 832 1183 862; x_wconf 76' lang='lat' dir='ltr'>saucibus</span> <span class='ocrx_word' id='word_1_176' title='bbox 1195 832 1276 862; x_wconf 85' lang='lat' dir='ltr'>Sem·</span> 
     </span>
     <span class='ocr_line' id='line_1_24' title="bbox 207 867 1277 911; baseline 0.003 -14"><span class='ocrx_word' id='word_1_177' title='bbox 207 867 327 907; x_wconf 85' lang='lat' dir='ltr'>piternae</span> <span class='ocrx_word' id='word_1_178' title='bbox 355 867 460 898; x_wconf 84' lang='lat' dir='ltr'>Mortis</span> <span class='ocrx_word' id='word_1_179' title='bbox 483 869 626 908; x_wconf 73' lang='lat' dir='ltr'>possemus</span> <span class='ocrx_word' id='word_1_180' title='bbox 649 871 754 911; x_wconf 86' lang='lat' dir='ltr'>eripere</span> <span class='ocrx_word' id='word_1_181' title='bbox 768 894 778 909; x_wconf 91' lang='lat'>,</span> <span class='ocrx_word' id='word_1_182' title='bbox 801 870 951 908; x_wconf 82' lang='lat' dir='ltr'>postquam</span> <span class='ocrx_word' id='word_1_183' title='bbox 974 871 1079 900; x_wconf 87' lang='lat' dir='ltr'>fuimus</span> <span class='ocrx_word' id='word_1_184' title='bbox 1098 870 1132 900; x_wconf 90' lang='lat' dir='ltr'>ad</span> <span class='ocrx_word' id='word_1_185' title='bbox 1154 870 1277 909; x_wconf 84' lang='lat' dir='ltr'>Apicem</span> 
     </span>
     <span class='ocr_line' id='line_1_25' title="bbox 210 905 1277 948; baseline 0.003 -12"><span class='ocrx_word' id='word_1_186' title='bbox 210 905 324 936; x_wconf 87' lang='lat' dir='ltr'>Summi</span> <span class='ocrx_word' id='word_1_187' title='bbox 339 906 525 944; x_wconf 73' lang='lat' dir='ltr'>Apostolatsis</span> <span class='ocrx_word' id='word_1_188' title='bbox 539 908 688 948; x_wconf 77' lang='lat' dir='ltr'>assumpti,</span> <span class='ocrx_word' id='word_1_189' title='bbox 705 908 826 939; x_wconf 85' lang='lat' dir='ltr'>diversos</span> <span class='ocrx_word' id='word_1_190' title='bbox 844 907 980 938; x_wconf 87' lang='lat' dir='ltr'>Nuncios</span> <span class='ocrx_word' id='word_1_191' title='bbox 992 910 1063 947; x_wconf 81' lang='lat' dir='ltr'>ejus,</span> <span class='ocrx_word' id='word_1_192' title='bbox 1082 908 1193 939; x_wconf 83' lang='lat' dir='ltr'>diveriis</span> <span class='ocrx_word' id='word_1_193' title='bbox 1205 910 1277 939; x_wconf 92' lang='lat' dir='ltr'>vici-</span> 
     </span>
     <span class='ocr_line' id='line_1_26' title="bbox 210 945 1277 986; baseline 0.002 -10"><span class='ocrx_word' id='word_1_194' title='bbox 210 945 262 976; x_wconf 85' lang='lat' dir='ltr'>bus</span> <span class='ocrx_word' id='word_1_195' title='bbox 283 946 316 976; x_wconf 84' lang='lat'>&amp;</span> <span class='ocrx_word' id='word_1_196' title='bbox 338 947 511 983; x_wconf 85' lang='lat' dir='ltr'>temporibus</span> <span class='ocrx_word' id='word_1_197' title='bbox 530 947 564 977; x_wconf 88' lang='lat' dir='ltr'>ad</span> <span class='ocrx_word' id='word_1_198' title='bbox 583 957 635 977; x_wconf 89' lang='lat' dir='ltr'>nos</span> <span class='ocrx_word' id='word_1_199' title='bbox 657 946 751 977; x_wconf 69' lang='lat' dir='ltr'>mistos</span> <span class='ocrx_word' id='word_1_200' title='bbox 764 970 774 986; x_wconf 91' lang='lat'>,</span> <span class='ocrx_word' id='word_1_201' title='bbox 793 957 986 985; x_wconf 82' lang='lat' dir='ltr'>receperamus</span> <span class='ocrx_word' id='word_1_202' title='bbox 1011 948 1156 985; x_wconf 79' lang='lat' dir='ltr'>benigne,</span> <span class='ocrx_word' id='word_1_203' title='bbox 1171 957 1205 977; x_wconf 92' lang='lat' dir='ltr'>ac</span> <span class='ocrx_word' id='word_1_204' title='bbox 1223 957 1277 985; x_wconf 88' lang='lat' dir='ltr'>pro</span> 
     </span>
     <span class='ocr_line' id='line_1_27' title="bbox 210 984 1279 1024; baseline 0.002 -11"><span class='ocrx_word' id='word_1_205' title='bbox 210 984 446 1015; x_wconf 81' lang='lat' dir='ltr'>reconciliatione</span> <span class='ocrx_word' id='word_1_206' title='bbox 460 985 540 1024; x_wconf 80' lang='lat' dir='ltr'>ipiius</span> <span class='ocrx_word' id='word_1_207' title='bbox 552 1008 561 1024; x_wconf 86' lang='lat'>‚</span> <span class='ocrx_word' id='word_1_208' title='bbox 581 995 628 1023; x_wconf 89' lang='lat' dir='ltr'>per</span> <span class='ocrx_word' id='word_1_209' title='bbox 647 985 771 1015; x_wconf 62' lang='lat' dir='ltr'>frudtuni</span> <span class='ocrx_word' id='word_1_210' title='bbox 789 995 865 1016; x_wconf 86' lang='lat' dir='ltr'>verae</span> <span class='ocrx_word' id='word_1_211' title='bbox 885 987 1062 1023; x_wconf 81' lang='lat' dir='ltr'>poenitentiae</span> <span class='ocrx_word' id='word_1_212' title='bbox 1073 986 1279 1024; x_wconf 88' lang='lat' dir='ltr'>promerenda,</span> 
     </span>
     <span class='ocr_line' id='line_1_28' title="bbox 210 1022 1278 1063; baseline 0.004 -12"><span class='ocrx_word' id='word_1_213' title='bbox 210 1022 424 1062; x_wconf 84' lang='lat' dir='ltr'>prolocutiones</span> <span class='ocrx_word' id='word_1_214' title='bbox 447 1025 532 1054; x_wconf 85' lang='lat' dir='ltr'>varias</span> <span class='ocrx_word' id='word_1_215' title='bbox 552 1024 735 1054; x_wconf 68' lang='lat' dir='ltr'>habueramus</span> <span class='ocrx_word' id='word_1_216' title='bbox 750 1034 818 1054; x_wconf 91' lang='lat' dir='ltr'>cum</span> <span class='ocrx_word' id='word_1_217' title='bbox 831 1026 869 1054; x_wconf 91' lang='lat' dir='ltr'>eis</span> <span class='ocrx_word' id='word_1_218' title='bbox 881 1047 891 1063; x_wconf 89' lang='lat'>,</span> <span class='ocrx_word' id='word_1_219' title='bbox 907 1025 939 1055; x_wconf 91' lang='lat'>&amp;</span> <span class='ocrx_word' id='word_1_220' title='bbox 956 1033 1024 1055; x_wconf 93' lang='lat' dir='ltr'>tunc</span> <span class='ocrx_word' id='word_1_221' title='bbox 1041 1024 1179 1062; x_wconf 84' lang='lat' dir='ltr'>pendebat</span> <span class='ocrx_word' id='word_1_222' title='bbox 1193 1026 1278 1055; x_wconf 91' lang='lat' dir='ltr'>etiam</span> 
     </span>
     <span class='ocr_line' id='line_1_29' title="bbox 211 1061 1279 1103; baseline 0.003 -13"><span class='ocrx_word' id='word_1_223' title='bbox 211 1061 247 1091; x_wconf 85' lang='lat' dir='ltr'>ad</span> <span class='ocrx_word' id='word_1_224' title='bbox 263 1061 488 1101; x_wconf 85' lang='lat' dir='ltr'>proloquendum</span> <span class='ocrx_word' id='word_1_225' title='bbox 505 1062 617 1092; x_wconf 79' lang='lat' dir='ltr'>ulterius</span> <span class='ocrx_word' id='word_1_226' title='bbox 631 1062 785 1093; x_wconf 87' lang='lat' dir='ltr'>Terminus</span> <span class='ocrx_word' id='word_1_227' title='bbox 801 1063 963 1102; x_wconf 78' lang='lat' dir='ltr'>assignatus,</span> <span class='ocrx_word' id='word_1_228' title='bbox 982 1064 1011 1093; x_wconf 89' lang='lat' dir='ltr'>in</span> <span class='ocrx_word' id='word_1_229' title='bbox 1033 1073 1109 1103; x_wconf 77' lang='lat' dir='ltr'>que,</span> <span class='ocrx_word' id='word_1_230' title='bbox 1127 1063 1279 1103; x_wconf 90' lang='lat' dir='ltr'>proculdu-</span> 
     </span>
     <span class='ocr_line' id='line_1_30' title="bbox 211 1099 1278 1142; baseline 0.004 -14"><span class='ocrx_word' id='word_1_231' title='bbox 211 1099 281 1137; x_wconf 90' lang='lat' dir='ltr'>bio,</span> <span class='ocrx_word' id='word_1_232' title='bbox 303 1110 350 1138; x_wconf 85' lang='lat' dir='ltr'>per</span> <span class='ocrx_word' id='word_1_233' title='bbox 369 1110 420 1130; x_wconf 89' lang='lat' dir='ltr'>nos</span> <span class='ocrx_word' id='word_1_234' title='bbox 436 1110 494 1130; x_wconf 90' lang='lat' dir='ltr'>tion</span> <span class='ocrx_word' id='word_1_235' title='bbox 509 1101 584 1131; x_wconf 89' lang='lat' dir='ltr'>stetit</span> <span class='ocrx_word' id='word_1_236' title='bbox 599 1110 659 1139; x_wconf 93' lang='lat' dir='ltr'>quo</span> <span class='ocrx_word' id='word_1_237' title='bbox 674 1102 768 1132; x_wconf 90' lang='lat' dir='ltr'>minus</span> <span class='ocrx_word' id='word_1_238' title='bbox 780 1102 890 1132; x_wconf 82' lang='lat' dir='ltr'>ulterius</span> <span class='ocrx_word' id='word_1_239' title='bbox 903 1101 986 1132; x_wconf 87' lang='lat' dir='ltr'>fuerit</span> <span class='ocrx_word' id='word_1_240' title='bbox 998 1102 1076 1142; x_wconf 85' lang='lat' dir='ltr'>super</span> <span class='ocrx_word' id='word_1_241' title='bbox 1092 1103 1210 1140; x_wconf 88' lang='lat' dir='ltr'>negotio</span> <span class='ocrx_word' id='word_1_242' title='bbox 1219 1102 1278 1132; x_wconf 88' lang='lat' dir='ltr'>Re-</span> 
     </span>
     <span class='ocr_line' id='line_1_31' title="bbox 211 1138 740 1178; baseline 0.006 -11"><span class='ocrx_word' id='word_1_243' title='bbox 211 1139 415 1168; x_wconf 72' lang='lat' dir='ltr'>conciliationis</span> <span class='ocrx_word' id='word_1_244' title='bbox 428 1138 551 1178; x_wconf 87' lang='lat' dir='ltr'>ejusdem</span> <span class='ocrx_word' id='word_1_245' title='bbox 565 1138 740 1170; x_wconf 82' lang='lat' dir='ltr'>Proceffum.</span> 
     </span>
    </p>

    <p class='ocr_par' dir='ltr' id='par_1_13' title="bbox 210 1176 1277 1333">
     <span class='ocr_line' id='line_1_32' title="bbox 250 1176 1273 1217; baseline 0.005 -12"><span class='ocrx_word' id='word_1_246' title='bbox 250 1176 363 1215; x_wconf 84' lang='lat' dir='ltr'>Quare,</span> <span class='ocrx_word' id='word_1_247' title='bbox 383 1177 434 1207; x_wconf 87' lang='lat' dir='ltr'>Fili</span> <span class='ocrx_word' id='word_1_248' title='bbox 457 1177 664 1216; x_wconf 62' lang='lat' dir='ltr'>Dilectissimis,</span> <span class='ocrx_word' id='word_1_249' title='bbox 682 1178 866 1209; x_wconf 88' lang='lat' dir='ltr'>Serenitateni</span> <span class='ocrx_word' id='word_1_250' title='bbox 887 1186 964 1209; x_wconf 86' lang='lat' dir='ltr'>tuam</span> <span class='ocrx_word' id='word_1_251' title='bbox 985 1178 1180 1217; x_wconf 81' lang='lat' dir='ltr'>requirendam</span> <span class='ocrx_word' id='word_1_252' title='bbox 1203 1187 1273 1210; x_wconf 89' lang='lat' dir='ltr'>tunc</span> 
     </span>
     <span class='ocr_line' id='line_1_33' title="bbox 210 1213 1277 1257; baseline 0.003 -13"><span class='ocrx_word' id='word_1_253' title='bbox 210 1213 340 1245; x_wconf 85' lang='lat' dir='ltr'>duximus</span> <span class='ocrx_word' id='word_1_254' title='bbox 352 1225 402 1254; x_wconf 89' lang='lat' dir='ltr'>per</span> <span class='ocrx_word' id='word_1_255' title='bbox 417 1215 526 1246; x_wconf 83' lang='lat' dir='ltr'>easdem</span> <span class='ocrx_word' id='word_1_256' title='bbox 543 1216 662 1248; x_wconf 85' lang='lat' dir='ltr'>Litteras</span> <span class='ocrx_word' id='word_1_257' title='bbox 675 1217 708 1247; x_wconf 76' lang='grc' dir='ltr'>δε</span> <span class='ocrx_word' id='word_1_258' title='bbox 721 1217 894 1256; x_wconf 78' lang='lat' dir='ltr'>rogandam,</span> <span class='ocrx_word' id='word_1_259' title='bbox 913 1226 942 1248; x_wconf 88' lang='lat' dir='ltr'>ut</span> <span class='ocrx_word' id='word_1_260' title='bbox 958 1218 1108 1257; x_wconf 87' lang='lat' dir='ltr'>prudenter</span> <span class='ocrx_word' id='word_1_261' title='bbox 1123 1217 1277 1256; x_wconf 87' lang='lat' dir='ltr'>advertens,</span> 
     </span>
     <span class='ocr_line' id='line_1_34' title="bbox 211 1253 1276 1295; baseline 0.004 -12"><span class='ocrx_word' id='word_1_262' title='bbox 211 1253 245 1283; x_wconf 90' lang='lat'>&amp;</span> <span class='ocrx_word' id='word_1_263' title='bbox 265 1254 292 1283; x_wconf 90' lang='lat' dir='ltr'>in</span> <span class='ocrx_word' id='word_1_264' title='bbox 306 1254 468 1284; x_wconf 89' lang='lat' dir='ltr'>scrutinium</span> <span class='ocrx_word' id='word_1_265' title='bbox 482 1256 600 1286; x_wconf 85' lang='lat' dir='ltr'>internae</span> <span class='ocrx_word' id='word_1_266' title='bbox 613 1255 841 1286; x_wconf 71' lang='lat' dir='ltr'>considerationis</span> <span class='ocrx_word' id='word_1_267' title='bbox 855 1255 1015 1295; x_wconf 85' lang='lat' dir='ltr'>adducens,</span> <span class='ocrx_word' id='word_1_268' title='bbox 1034 1257 1198 1295; x_wconf 85' lang='lat' dir='ltr'>gravitatem</span> <span class='ocrx_word' id='word_1_269' title='bbox 1212 1266 1276 1294; x_wconf 87' lang='lat' dir='ltr'>poe-</span> 
     </span>
     <span class='ocr_line' id='line_1_35' title="bbox 212 1293 1275 1333; baseline 0.004 -12"><span class='ocrx_word' id='word_1_270' title='bbox 212 1301 313 1328; x_wconf 76' lang='lat' dir='ltr'>riarum</span> <span class='ocrx_word' id='word_1_271' title='bbox 327 1315 337 1330; x_wconf 94' lang='lat'>,</span> <span class='ocrx_word' id='word_1_272' title='bbox 363 1293 392 1323; x_wconf 92' lang='lat' dir='ltr'>in</span> <span class='ocrx_word' id='word_1_273' title='bbox 411 1302 477 1331; x_wconf 85' lang='lat' dir='ltr'>quas</span> <span class='ocrx_word' id='word_1_274' title='bbox 497 1293 651 1324; x_wconf 87' lang='lat' dir='ltr'>inciderent</span> <span class='ocrx_word' id='word_1_275' title='bbox 692 1293 725 1324; x_wconf 90' lang='lat'>&amp;</span> <span class='ocrx_word' id='word_1_276' title='bbox 745 1294 950 1324; x_wconf 85' lang='lat' dir='ltr'>Sententiarum</span> <span class='ocrx_word' id='word_1_277' title='bbox 965 1317 975 1332; x_wconf 87' lang='lat'>,</span> <span class='ocrx_word' id='word_1_278' title='bbox 993 1305 1059 1333; x_wconf 79' lang='lat' dir='ltr'>quas</span> <span class='ocrx_word' id='word_1_279' title='bbox 1082 1295 1275 1333; x_wconf 84' lang='lat' dir='ltr'>incurrerent,</span> 
     </span>
    </p>

    <p class='ocr_par' dir='ltr' id='par_1_14' title="bbox 208 1316 1278 1823">
     <span class='ocr_line' id='line_1_36' title="bbox 235 1316 1278 1374; baseline 0.003 -14"><span class='ocrx_word' id='word_1_280' title='bbox 235 1331 378 1369; x_wconf 86' lang='lat' dir='ltr'>uantisque</span> <span class='ocrx_word' id='word_1_281' title='bbox 398 1330 530 1362; x_wconf 83' lang='lat' dir='ltr'>Periculis</span> <span class='ocrx_word' id='word_1_282' title='bbox 547 1332 584 1363; x_wconf 88' lang='lat' dir='ltr'>Se</span> <span class='ocrx_word' id='word_1_283' title='bbox 605 1333 638 1363; x_wconf 89' lang='lat'>&amp;</span> <span class='ocrx_word' id='word_1_284' title='bbox 659 1316 876 1362; x_wconf 69' lang='lat' dir='ltr'>I&#39;Discriminibus</span> <span class='ocrx_word' id='word_1_285' title='bbox 889 1332 1079 1371; x_wconf 85' lang='lat' dir='ltr'>implicarent,</span> <span class='ocrx_word' id='word_1_286' title='bbox 1096 1335 1145 1372; x_wconf 89' lang='lat' dir='ltr'>qui</span> <span class='ocrx_word' id='word_1_287' title='bbox 1158 1333 1278 1374; x_wconf 84' lang='lat' dir='ltr'>praefato</span> 
     </span>
     <span class='ocr_line' id='line_1_37' title="bbox 212 1339 1276 1410; baseline 0.004 -11"><span class='ocrx_word' id='word_1_288' title='bbox 212 1339 386 1409; x_wconf 55' lang='lat' dir='ltr'>{udovicQ</span> <span class='ocrx_word' id='word_1_289' title='bbox 405 1370 441 1399; x_wconf 81' lang='lat' dir='ltr'>iic</span> <span class='ocrx_word' id='word_1_290' title='bbox 458 1371 570 1408; x_wconf 83' lang='lat' dir='ltr'>publice</span> <span class='ocrx_word' id='word_1_291' title='bbox 585 1372 618 1401; x_wconf 71' lang='lat' dir='ltr'>Sc</span> <span class='ocrx_word' id='word_1_292' title='bbox 633 1372 745 1400; x_wconf 83' lang='lat' dir='ltr'>notorie</span> <span class='ocrx_word' id='word_1_293' title='bbox 767 1371 803 1400; x_wconf 94' lang='lat' dir='ltr'>de</span> <span class='ocrx_word' id='word_1_294' title='bbox 825 1373 1003 1410; x_wconf 80' lang='lat' dir='ltr'>pravitatibus</span> <span class='ocrx_word' id='word_1_295' title='bbox 1024 1371 1162 1410; x_wconf 84' lang='lat' dir='ltr'>Haeresis,</span> <span class='ocrx_word' id='word_1_296' title='bbox 1184 1373 1217 1403; x_wconf 92' lang='lat'>&amp;</span> <span class='ocrx_word' id='word_1_297' title='bbox 1239 1373 1276 1403; x_wconf 81' lang='lat' dir='ltr'>iic</span> 
     </span>
     <span class='ocr_line' id='line_1_38' title="bbox 215 1406 1277 1450; baseline 0.004 -13"><span class='ocrx_word' id='word_1_298' title='bbox 215 1406 305 1438; x_wconf 88' lang='lat' dir='ltr'>odiosi</span> <span class='ocrx_word' id='word_1_299' title='bbox 324 1409 377 1438; x_wconf 90' lang='lat' dir='ltr'>toti</span> <span class='ocrx_word' id='word_1_300' title='bbox 400 1407 602 1438; x_wconf 79' lang='lat' dir='ltr'>Christianitaii</span> <span class='ocrx_word' id='word_1_301' title='bbox 625 1409 781 1448; x_wconf 85' lang='lat' dir='ltr'>Scismatis,</span> <span class='ocrx_word' id='word_1_302' title='bbox 798 1409 1027 1448; x_wconf 87' lang='lat' dir='ltr'>condempnato,</span> <span class='ocrx_word' id='word_1_303' title='bbox 1045 1420 1195 1450; x_wconf 84' lang='lat' dir='ltr'>antequam</span> <span class='ocrx_word' id='word_1_304' title='bbox 1216 1410 1277 1441; x_wconf 91' lang='lat' dir='ltr'>Re-</span> 
     </span>
     <span class='ocr_line' id='line_1_39' title="bbox 210 1446 1276 1489; baseline 0.005 -14"><span class='ocrx_word' id='word_1_305' title='bbox 210 1446 414 1477; x_wconf 76' lang='lat' dir='ltr'>conciliationis</span> <span class='ocrx_word' id='word_1_306' title='bbox 427 1448 542 1486; x_wconf 84' lang='lat' dir='ltr'>gratiam</span> <span class='ocrx_word' id='word_1_307' title='bbox 557 1448 676 1484; x_wconf 75' lang='lat' dir='ltr'>ei&#39;usdem</span> <span class='ocrx_word' id='word_1_308' title='bbox 691 1446 822 1478; x_wconf 75' lang='lat' dir='ltr'>Eccleiiae</span> <span class='ocrx_word' id='word_1_309' title='bbox 837 1449 1166 1489; x_wconf 80' lang='lat' dir='ltr'>meruiilet,patticipare</span> <span class='ocrx_word' id='word_1_310' title='bbox 1174 1450 1276 1488; x_wconf 79' lang='lat' dir='ltr'>praesu-</span> 
     </span>
     <span class='ocr_line' id='line_1_40' title="bbox 212 1484 1276 1526; baseline 0.004 -12"><span class='ocrx_word' id='word_1_311' title='bbox 212 1493 341 1522; x_wconf 88' lang='lat' dir='ltr'>merent,</span> <span class='ocrx_word' id='word_1_312' title='bbox 361 1486 465 1523; x_wconf 70' lang='lat' dir='ltr'>sibique</span> <span class='ocrx_word' id='word_1_313' title='bbox 488 1486 682 1525; x_wconf 86' lang='lat' dir='ltr'>impenderent</span> <span class='ocrx_word' id='word_1_314' title='bbox 703 1484 879 1524; x_wconf 84' lang='lat' dir='ltr'>Consilium,</span> <span class='ocrx_word' id='word_1_315' title='bbox 899 1488 1051 1526; x_wconf 81' lang='lat' dir='ltr'>auxilium,</span> <span class='ocrx_word' id='word_1_316' title='bbox 1077 1489 1110 1519; x_wconf 85' lang='lat'>&amp;</span> <span class='ocrx_word' id='word_1_317' title='bbox 1132 1489 1276 1526; x_wconf 81' lang='lat' dir='ltr'>favorem,</span> 
     </span>
     <span class='ocr_line' id='line_1_41' title="bbox 211 1522 1276 1565; baseline 0.005 -13"><span class='ocrx_word' id='word_1_318' title='bbox 211 1522 257 1552; x_wconf 93' lang='lat' dir='ltr'>ve.l</span> <span class='ocrx_word' id='word_1_319' title='bbox 274 1523 341 1561; x_wconf 89' lang='lat' dir='ltr'>sibi,</span> <span class='ocrx_word' id='word_1_320' title='bbox 355 1532 485 1562; x_wconf 83' lang='lat' dir='ltr'>tanquam</span> <span class='ocrx_word' id='word_1_321' title='bbox 501 1523 682 1562; x_wconf 81' lang='lat' dir='ltr'>Imperatori,</span> <span class='ocrx_word' id='word_1_322' title='bbox 701 1534 747 1555; x_wconf 88' lang='lat' dir='ltr'>aut</span> <span class='ocrx_word' id='word_1_323' title='bbox 762 1524 836 1565; x_wconf 85' lang='lat' dir='ltr'>Regi</span> <span class='ocrx_word' id='word_1_324' title='bbox 853 1525 1007 1564; x_wconf 87' lang='lat' dir='ltr'>Romatio,</span> <span class='ocrx_word' id='word_1_325' title='bbox 1027 1528 1191 1557; x_wconf 84' lang='lat' dir='ltr'>reverentiae</span> <span class='ocrx_word' id='word_1_326' title='bbox 1204 1526 1276 1557; x_wconf 89' lang='lat' dir='ltr'>Cul-</span> 
     </span>
     <span class='ocr_line' id='line_1_42' title="bbox 210 1561 1276 1604; baseline 0.005 -13"><span class='ocrx_word' id='word_1_327' title='bbox 210 1570 272 1591; x_wconf 91' lang='lat' dir='ltr'>tum</span> <span class='ocrx_word' id='word_1_328' title='bbox 282 1584 291 1600; x_wconf 90' lang='lat'>,</span> <span class='ocrx_word' id='word_1_329' title='bbox 310 1561 355 1591; x_wconf 86' lang='lat' dir='ltr'>seu</span> <span class='ocrx_word' id='word_1_330' title='bbox 371 1562 503 1592; x_wconf 89' lang='lat' dir='ltr'>Titulum</span> <span class='ocrx_word' id='word_1_331' title='bbox 522 1562 634 1601; x_wconf 79' lang='lat' dir='ltr'>Regalis</span> <span class='ocrx_word' id='word_1_332' title='bbox 646 1563 689 1593; x_wconf 89' lang='lat' dir='ltr'>vel</span> <span class='ocrx_word' id='word_1_333' title='bbox 706 1562 856 1602; x_wconf 79' lang='lat' dir='ltr'>imperialis</span> <span class='ocrx_word' id='word_1_334' title='bbox 872 1566 996 1594; x_wconf 81' lang='lat' dir='ltr'>nominis</span> <span class='ocrx_word' id='word_1_335' title='bbox 1010 1565 1173 1604; x_wconf 80' lang='lat' dir='ltr'>assignarent</span> <span class='ocrx_word' id='word_1_336' title='bbox 1188 1565 1276 1596; x_wconf 88' lang='lat' dir='ltr'>scien-</span> 
     </span>
     <span class='ocr_line' id='line_1_43' title="bbox 211 1600 1275 1643; baseline 0.006 -14"><span class='ocrx_word' id='word_1_337' title='bbox 211 1608 270 1638; x_wconf 85' lang='lat' dir='ltr'>ter,</span> <span class='ocrx_word' id='word_1_338' title='bbox 290 1600 304 1629; x_wconf 75' lang='lat' dir='ltr'>a</span> <span class='ocrx_word' id='word_1_339' title='bbox 327 1600 473 1638; x_wconf 85' lang='lat' dir='ltr'>cujussibet</span> <span class='ocrx_word' id='word_1_340' title='bbox 487 1603 703 1641; x_wconf 81' lang='lat' dir='ltr'>participationis</span> <span class='ocrx_word' id='word_1_341' title='bbox 720 1601 840 1633; x_wconf 82' lang='lat' dir='ltr'>Foedere</span> <span class='ocrx_word' id='word_1_342' title='bbox 853 1604 1049 1634; x_wconf 82' lang='lat' dir='ltr'>contrahendo</span> <span class='ocrx_word' id='word_1_343' title='bbox 1065 1614 1133 1634; x_wconf 87' lang='lat' dir='ltr'>cum</span> <span class='ocrx_word' id='word_1_344' title='bbox 1148 1606 1154 1634; x_wconf 93' lang='lat' dir='ltr'>i</span> <span class='ocrx_word' id='word_1_345' title='bbox 1177 1604 1223 1643; x_wconf 90' lang='lat' dir='ltr'>so,</span> <span class='ocrx_word' id='word_1_346' title='bbox 1241 1605 1275 1635; x_wconf 85' lang='lat'>&amp;</span> 
     </span>
     <span class='ocr_line' id='line_1_44' title="bbox 210 1614 1276 1681; baseline 0.007 -14"><span class='ocrx_word' id='word_1_347' title='bbox 210 1637 384 1668; x_wconf 74' lang='lat' dir='ltr'>exhibitione</span> <span class='ocrx_word' id='word_1_348' title='bbox 406 1641 569 1670; x_wconf 68' lang='lat' dir='ltr'>reverentiae</span> <span class='ocrx_word' id='word_1_349' title='bbox 591 1641 623 1671; x_wconf 75' lang='grc' dir='ltr'>ὃ(</span> <span class='ocrx_word' id='word_1_350' title='bbox 638 1641 754 1670; x_wconf 88' lang='lat' dir='ltr'>honoris</span> <span class='ocrx_word' id='word_1_351' title='bbox 768 1641 815 1671; x_wconf 81' lang='lat' dir='ltr'>fibi</span> <span class='ocrx_word' id='word_1_352' title='bbox 826 1664 835 1679; x_wconf 91' lang='lat'>,</span> <span class='ocrx_word' id='word_1_353' title='bbox 852 1650 986 1680; x_wconf 81' lang='lat' dir='ltr'>tanquam</span> <span class='ocrx_word' id='word_1_354' title='bbox 1002 1642 1078 1681; x_wconf 85' lang='lat' dir='ltr'>Regi</span> <span class='ocrx_word' id='word_1_355' title='bbox 1093 1643 1138 1672; x_wconf 91' lang='lat' dir='ltr'>vel</span> <span class='ocrx_word' id='word_1_356' title='bbox 1152 1614 1276 1680; x_wconf 69' lang='lat' dir='ltr'>fmpera-</span> 
     </span>
     <span class='ocr_line' id='line_1_45' title="bbox 209 1677 1275 1718; baseline 0.005 -11"><span class='ocrx_word' id='word_1_357' title='bbox 209 1677 280 1715; x_wconf 88' lang='lat' dir='ltr'>tori,</span> <span class='ocrx_word' id='word_1_358' title='bbox 300 1678 445 1715; x_wconf 87' lang='lat' dir='ltr'>quousque</span> <span class='ocrx_word' id='word_1_359' title='bbox 467 1677 558 1708; x_wconf 62' lang='lat' dir='ltr'>didius</span> <span class='ocrx_word' id='word_1_360' title='bbox 576 1678 739 1710; x_wconf 89' lang='lat' dir='ltr'>Ludovicus</span> <span class='ocrx_word' id='word_1_361' title='bbox 760 1680 994 1710; x_wconf 64' lang='lat' dir='ltr'>reconciliationis</span> <span class='ocrx_word' id='word_1_362' title='bbox 1006 1681 1128 1718; x_wconf 73' lang='lat' dir='ltr'>ejusdem</span> <span class='ocrx_word' id='word_1_363' title='bbox 1142 1681 1275 1712; x_wconf 73' lang='lat' dir='ltr'>Ecclesiae</span> 
     </span>
     <span class='ocr_line' id='line_1_46' title="bbox 210 1714 1276 1758; baseline 0.007 -14"><span class='ocrx_word' id='word_1_364' title='bbox 210 1714 354 1745; x_wconf 81' lang='lat' dir='ltr'>meruiffet</span> <span class='ocrx_word' id='word_1_365' title='bbox 372 1718 487 1755; x_wconf 82' lang='lat' dir='ltr'>gratiam</span> <span class='ocrx_word' id='word_1_366' title='bbox 502 1718 645 1757; x_wconf 89' lang='lat' dir='ltr'>optinere,</span> <span class='ocrx_word' id='word_1_367' title='bbox 665 1719 773 1758; x_wconf 86' lang='lat' dir='ltr'>penitus</span> <span class='ocrx_word' id='word_1_368' title='bbox 785 1727 813 1748; x_wconf 93' lang='lat' dir='ltr'>te</span> <span class='ocrx_word' id='word_1_369' title='bbox 826 1719 961 1749; x_wconf 85' lang='lat' dir='ltr'>retrahere</span> <span class='ocrx_word' id='word_1_370' title='bbox 973 1720 1007 1750; x_wconf 89' lang='lat'>&amp;</span> <span class='ocrx_word' id='word_1_371' title='bbox 1022 1720 1142 1750; x_wconf 83' lang='lat' dir='ltr'>totaliter</span> <span class='ocrx_word' id='word_1_372' title='bbox 1154 1720 1276 1750; x_wconf 91' lang='lat' dir='ltr'>abstine-</span> 
     </span>
     <span class='ocr_line' id='line_1_47' title="bbox 208 1755 1276 1823; baseline 0.007 -40"><span class='ocrx_word' id='word_1_373' title='bbox 208 1763 240 1823; x_wconf 53' lang='lat' dir='ltr'>se</span> <span class='ocrx_word' id='word_1_374' title='bbox 265 1763 391 1792; x_wconf 72' lang='lat' dir='ltr'>curareS,</span> <span class='ocrx_word' id='word_1_375' title='bbox 410 1763 441 1786; x_wconf 89' lang='lat' dir='ltr'>ut</span> <span class='ocrx_word' id='word_1_376' title='bbox 462 1755 514 1785; x_wconf 88' lang='lat' dir='ltr'>tibi</span> <span class='ocrx_word' id='word_1_377' title='bbox 539 1755 633 1787; x_wconf 76' lang='lat' dir='ltr'>Famae</span> <span class='ocrx_word' id='word_1_378' title='bbox 653 1757 790 1796; x_wconf 85' lang='lat' dir='ltr'>integritas</span> <span class='ocrx_word' id='word_1_379' title='bbox 810 1757 843 1788; x_wconf 69' lang='grc' dir='ltr'>ὅ(</span> <span class='ocrx_word' id='word_1_380' title='bbox 863 1756 964 1788; x_wconf 85' lang='lat' dir='ltr'>illibata</span> <span class='ocrx_word' id='word_1_381' title='bbox 985 1759 1026 1788; x_wconf 90' lang='lat' dir='ltr'>tui</span> <span class='ocrx_word' id='word_1_382' title='bbox 1047 1759 1154 1796; x_wconf 83' lang='lat' dir='ltr'>generis</span> <span class='ocrx_word' id='word_1_383' title='bbox 1169 1759 1276 1790; x_wconf 86' lang='lat' dir='ltr'>claritas</span> 
     </span>
     <span class='ocr_line' id='line_1_48' title="bbox 222 1801 391 1823; baseline -0.006 -1"><span class='ocrx_word' id='word_1_384' title='bbox 222 1801 391 1823; x_wconf 87' lang='lat' dir='ltr'>ervarentur.</span> 
     </span>
    </p>

    <p class='ocr_par' dir='ltr' id='par_1_15' title="bbox 203 1828 1275 2837">
     <span class='ocr_line' id='line_1_49' title="bbox 249 1828 1275 1870; baseline 0.007 -10"><span class='ocrx_word' id='word_1_385' title='bbox 249 1828 329 1860; x_wconf 81' lang='lat' dir='ltr'>Cum</span> <span class='ocrx_word' id='word_1_386' title='bbox 348 1841 439 1861; x_wconf 88' lang='lat' dir='ltr'>autem</span> <span class='ocrx_word' id='word_1_387' title='bbox 462 1831 577 1862; x_wconf 89' lang='lat' dir='ltr'>Rumor</span> <span class='ocrx_word' id='word_1_388' title='bbox 596 1831 761 1870; x_wconf 88' lang='lat' dir='ltr'>implacidus</span> <span class='ocrx_word' id='word_1_389' title='bbox 782 1833 816 1863; x_wconf 75' lang='grc' dir='ltr'>δε</span> <span class='ocrx_word' id='word_1_390' title='bbox 836 1834 992 1865; x_wconf 82' lang='lat' dir='ltr'>admodum</span> <span class='ocrx_word' id='word_1_391' title='bbox 1017 1834 1132 1866; x_wconf 86' lang='lat' dir='ltr'>infestus</span> <span class='ocrx_word' id='word_1_392' title='bbox 1152 1836 1186 1867; x_wconf 89' lang='lat' dir='ltr'>ad</span> <span class='ocrx_word' id='word_1_393' title='bbox 1206 1835 1275 1867; x_wconf 79' lang='lat' dir='ltr'>Nos</span> 
     </span>
     <span class='ocr_line' id='line_1_50' title="bbox 207 1869 1275 1913; baseline 0.007 -15"><span class='ocrx_word' id='word_1_394' title='bbox 207 1869 384 1908; x_wconf 81' lang='lat' dir='ltr'>perduxerit,</span> <span class='ocrx_word' id='word_1_395' title='bbox 404 1870 455 1899; x_wconf 89' lang='lat' dir='ltr'>hiis</span> <span class='ocrx_word' id='word_1_396' title='bbox 468 1870 580 1909; x_wconf 80' lang='lat' dir='ltr'>diebus,</span> <span class='ocrx_word' id='word_1_397' title='bbox 599 1871 678 1908; x_wconf 74' lang='lat' dir='ltr'>quod</span> <span class='ocrx_word' id='word_1_398' title='bbox 694 1871 762 1909; x_wconf 88' lang='lat' dir='ltr'>Tu,</span> <span class='ocrx_word' id='word_1_399' title='bbox 782 1871 851 1911; x_wconf 84' lang='lat' dir='ltr'>Fili,</span> <span class='ocrx_word' id='word_1_400' title='bbox 873 1873 1112 1911; x_wconf 87' lang='lat' dir='ltr'>Requisitionibus</span> <span class='ocrx_word' id='word_1_401' title='bbox 1126 1876 1159 1906; x_wconf 62' lang='grc' dir='ltr'>ὃς</span> <span class='ocrx_word' id='word_1_402' title='bbox 1175 1874 1275 1913; x_wconf 85' lang='lat' dir='ltr'>Roga-</span> 
     </span>
     <span class='ocr_line' id='line_1_51' title="bbox 209 1908 1274 1953; baseline 0.007 -16"><span class='ocrx_word' id='word_1_403' title='bbox 209 1908 332 1938; x_wconf 86' lang='lat' dir='ltr'>tionibus</span> <span class='ocrx_word' id='word_1_404' title='bbox 352 1908 453 1937; x_wconf 80' lang='lat' dir='ltr'>nostris</span> <span class='ocrx_word' id='word_1_405' title='bbox 473 1908 652 1948; x_wconf 85' lang='lat' dir='ltr'>hujusmodi,</span> <span class='ocrx_word' id='word_1_406' title='bbox 668 1910 764 1948; x_wconf 87' lang='lat' dir='ltr'>utique</span> <span class='ocrx_word' id='word_1_407' title='bbox 785 1909 960 1950; x_wconf 81' lang='lat' dir='ltr'>salutaribus,</span> <span class='ocrx_word' id='word_1_408' title='bbox 979 1912 1012 1943; x_wconf 92' lang='lat'>&amp;</span> <span class='ocrx_word' id='word_1_409' title='bbox 1033 1912 1070 1943; x_wconf 93' lang='lat' dir='ltr'>de</span> <span class='ocrx_word' id='word_1_410' title='bbox 1093 1913 1184 1944; x_wconf 88' lang='lat' dir='ltr'>Fonte</span> <span class='ocrx_word' id='word_1_411' title='bbox 1208 1923 1274 1953; x_wconf 88' lang='lat' dir='ltr'>pro-</span> 
     </span>
     <span class='ocr_line' id='line_1_52' title="bbox 209 1945 1274 1985; baseline 0.008 -10"><span class='ocrx_word' id='word_1_412' title='bbox 209 1945 358 1976; x_wconf 84' lang='lat' dir='ltr'>deuntibus</span> <span class='ocrx_word' id='word_1_413' title='bbox 385 1945 514 1978; x_wconf 85' lang='lat' dir='ltr'>Caritatis</span> <span class='ocrx_word' id='word_1_414' title='bbox 536 1971 545 1985; x_wconf 94' lang='lat'>,</span> <span class='ocrx_word' id='word_1_415' title='bbox 576 1957 636 1977; x_wconf 88' lang='lat' dir='ltr'>non</span> <span class='ocrx_word' id='word_1_416' title='bbox 658 1949 713 1978; x_wconf 77' lang='lat' dir='ltr'>line</span> <span class='ocrx_word' id='word_1_417' title='bbox 735 1949 906 1980; x_wconf 89' lang='lat' dir='ltr'>detrimento</span> <span class='ocrx_word' id='word_1_418' title='bbox 927 1950 1025 1981; x_wconf 68' lang='lat' dir='ltr'>Salutis</span> <span class='ocrx_word' id='word_1_419' title='bbox 1045 1959 1102 1982; x_wconf 72' lang='lat' dir='ltr'>tute</span> <span class='ocrx_word' id='word_1_420' title='bbox 1123 1952 1157 1982; x_wconf 76' lang='grc' dir='ltr'>δε</span> <span class='ocrx_word' id='word_1_421' title='bbox 1177 1952 1274 1983; x_wconf 86' lang='lat' dir='ltr'>Famae</span> 
     </span>
     <span class='ocr_line' id='line_1_53' title="bbox 209 1984 1274 2028; baseline 0.008 -15"><span class='ocrx_word' id='word_1_422' title='bbox 209 1984 220 2019; x_wconf 80' lang='grc'><em>&lt;</em></span> <span class='ocrx_word' id='word_1_423' title='bbox 232 1984 308 2022; x_wconf 84' lang='lat' dir='ltr'>quod</span> <span class='ocrx_word' id='word_1_424' title='bbox 331 1985 456 2015; x_wconf 77' lang='lat' dir='ltr'>dolentes</span> <span class='ocrx_word' id='word_1_425' title='bbox 478 1985 640 2024; x_wconf 83' lang='lat' dir='ltr'>referimus)</span> <span class='ocrx_word' id='word_1_426' title='bbox 660 1987 802 2018; x_wconf 88' lang='lat' dir='ltr'>obauditis</span> <span class='ocrx_word' id='word_1_427' title='bbox 817 2011 826 2026; x_wconf 89' lang='lat'>,</span> <span class='ocrx_word' id='word_1_428' title='bbox 849 1998 910 2018; x_wconf 89' lang='lat' dir='ltr'>non</span> <span class='ocrx_word' id='word_1_429' title='bbox 931 1989 1022 2019; x_wconf 80' lang='lat' dir='ltr'>solum</span> <span class='ocrx_word' id='word_1_430' title='bbox 1042 2000 1111 2020; x_wconf 91' lang='lat' dir='ltr'>cum</span> <span class='ocrx_word' id='word_1_431' title='bbox 1134 1991 1274 2028; x_wconf 73' lang='lat' dir='ltr'>praedieto</span> 
     </span>
     <span class='ocr_line' id='line_1_54' title="bbox 209 2022 1272 2066; baseline 0.008 -14"><span class='ocrx_word' id='word_1_432' title='bbox 209 2022 378 2062; x_wconf 87' lang='lat' dir='ltr'>Ludovico,</span> <span class='ocrx_word' id='word_1_433' title='bbox 393 2023 524 2054; x_wconf 88' lang='lat' dir='ltr'>nondum</span> <span class='ocrx_word' id='word_1_434' title='bbox 542 2025 634 2055; x_wconf 92' lang='lat' dir='ltr'>eidem</span> <span class='ocrx_word' id='word_1_435' title='bbox 650 2025 847 2057; x_wconf 89' lang='lat' dir='ltr'>Reconciliato</span> <span class='ocrx_word' id='word_1_436' title='bbox 860 2027 1011 2066; x_wconf 79' lang='lat' dir='ltr'>Ecclesiae,</span> <span class='ocrx_word' id='word_1_437' title='bbox 1030 2039 1083 2059; x_wconf 89' lang='lat' dir='ltr'>nec</span> <span class='ocrx_word' id='word_1_438' title='bbox 1098 2029 1113 2058; x_wconf 72' lang='lat' dir='ltr'>a</span> <span class='ocrx_word' id='word_1_439' title='bbox 1127 2029 1225 2060; x_wconf 86' lang='lat' dir='ltr'>Poenis</span> <span class='ocrx_word' id='word_1_440' title='bbox 1238 2030 1272 2061; x_wconf 91' lang='lat'>&amp;</span> 
     </span>
     <span class='ocr_line' id='line_1_55' title="bbox 208 2060 1273 2105; baseline 0.008 -14"><span class='ocrx_word' id='word_1_441' title='bbox 208 2060 372 2100; x_wconf 78' lang='lat' dir='ltr'>Sententiis,</span> <span class='ocrx_word' id='word_1_442' title='bbox 389 2063 489 2100; x_wconf 82' lang='lat' dir='ltr'>quibus</span> <span class='ocrx_word' id='word_1_443' title='bbox 511 2073 625 2101; x_wconf 88' lang='lat' dir='ltr'>propter</span> <span class='ocrx_word' id='word_1_444' title='bbox 639 2065 795 2103; x_wconf 77' lang='lat' dir='ltr'>ptaemiffa,</span> <span class='ocrx_word' id='word_1_445' title='bbox 815 2066 848 2095; x_wconf 73' lang='grc' dir='ltr'>δε</span> <span class='ocrx_word' id='word_1_446' title='bbox 862 2067 911 2096; x_wconf 88' lang='lat' dir='ltr'>alia</span> <span class='ocrx_word' id='word_1_447' title='bbox 926 2067 1014 2097; x_wconf 86' lang='lat' dir='ltr'>multa</span> <span class='ocrx_word' id='word_1_448' title='bbox 1027 2068 1061 2098; x_wconf 88' lang='lat'>&amp;</span> <span class='ocrx_word' id='word_1_449' title='bbox 1081 2069 1177 2105; x_wconf 86' lang='lat' dir='ltr'>gravia</span> <span class='ocrx_word' id='word_1_450' title='bbox 1191 2078 1273 2099; x_wconf 90' lang='lat' dir='ltr'>com-</span> 
     </span>
     <span class='ocr_line' id='line_1_56' title="bbox 209 2100 1271 2144; baseline 0.008 -15"><span class='ocrx_word' id='word_1_451' title='bbox 209 2100 288 2130; x_wconf 71' lang='lat' dir='ltr'>missa</span> <span class='ocrx_word' id='word_1_452' title='bbox 327 2110 356 2130; x_wconf 92' lang='lat' dir='ltr'>er</span> <span class='ocrx_word' id='word_1_453' title='bbox 377 2101 466 2139; x_wconf 83' lang='lat' dir='ltr'>ipsum</span> <span class='ocrx_word' id='word_1_454' title='bbox 481 2125 490 2140; x_wconf 94' lang='lat'>,</span> <span class='ocrx_word' id='word_1_455' title='bbox 515 2102 672 2140; x_wconf 86' lang='lat' dir='ltr'>implicatus</span> <span class='ocrx_word' id='word_1_456' title='bbox 692 2103 749 2134; x_wconf 81' lang='lat' dir='ltr'>effe</span> <span class='ocrx_word' id='word_1_457' title='bbox 767 2104 891 2135; x_wconf 90' lang='lat' dir='ltr'>noscitur</span> <span class='ocrx_word' id='word_1_458' title='bbox 906 2127 915 2143; x_wconf 90' lang='lat'>,</span> <span class='ocrx_word' id='word_1_459' title='bbox 939 2105 1058 2136; x_wconf 89' lang='lat' dir='ltr'>liberato</span> <span class='ocrx_word' id='word_1_460' title='bbox 1074 2129 1083 2144; x_wconf 93' lang='lat'>,</span> <span class='ocrx_word' id='word_1_461' title='bbox 1111 2117 1164 2137; x_wconf 92' lang='lat' dir='ltr'>nec</span> <span class='ocrx_word' id='word_1_462' title='bbox 1185 2109 1271 2138; x_wconf 91' lang='lat' dir='ltr'>etiam</span> 
     </span>
     <span class='ocr_line' id='line_1_57' title="bbox 208 2136 1273 2185; baseline 0.008 -17"><span class='ocrx_word' id='word_1_463' title='bbox 208 2136 311 2170; x_wconf 82' lang='lat' dir='ltr'>Procel</span> <span class='ocrx_word' id='word_1_464' title='bbox 325 2140 386 2170; x_wconf 89' lang='lat' dir='ltr'>ibus</span> <span class='ocrx_word' id='word_1_465' title='bbox 407 2140 442 2170; x_wconf 75' lang='lat' dir='ltr'>sae</span> <span class='ocrx_word' id='word_1_466' title='bbox 481 2141 526 2171; x_wconf 84' lang='lat' dir='ltr'>fati</span> <span class='ocrx_word' id='word_1_467' title='bbox 550 2141 779 2181; x_wconf 65' lang='lat' dir='ltr'>Praedecessoris,</span> <span class='ocrx_word' id='word_1_468' title='bbox 797 2151 846 2182; x_wconf 90' lang='lat' dir='ltr'>per</span> <span class='ocrx_word' id='word_1_469' title='bbox 881 2153 948 2183; x_wconf 85' lang='lat' dir='ltr'>uos,</span> <span class='ocrx_word' id='word_1_470' title='bbox 967 2153 997 2174; x_wconf 93' lang='lat' dir='ltr'>ut</span> <span class='ocrx_word' id='word_1_471' title='bbox 1011 2146 1205 2185; x_wconf 71' lang='lat' dir='ltr'>pra-emittitur,</span> <span class='ocrx_word' id='word_1_472' title='bbox 1224 2146 1273 2177; x_wconf 87' lang='lat' dir='ltr'>ad-</span> 
     </span>
     <span class='ocr_line' id='line_1_58' title="bbox 207 2151 1271 2224; baseline 0.008 -18"><span class='ocrx_word' id='word_1_473' title='bbox 207 2177 298 2207; x_wconf 89' lang='lat' dir='ltr'>versus</span> <span class='ocrx_word' id='word_1_474' title='bbox 318 2187 418 2209; x_wconf 85' lang='lat' dir='ltr'>omnes</span> <span class='ocrx_word' id='word_1_475' title='bbox 438 2151 478 2211; x_wconf 59' lang='grc' dir='ltr'>ἓξ</span> <span class='ocrx_word' id='word_1_476' title='bbox 496 2179 628 2219; x_wconf 80' lang='lat' dir='ltr'>{ingulos,</span> <span class='ocrx_word' id='word_1_477' title='bbox 648 2180 794 2218; x_wconf 90' lang='lat' dir='ltr'>cujuscum</span> <span class='ocrx_word' id='word_1_478' title='bbox 818 2191 851 2211; x_wconf 92' lang='lat' dir='ltr'>ue</span> <span class='ocrx_word' id='word_1_479' title='bbox 899 2184 1114 2223; x_wconf 83' lang='lat' dir='ltr'>raeeminentiae,</span> <span class='ocrx_word' id='word_1_480' title='bbox 1139 2183 1271 2224; x_wconf 79' lang='lat' dir='ltr'>Dignita-</span> 
     </span>
     <span class='ocr_line' id='line_1_59' title="bbox 207 2215 1271 2262; baseline 0.009 -17"><span class='ocrx_word' id='word_1_481' title='bbox 207 2217 258 2254; x_wconf 83' lang='lat' dir='ltr'>tis,</span> <span class='ocrx_word' id='word_1_482' title='bbox 275 2215 473 2256; x_wconf 89' lang='lat' dir='ltr'>Conditionis,</span> <span class='ocrx_word' id='word_1_483' title='bbox 491 2219 536 2248; x_wconf 87' lang='lat' dir='ltr'>vel</span> <span class='ocrx_word' id='word_1_484' title='bbox 550 2218 659 2257; x_wconf 61' lang='lat' dir='ltr'>Statim,</span> <span class='ocrx_word' id='word_1_485' title='bbox 677 2221 760 2250; x_wconf 88' lang='lat' dir='ltr'>etiam</span> <span class='ocrx_word' id='word_1_486' title='bbox 777 2221 794 2250; x_wconf 90' lang='lat' dir='ltr'>si</span> <span class='ocrx_word' id='word_1_487' title='bbox 837 2221 989 2260; x_wconf 71' lang='lat' dir='ltr'>ontificali,</span> <span class='ocrx_word' id='word_1_488' title='bbox 1006 2220 1127 2262; x_wconf 86' lang='lat' dir='ltr'>Regali,</span> <span class='ocrx_word' id='word_1_489' title='bbox 1142 2224 1187 2254; x_wconf 91' lang='lat' dir='ltr'>vel</span> <span class='ocrx_word' id='word_1_490' title='bbox 1202 2223 1271 2262; x_wconf 70' lang='lat' dir='ltr'>qua·</span> 
     </span>
     <span class='ocr_line' id='line_1_60' title="bbox 205 2255 1270 2301; baseline 0.008 -17"><span class='ocrx_word' id='word_1_491' title='bbox 205 2263 276 2285; x_wconf 85' lang='lat' dir='ltr'>cum</span> <span class='ocrx_word' id='word_1_492' title='bbox 297 2264 332 2284; x_wconf 86' lang='lat' dir='ltr'>ue</span> <span class='ocrx_word' id='word_1_493' title='bbox 344 2256 414 2294; x_wconf 75' lang='lat' dir='ltr'>alia,</span> <span class='ocrx_word' id='word_1_494' title='bbox 433 2255 627 2287; x_wconf 68' lang='lat' dir='ltr'>Ecclesiasticfi</span> <span class='ocrx_word' id='word_1_495' title='bbox 642 2259 687 2288; x_wconf 89' lang='lat' dir='ltr'>seu</span> <span class='ocrx_word' id='word_1_496' title='bbox 703 2257 851 2290; x_wconf 80' lang='lat' dir='ltr'>Miindana</span> <span class='ocrx_word' id='word_1_497' title='bbox 865 2259 1010 2300; x_wconf 82' lang='lat' dir='ltr'>Dignitate</span> <span class='ocrx_word' id='word_1_498' title='bbox 1022 2261 1179 2301; x_wconf 85' lang='lat' dir='ltr'>fulgerent,</span> <span class='ocrx_word' id='word_1_499' title='bbox 1199 2273 1270 2300; x_wconf 74' lang='lat' dir='ltr'>prze-</span> 
     </span>
     <span class='ocr_line' id='line_1_61' title="bbox 203 2293 1250 2334; baseline 0.009 -12"><span class='ocrx_word' id='word_1_500' title='bbox 203 2293 264 2323; x_wconf 78' lang='lat' dir='ltr'>fato</span> <span class='ocrx_word' id='word_1_501' title='bbox 312 2293 438 2325; x_wconf 88' lang='lat' dir='ltr'>udovico</span> <span class='ocrx_word' id='word_1_502' title='bbox 458 2295 658 2334; x_wconf 73' lang='lat' dir='ltr'>Adhaerentes,</span> <span class='ocrx_word' id='word_1_503' title='bbox 673 2296 718 2327; x_wconf 87' lang='lat' dir='ltr'>seu</span> <span class='ocrx_word' id='word_1_504' title='bbox 741 2296 903 2328; x_wconf 83' lang='lat' dir='ltr'>Praestantes</span> <span class='ocrx_word' id='word_1_505' title='bbox 925 2300 1032 2330; x_wconf 71' lang='lat' dir='ltr'>direc‘te</span> <span class='ocrx_word' id='word_1_506' title='bbox 1054 2300 1097 2330; x_wconf 86' lang='lat' dir='ltr'>vel</span> <span class='ocrx_word' id='word_1_507' title='bbox 1113 2299 1250 2332; x_wconf 56' lang='lat' dir='ltr'>indirecte</span> 
     </span>
     <span class='ocr_line' id='line_1_62' title="bbox 203 2326 1268 2378; baseline 0.008 -17"><span class='ocrx_word' id='word_1_508' title='bbox 203 2331 318 2375; x_wconf 72' lang='lat' dir='ltr'>publice</span> <span class='ocrx_word' id='word_1_509' title='bbox 341 2333 386 2363; x_wconf 87' lang='lat' dir='ltr'>vel</span> <span class='ocrx_word' id='word_1_510' title='bbox 399 2334 532 2372; x_wconf 81' lang='lat' dir='ltr'>occulte,</span> <span class='ocrx_word' id='word_1_511' title='bbox 547 2333 725 2373; x_wconf 70' lang='lat' dir='ltr'>Consilium,</span> <span class='ocrx_word' id='word_1_512' title='bbox 744 2336 788 2367; x_wconf 90' lang='lat' dir='ltr'>vel</span> <span class='ocrx_word' id='word_1_513' title='bbox 806 2336 966 2377; x_wconf 67' lang='lat' dir='ltr'>Auxilium,</span> <span class='ocrx_word' id='word_1_514' title='bbox 985 2338 1030 2369; x_wconf 89' lang='lat' dir='ltr'>vel</span> <span class='ocrx_word' id='word_1_515' title='bbox 1048 2338 1204 2378; x_wconf 87' lang='lat' dir='ltr'>Favorem,</span> <span class='ocrx_word' id='word_1_516' title='bbox 1223 2326 1268 2370; x_wconf 80' lang='lat' dir='ltr'>vel</span> 
     </span>
     <span class='ocr_line' id='line_1_63' title="bbox 203 2371 1269 2415; baseline 0.008 -16"><span class='ocrx_word' id='word_1_517' title='bbox 203 2371 271 2413; x_wconf 70' lang='lat' dir='ltr'>libi,</span> <span class='ocrx_word' id='word_1_518' title='bbox 289 2379 419 2409; x_wconf 88' lang='lat' dir='ltr'>tanquam</span> <span class='ocrx_word' id='word_1_519' title='bbox 434 2371 615 2410; x_wconf 87' lang='lat' dir='ltr'>Imperatori,</span> <span class='ocrx_word' id='word_1_520' title='bbox 631 2382 678 2403; x_wconf 86' lang='lat' dir='ltr'>aut</span> <span class='ocrx_word' id='word_1_521' title='bbox 692 2374 767 2413; x_wconf 86' lang='lat' dir='ltr'>Regi</span> <span class='ocrx_word' id='word_1_522' title='bbox 783 2374 982 2406; x_wconf 84' lang='lat' dir='ltr'>Romanorum</span> <span class='ocrx_word' id='word_1_523' title='bbox 992 2400 1002 2415; x_wconf 92' lang='lat'>,</span> <span class='ocrx_word' id='word_1_524' title='bbox 1021 2380 1203 2408; x_wconf 83' lang='lat' dir='ltr'>reverentiam</span> <span class='ocrx_word' id='word_1_525' title='bbox 1220 2388 1269 2408; x_wconf 82' lang='lat' dir='ltr'>ex-</span> 
     </span>
     <span class='ocr_line' id='line_1_64' title="bbox 204 2407 1268 2454; baseline 0.01 -17"><span class='ocrx_word' id='word_1_526' title='bbox 204 2407 349 2447; x_wconf 81' lang='lat' dir='ltr'>hibentes,</span> <span class='ocrx_word' id='word_1_527' title='bbox 372 2409 418 2440; x_wconf 89' lang='lat' dir='ltr'>seu</span> <span class='ocrx_word' id='word_1_528' title='bbox 435 2411 566 2441; x_wconf 90' lang='lat' dir='ltr'>Titulum</span> <span class='ocrx_word' id='word_1_529' title='bbox 586 2411 700 2449; x_wconf 85' lang='lat' dir='ltr'>Regalis</span> <span class='ocrx_word' id='word_1_530' title='bbox 723 2413 766 2443; x_wconf 91' lang='lat' dir='ltr'>vel</span> <span class='ocrx_word' id='word_1_531' title='bbox 786 2412 832 2443; x_wconf 91' lang='lat' dir='ltr'>Im</span> <span class='ocrx_word' id='word_1_532' title='bbox 871 2415 939 2444; x_wconf 88' lang='lat' dir='ltr'>rialis</span> <span class='ocrx_word' id='word_1_533' title='bbox 960 2416 1082 2446; x_wconf 90' lang='lat' dir='ltr'>nominis</span> <span class='ocrx_word' id='word_1_534' title='bbox 1101 2416 1268 2454; x_wconf 58' lang='lat' dir='ltr'>assignant&amp;</span> 
     </span>
     <span class='ocr_line' id='line_1_65' title="bbox 205 2445 1266 2492; baseline 0.01 -17"><span class='ocrx_word' id='word_1_535' title='bbox 205 2445 251 2475; x_wconf 89' lang='lat' dir='ltr'>seu</span> <span class='ocrx_word' id='word_1_536' title='bbox 265 2447 446 2487; x_wconf 84' lang='lat' dir='ltr'>ascribentes,</span> <span class='ocrx_word' id='word_1_537' title='bbox 464 2458 577 2488; x_wconf 83' lang='lat' dir='ltr'>graves,</span> <span class='ocrx_word' id='word_1_538' title='bbox 592 2449 751 2487; x_wconf 88' lang='lat' dir='ltr'>Spirituales</span> <span class='ocrx_word' id='word_1_539' title='bbox 763 2452 796 2481; x_wconf 88' lang='lat'>&amp;</span> <span class='ocrx_word' id='word_1_540' title='bbox 843 2454 1014 2492; x_wconf 85' lang='lat' dir='ltr'>emporales,</span> <span class='ocrx_word' id='word_1_541' title='bbox 1033 2453 1135 2485; x_wconf 73' lang='lat' dir='ltr'>Poenre</span> <span class='ocrx_word' id='word_1_542' title='bbox 1148 2465 1181 2485; x_wconf 89' lang='lat' dir='ltr'>ac</span> <span class='ocrx_word' id='word_1_543' title='bbox 1196 2455 1266 2486; x_wconf 90' lang='lat' dir='ltr'>Sen-</span> 
     </span>
     <span class='ocr_line' id='line_1_66' title="bbox 203 2485 1267 2528; baseline 0.009 -14"><span class='ocrx_word' id='word_1_544' title='bbox 203 2485 300 2527; x_wconf 80' lang='lat' dir='ltr'>tentiae</span> <span class='ocrx_word' id='word_1_545' title='bbox 319 2485 497 2525; x_wconf 77' lang='lat' dir='ltr'>infliguntur,</span> <span class='ocrx_word' id='word_1_546' title='bbox 515 2497 688 2526; x_wconf 81' lang='lat' dir='ltr'>nequaquam</span> <span class='ocrx_word' id='word_1_547' title='bbox 711 2489 846 2528; x_wconf 70' lang='lat' dir='ltr'>relaxatis,</span> <span class='ocrx_word' id='word_1_548' title='bbox 867 2492 958 2521; x_wconf 91' lang='lat' dir='ltr'>immo</span> <span class='ocrx_word' id='word_1_549' title='bbox 980 2493 1008 2522; x_wconf 89' lang='lat' dir='ltr'>in</span> <span class='ocrx_word' id='word_1_550' title='bbox 1027 2493 1064 2523; x_wconf 92' lang='lat' dir='ltr'>sui</span> <span class='ocrx_word' id='word_1_551' title='bbox 1080 2494 1189 2523; x_wconf 89' lang='lat' dir='ltr'>roboris</span> <span class='ocrx_word' id='word_1_552' title='bbox 1205 2493 1267 2524; x_wconf 84' lang='lat' dir='ltr'>effi-</span> 
     </span>
     <span class='ocr_line' id='line_1_67' title="bbox 203 2522 1266 2573; baseline 0.011 -21"><span class='ocrx_word' id='word_1_553' title='bbox 203 2522 285 2553; x_wconf 71' lang='lat' dir='ltr'>cacia</span> <span class='ocrx_word' id='word_1_554' title='bbox 305 2524 532 2564; x_wconf 84' lang='lat' dir='ltr'>perdurantibus,</span> <span class='ocrx_word' id='word_1_555' title='bbox 551 2528 765 2566; x_wconf 82' lang='lat' dir='ltr'>participationis</span> <span class='ocrx_word' id='word_1_556' title='bbox 776 2527 1045 2561; x_wconf 84' lang='lat' dir='ltr'>Confoederationes</span> <span class='ocrx_word' id='word_1_557' title='bbox 1060 2533 1145 2571; x_wconf 85' lang='lat' dir='ltr'>inire,</span> <span class='ocrx_word' id='word_1_558' title='bbox 1163 2533 1266 2573; x_wconf 68' lang='lat' dir='ltr'>sibique</span> 
     </span>
     <span class='ocr_line' id='line_1_68' title="bbox 204 2561 1267 2612; baseline 0.011 -22"><span class='ocrx_word' id='word_1_559' title='bbox 204 2561 346 2604; x_wconf 75' lang='lat' dir='ltr'>adhaerere</span> <span class='ocrx_word' id='word_1_560' title='bbox 367 2573 400 2593; x_wconf 87' lang='lat' dir='ltr'>ac</span> <span class='ocrx_word' id='word_1_561' title='bbox 423 2563 552 2602; x_wconf 69' lang='lat' dir='ltr'>praestare</span> <span class='ocrx_word' id='word_1_562' title='bbox 573 2564 727 2603; x_wconf 80' lang='lat' dir='ltr'>Pavorem,</span> <span class='ocrx_word' id='word_1_563' title='bbox 754 2565 910 2606; x_wconf 78' lang='lat' dir='ltr'>Auxilium,</span> <span class='ocrx_word' id='word_1_564' title='bbox 935 2569 968 2599; x_wconf 70' lang='grc' dir='ltr'>ὃ(</span> <span class='ocrx_word' id='word_1_565' title='bbox 991 2568 1169 2609; x_wconf 81' lang='lat' dir='ltr'>Consilium,</span> <span class='ocrx_word' id='word_1_566' title='bbox 1195 2582 1267 2612; x_wconf 84' lang='lat' dir='ltr'>prae-</span> 
     </span>
     <span class='ocr_line' id='line_1_69' title="bbox 204 2599 1267 2649; baseline 0.011 -20"><span class='ocrx_word' id='word_1_567' title='bbox 204 2599 360 2643; x_wconf 79' lang='lat' dir='ltr'>sumpiisti,</span> <span class='ocrx_word' id='word_1_568' title='bbox 378 2602 484 2642; x_wconf 85' lang='lat' dir='ltr'>immo,</span> <span class='ocrx_word' id='word_1_569' title='bbox 502 2602 580 2642; x_wconf 89' lang='lat' dir='ltr'>quod</span> <span class='ocrx_word' id='word_1_570' title='bbox 603 2604 792 2643; x_wconf 80' lang='lat' dir='ltr'>pernitiolius,</span> <span class='ocrx_word' id='word_1_571' title='bbox 816 2615 870 2645; x_wconf 91' lang='lat' dir='ltr'>pro</span> <span class='ocrx_word' id='word_1_572' title='bbox 889 2606 984 2637; x_wconf 85' lang='lat' dir='ltr'>dolor!</span> <span class='ocrx_word' id='word_1_573' title='bbox 1012 2609 1046 2638; x_wconf 87' lang='lat'>&amp;</span> <span class='ocrx_word' id='word_1_574' title='bbox 1064 2609 1267 2649; x_wconf 82' lang='lat' dir='ltr'>dampnabilius</span> 
     </span>
     <span class='ocr_line' id='line_1_70' title="bbox 203 2638 1264 2684; baseline 0.011 -17"><span class='ocrx_word' id='word_1_575' title='bbox 203 2638 330 2669; x_wconf 89' lang='lat' dir='ltr'>noscitur</span> <span class='ocrx_word' id='word_1_576' title='bbox 342 2639 473 2678; x_wconf 83' lang='lat' dir='ltr'>existere,</span> <span class='ocrx_word' id='word_1_577' title='bbox 490 2641 510 2670; x_wconf 82' lang='lat' dir='ltr'>fi</span> <span class='ocrx_word' id='word_1_578' title='bbox 526 2643 623 2672; x_wconf 88' lang='lat' dir='ltr'>veritas</span> <span class='ocrx_word' id='word_1_579' title='bbox 638 2642 780 2673; x_wconf 86' lang='lat' dir='ltr'>Relatibus</span> <span class='ocrx_word' id='word_1_580' title='bbox 798 2643 975 2684; x_wconf 80' lang='lat' dir='ltr'>suffragetur,</span> <span class='ocrx_word' id='word_1_581' title='bbox 993 2646 1020 2676; x_wconf 94' lang='lat' dir='ltr'>V</span> <span class='ocrx_word' id='word_1_582' title='bbox 1031 2656 1041 2676; x_wconf 88' lang='lat'>1</span> <span class='ocrx_word' id='word_1_583' title='bbox 1050 2645 1094 2677; x_wconf 56' lang='lat' dir='ltr'>cii</span> <span class='ocrx_word' id='word_1_584' title='bbox 1104 2657 1127 2677; x_wconf 76' lang='lat' dir='ltr'>R</span> <span class='ocrx_word' id='word_1_585' title='bbox 1137 2657 1147 2677; x_wconf 92' lang='lat'>1</span> <span class='ocrx_word' id='word_1_586' title='bbox 1157 2659 1176 2678; x_wconf 78' lang='lat' dir='ltr'>A</span> <span class='ocrx_word' id='word_1_587' title='bbox 1187 2657 1209 2678; x_wconf 81' lang='grc' dir='ltr'><em>τ</em></span> <span class='ocrx_word' id='word_1_588' title='bbox 1218 2657 1241 2678; x_wconf 84' lang='grc' dir='ltr'>υ</span> <span class='ocrx_word' id='word_1_589' title='bbox 1252 2659 1264 2679; x_wconf 87' lang='lat' dir='ltr'>s</span> 
     </span>
     <span class='ocr_line' id='line_1_71' title="bbox 204 2675 1267 2723; baseline 0.01 -17"><span class='ocrx_word' id='word_1_590' title='bbox 204 2675 352 2716; x_wconf 84' lang='lat' dir='ltr'>officium,</span> <span class='ocrx_word' id='word_1_591' title='bbox 368 2688 417 2716; x_wconf 89' lang='lat' dir='ltr'>per</span> <span class='ocrx_word' id='word_1_592' title='bbox 436 2687 525 2709; x_wconf 86' lang='lat' dir='ltr'>totam</span> <span class='ocrx_word' id='word_1_593' title='bbox 546 2680 742 2711; x_wconf 89' lang='lat' dir='ltr'>Alemanniam</span> <span class='ocrx_word' id='word_1_594' title='bbox 767 2682 800 2713; x_wconf 69' lang='grc' dir='ltr'>ὃ(</span> <span class='ocrx_word' id='word_1_595' title='bbox 817 2682 1005 2723; x_wconf 80' lang='lat' dir='ltr'>Jermaniam,</span> <span class='ocrx_word' id='word_1_596' title='bbox 1020 2695 1053 2715; x_wconf 85' lang='lat' dir='ltr'>ac</span> <span class='ocrx_word' id='word_1_597' title='bbox 1076 2687 1212 2717; x_wconf 87' lang='lat' dir='ltr'>universas</span> <span class='ocrx_word' id='word_1_598' title='bbox 1233 2688 1267 2718; x_wconf 88' lang='lat'>&amp;</span> 
     </span>
     <span class='ocr_line' id='line_1_72' title="bbox 204 2715 1265 2763; baseline 0.01 -19"><span class='ocrx_word' id='word_1_599' title='bbox 204 2715 320 2753; x_wconf 80' lang='lat' dir='ltr'>singulas</span> <span class='ocrx_word' id='word_1_600' title='bbox 341 2726 436 2747; x_wconf 88' lang='lat' dir='ltr'>earum</span> <span class='ocrx_word' id='word_1_601' title='bbox 461 2717 621 2748; x_wconf 86' lang='lat' dir='ltr'>Provincias</span> <span class='ocrx_word' id='word_1_602' title='bbox 641 2720 696 2749; x_wconf 79' lang='lat' dir='ltr'>{ive</span> <span class='ocrx_word' id='word_1_603' title='bbox 718 2730 823 2759; x_wconf 80' lang='lat' dir='ltr'>partes,</span> <span class='ocrx_word' id='word_1_604' title='bbox 841 2722 877 2751; x_wconf 87' lang='lat' dir='ltr'>ab</span> <span class='ocrx_word' id='word_1_605' title='bbox 899 2722 1001 2752; x_wconf 89' lang='lat' dir='ltr'>eodem</span> <span class='ocrx_word' id='word_1_606' title='bbox 1024 2723 1197 2763; x_wconf 88' lang='lat' dir='ltr'>Ludovico,</span> <span class='ocrx_word' id='word_1_607' title='bbox 1216 2725 1265 2755; x_wconf 90' lang='lat' dir='ltr'>sub</span> 
     </span>
     <span class='ocr_line' id='line_1_73' title="bbox 205 2751 1266 2803; baseline 0.011 -21"><span class='ocrx_word' id='word_1_608' title='bbox 205 2751 357 2790; x_wconf 87' lang='lat' dir='ltr'>Imperialis</span> <span class='ocrx_word' id='word_1_609' title='bbox 371 2756 492 2786; x_wconf 87' lang='lat' dir='ltr'>nominis</span> <span class='ocrx_word' id='word_1_610' title='bbox 505 2757 602 2794; x_wconf 88' lang='lat' dir='ltr'>titulo,</span> <span class='ocrx_word' id='word_1_611' title='bbox 623 2766 653 2787; x_wconf 90' lang='lat' dir='ltr'>ut</span> <span class='ocrx_word' id='word_1_612' title='bbox 668 2758 806 2797; x_wconf 75' lang='lat' dir='ltr'>asseritur,</span> <span class='ocrx_word' id='word_1_613' title='bbox 825 2759 963 2798; x_wconf 90' lang='lat' dir='ltr'>suscepisti</span> <span class='ocrx_word' id='word_1_614' title='bbox 975 2761 1012 2791; x_wconf 90' lang='lat' dir='ltr'>de</span> <span class='ocrx_word' id='word_1_615' title='bbox 1025 2761 1122 2801; x_wconf 66' lang='lat' dir='ltr'>facto,</span> <span class='ocrx_word' id='word_1_616' title='bbox 1137 2773 1204 2794; x_wconf 90' lang='lat' dir='ltr'>cum</span> <span class='ocrx_word' id='word_1_617' title='bbox 1223 2765 1266 2803; x_wconf 89' lang='lat' dir='ltr'>ip-</span> 
     </span>
     <span class='ocr_line' id='line_1_74' title="bbox 203 2791 1068 2837; baseline 0.012 -17"><span class='ocrx_word' id='word_1_618' title='bbox 203 2791 233 2821; x_wconf 82' lang='lat' dir='ltr'>se</span> <span class='ocrx_word' id='word_1_619' title='bbox 247 2791 410 2835; x_wconf 77' lang='lat' dir='ltr'>Lodovicus</span> <span class='ocrx_word' id='word_1_620' title='bbox 423 2804 475 2824; x_wconf 92' lang='lat' dir='ltr'>nec</span> <span class='ocrx_word' id='word_1_621' title='bbox 490 2794 554 2824; x_wconf 80' lang='lat' dir='ltr'>Rex</span> <span class='ocrx_word' id='word_1_622' title='bbox 567 2805 621 2825; x_wconf 92' lang='lat' dir='ltr'>nec</span> <span class='ocrx_word' id='word_1_623' title='bbox 634 2795 792 2834; x_wconf 86' lang='lat' dir='ltr'>Imperator</span> <span class='ocrx_word' id='word_1_624' title='bbox 807 2798 852 2837; x_wconf 84' lang='lat' dir='ltr'>iit,</span> <span class='ocrx_word' id='word_1_625' title='bbox 869 2807 900 2828; x_wconf 93' lang='lat' dir='ltr'>ut</span> <span class='ocrx_word' id='word_1_626' title='bbox 915 2799 1068 2837; x_wconf 67' lang='lat' dir='ltr'>praefertur.</span> 
     </span>
    </p>

    <p class='ocr_par' dir='ltr' id='par_1_16' title="bbox 201 2828 1268 3219">
     <span class='ocr_line' id='line_1_75' title="bbox 243 2828 1266 2878; baseline 0.012 -19"><span class='ocrx_word' id='word_1_627' title='bbox 243 2828 332 2873; x_wconf 79' lang='lat' dir='ltr'>Cujus</span> <span class='ocrx_word' id='word_1_628' title='bbox 351 2841 485 2869; x_wconf 53' lang='lat' dir='ltr'>praetextu</span> <span class='ocrx_word' id='word_1_629' title='bbox 501 2835 639 2864; x_wconf 86' lang='lat' dir='ltr'>nonnullis</span> <span class='ocrx_word' id='word_1_630' title='bbox 653 2834 776 2865; x_wconf 77' lang='lat' dir='ltr'>Praelaiis</span> <span class='ocrx_word' id='word_1_631' title='bbox 795 2835 981 2868; x_wconf 72' lang='lat' dir='ltr'>Ecclesiarum</span> <span class='ocrx_word' id='word_1_632' title='bbox 990 2861 1000 2878; x_wconf 90' lang='lat'>,</span> <span class='ocrx_word' id='word_1_633' title='bbox 1018 2840 1051 2870; x_wconf 72' lang='grc' dir='ltr'>ὃς</span> <span class='ocrx_word' id='word_1_634' title='bbox 1065 2838 1192 2870; x_wconf 86' lang='lat' dir='ltr'>Personis</span> <span class='ocrx_word' id='word_1_635' title='bbox 1207 2839 1266 2871; x_wconf 89' lang='lat' dir='ltr'>Ec-</span> 
     </span>
     <span class='ocr_line' id='line_1_76' title="bbox 202 2867 1265 2913; baseline 0.012 -16"><span class='ocrx_word' id='word_1_636' title='bbox 202 2867 376 2908; x_wconf 83' lang='lat' dir='ltr'>clesiasticis,</span> <span class='ocrx_word' id='word_1_637' title='bbox 393 2871 421 2899; x_wconf 90' lang='lat' dir='ltr'>in</span> <span class='ocrx_word' id='word_1_638' title='bbox 442 2872 517 2901; x_wconf 92' lang='lat' dir='ltr'>terris</span> <span class='ocrx_word' id='word_1_639' title='bbox 537 2871 649 2912; x_wconf 89' lang='lat' dir='ltr'>Imperii</span> <span class='ocrx_word' id='word_1_640' title='bbox 671 2873 845 2913; x_wconf 64' lang='lat' dir='ltr'>constitute,</span> <span class='ocrx_word' id='word_1_641' title='bbox 862 2885 895 2906; x_wconf 87' lang='lat' dir='ltr'>ac</span> <span class='ocrx_word' id='word_1_642' title='bbox 918 2877 946 2906; x_wconf 93' lang='lat' dir='ltr'>in</span> <span class='ocrx_word' id='word_1_643' title='bbox 970 2876 1065 2908; x_wconf 73' lang='lat' dir='ltr'>nost-ra</span> <span class='ocrx_word' id='word_1_644' title='bbox 1083 2879 1116 2908; x_wconf 89' lang='lat'>&amp;</span> <span class='ocrx_word' id='word_1_645' title='bbox 1133 2878 1265 2910; x_wconf 71' lang='lat' dir='ltr'>Ecclefire</span> 
     </span>
     <span class='ocr_line' id='line_1_77' title="bbox 204 2907 1266 2953; baseline 0.011 -17"><span class='ocrx_word' id='word_1_646' title='bbox 204 2915 372 2950; x_wconf 78' lang='lat' dir='ltr'>memoratae</span> <span class='ocrx_word' id='word_1_647' title='bbox 390 2907 542 2939; x_wconf 85' lang='lat' dir='ltr'>devotione</span> <span class='ocrx_word' id='word_1_648' title='bbox 560 2911 593 2940; x_wconf 92' lang='lat'>&amp;</span> <span class='ocrx_word' id='word_1_649' title='bbox 615 2911 745 2943; x_wconf 84' lang='lat' dir='ltr'>fidelitate</span> <span class='ocrx_word' id='word_1_650' title='bbox 760 2913 859 2943; x_wconf 84' lang='lat' dir='ltr'>debitis</span> <span class='ocrx_word' id='word_1_651' title='bbox 872 2914 1088 2953; x_wconf 73' lang='lat' dir='ltr'>persistentibus,</span> <span class='ocrx_word' id='word_1_652' title='bbox 1105 2917 1155 2947; x_wconf 86' lang='lat' dir='ltr'>sub</span> <span class='ocrx_word' id='word_1_653' title='bbox 1171 2917 1266 2948; x_wconf 75' lang='lat' dir='ltr'>Poenis</span> 
     </span>
     <span class='ocr_line' id='line_1_78' title="bbox 203 2946 1265 2995; baseline 0.012 -21"><span class='ocrx_word' id='word_1_654' title='bbox 203 2946 349 2990; x_wconf 76' lang='lat' dir='ltr'>gravibus,</span> <span class='ocrx_word' id='word_1_655' title='bbox 369 2956 417 2990; x_wconf 82' lang='lat' dir='ltr'>per</span> <span class='ocrx_word' id='word_1_656' title='bbox 439 2955 497 2991; x_wconf 73' lang='lat' dir='ltr'>tuas</span> <span class='ocrx_word' id='word_1_657' title='bbox 516 2949 554 2978; x_wconf 89' lang='lat' dir='ltr'>eis</span> <span class='ocrx_word' id='word_1_658' title='bbox 579 2949 678 2979; x_wconf 87' lang='lat' dir='ltr'>litteras</span> <span class='ocrx_word' id='word_1_659' title='bbox 699 2953 897 2989; x_wconf 88' lang='lat' dir='ltr'>comminatis,</span> <span class='ocrx_word' id='word_1_660' title='bbox 921 2954 1066 2984; x_wconf 76' lang='lat' dir='ltr'>mandasse</span> <span class='ocrx_word' id='word_1_661' title='bbox 1084 2954 1204 2995; x_wconf 89' lang='lat' dir='ltr'>diceris,</span> <span class='ocrx_word' id='word_1_662' title='bbox 1232 2957 1265 2987; x_wconf 87' lang='lat'>&amp;</span> 
     </span>
     <span class='ocr_line' id='line_1_79' title="bbox 204 2982 1267 3029; baseline 0.012 -17"><span class='ocrx_word' id='word_1_663' title='bbox 204 2982 357 3016; x_wconf 63' lang='lat' dir='ltr'>districtius</span> <span class='ocrx_word' id='word_1_664' title='bbox 375 2995 403 3015; x_wconf 89' lang='lat' dir='ltr'>in</span> <span class='ocrx_word' id='word_1_665' title='bbox 417 2985 537 3025; x_wconf 79' lang='lat' dir='ltr'>unxisse,</span> <span class='ocrx_word' id='word_1_666' title='bbox 555 2995 585 3017; x_wconf 89' lang='lat' dir='ltr'>ut</span> <span class='ocrx_word' id='word_1_667' title='bbox 606 2988 640 3018; x_wconf 87' lang='lat' dir='ltr'>ad</span> <span class='ocrx_word' id='word_1_668' title='bbox 656 2996 700 3026; x_wconf 89' lang='lat' dir='ltr'>te,</span> <span class='ocrx_word' id='word_1_669' title='bbox 719 2998 849 3027; x_wconf 86' lang='lat' dir='ltr'>tanquam</span> <span class='ocrx_word' id='word_1_670' title='bbox 863 2992 984 3029; x_wconf 88' lang='lat' dir='ltr'>ejusdem</span> <span class='ocrx_word' id='word_1_671' title='bbox 1000 2993 1142 3023; x_wconf 82' lang='lat' dir='ltr'>Lodovici</span> <span class='ocrx_word' id='word_1_672' title='bbox 1159 2995 1187 3024; x_wconf 89' lang='lat' dir='ltr'>in</span> <span class='ocrx_word' id='word_1_673' title='bbox 1202 2995 1267 3026; x_wconf 84' lang='lat' dir='ltr'>Ale-</span> 
     </span>
     <span class='ocr_line' id='line_1_80' title="bbox 206 3023 1264 3073; baseline 0.012 -22"><span class='ocrx_word' id='word_1_674' title='bbox 206 3023 336 3067; x_wconf 74' lang='lat' dir='ltr'>mannia¹</span> <span class='ocrx_word' id='word_1_675' title='bbox 349 3023 383 3054; x_wconf 90' lang='lat'>&amp;</span> <span class='ocrx_word' id='word_1_676' title='bbox 419 3025 565 3055; x_wconf 77' lang='lat' dir='ltr'>ermannia</span> <span class='ocrx_word' id='word_1_677' title='bbox 578 3048 587 3062; x_wconf 86' lang='lat'>,</span> <span class='ocrx_word' id='word_1_678' title='bbox 613 3027 645 3057; x_wconf 74' lang='grc' dir='ltr'>δε</span> <span class='ocrx_word' id='word_1_679' title='bbox 663 3029 785 3065; x_wconf 87' lang='lat' dir='ltr'>partibus</span> <span class='ocrx_word' id='word_1_680' title='bbox 807 3028 968 3066; x_wconf 65' lang='lat' dir='ltr'>supradietis</span> <span class='ocrx_word' id='word_1_681' title='bbox 981 3055 989 3068; x_wconf 85' lang='lat'>,</span> <span class='ocrx_word' id='word_1_682' title='bbox 1017 3031 1043 3062; x_wconf 88' lang='lat' dir='ltr'>V</span> <span class='ocrx_word' id='word_1_683' title='bbox 1054 3041 1090 3062; x_wconf 86' lang='lat' dir='ltr'>ic</span> <span class='ocrx_word' id='word_1_684' title='bbox 1100 3042 1119 3062; x_wconf 78' lang='grc' dir='ltr'><strong>Α</strong></span> <span class='ocrx_word' id='word_1_685' title='bbox 1131 3042 1152 3063; x_wconf 68' lang='lat' dir='ltr'>r&lt;</span> <span class='ocrx_word' id='word_1_686' title='bbox 1166 3043 1177 3063; x_wconf 91' lang='lat'>1</span> <span class='ocrx_word' id='word_1_687' title='bbox 1187 3042 1210 3063; x_wconf 85' lang='lat' dir='ltr'>u</span> <span class='ocrx_word' id='word_1_688' title='bbox 1220 3042 1245 3064; x_wconf 79' lang='lat' dir='ltr'>M</span> <span class='ocrx_word' id='word_1_689' title='bbox 1254 3057 1264 3073; x_wconf 86' lang='lat'>,</span> 
     </span>
     <span class='ocr_line' id='line_1_81' title="bbox 207 3059 1268 3110; baseline 0.013 -21"><span class='ocrx_word' id='word_1_690' title='bbox 207 3059 338 3091; x_wconf 74' lang='lat' dir='ltr'>Auditum</span> <span class='ocrx_word' id='word_1_691' title='bbox 358 3062 566 3093; x_wconf 85' lang='lat' dir='ltr'>Sententiarum</span> <span class='ocrx_word' id='word_1_692' title='bbox 588 3065 811 3103; x_wconf 79' lang='lat' dir='ltr'>&amp;judiciorum</span> <span class='ocrx_word' id='word_1_693' title='bbox 832 3068 911 3106; x_wconf 74' lang='lat' dir='ltr'>ipsius</span> <span class='ocrx_word' id='word_1_694' title='bbox 934 3069 1075 3100; x_wconf 88' lang='lat' dir='ltr'>Ludovici</span> <span class='ocrx_word' id='word_1_695' title='bbox 1094 3070 1268 3110; x_wconf 76' lang='lat' dir='ltr'>tuorumque</span> 
     </span>
     <span class='ocr_line' id='line_1_82' title="bbox 208 3096 1267 3149; baseline 0.012 -21"><span class='ocrx_word' id='word_1_696' title='bbox 208 3096 413 3142; x_wconf 82' lang='lat' dir='ltr'>Mandatorum</span> <span class='ocrx_word' id='word_1_697' title='bbox 435 3101 453 3121; x_wconf 65' lang='lat'>²*</span> <span class='ocrx_word' id='word_1_698' title='bbox 468 3103 679 3142; x_wconf 85' lang='lat' dir='ltr'>recitationem,</span> <span class='ocrx_word' id='word_1_699' title='bbox 695 3115 728 3134; x_wconf 89' lang='lat' dir='ltr'>ac</span> <span class='ocrx_word' id='word_1_700' title='bbox 748 3105 892 3144; x_wconf 70' lang='lat' dir='ltr'>praestituri</span> <span class='ocrx_word' id='word_1_701' title='bbox 913 3108 1004 3138; x_wconf 82' lang='lat' dir='ltr'>eidem</span> <span class='ocrx_word' id='word_1_702' title='bbox 1025 3108 1179 3140; x_wconf 88' lang='lat' dir='ltr'>Ludovico</span> <span class='ocrx_word' id='word_1_703' title='bbox 1194 3134 1203 3149; x_wconf 96' lang='lat'>,</span> <span class='ocrx_word' id='word_1_704' title='bbox 1224 3112 1267 3141; x_wconf 92' lang='lat' dir='ltr'>vel</span> 
     </span>
     <span class='ocr_line' id='line_1_83' title="bbox 206 3138 1265 3189; baseline 0.014 -23"><span class='ocrx_word' id='word_1_705' title='bbox 206 3138 264 3180; x_wconf 67' lang='lat' dir='ltr'>tibi</span> <span class='ocrx_word' id='word_1_706' title='bbox 278 3139 334 3175; x_wconf 88' lang='lat' dir='ltr'>ejus</span> <span class='ocrx_word' id='word_1_707' title='bbox 346 3140 479 3178; x_wconf 88' lang='lat' dir='ltr'>nomine,</span> <span class='ocrx_word' id='word_1_708' title='bbox 499 3140 722 3179; x_wconf 84' lang='lat' dir='ltr'>Recognitiones</span> <span class='ocrx_word' id='word_1_709' title='bbox 733 3144 765 3173; x_wconf 67' lang='grc' dir='ltr'>ὃς</span> <span class='ocrx_word' id='word_1_710' title='bbox 783 3143 924 3183; x_wconf 79' lang='lat' dir='ltr'>Hoinagia</span> <span class='ocrx_word' id='word_1_711' title='bbox 938 3147 972 3177; x_wconf 91' lang='lat' dir='ltr'>de</span> <span class='ocrx_word' id='word_1_712' title='bbox 984 3147 1095 3185; x_wconf 78' lang='lat' dir='ltr'>Terris,</span> <span class='ocrx_word' id='word_1_713' title='bbox 1112 3147 1213 3189; x_wconf 84' lang='lat' dir='ltr'>Bonis,</span> <span class='ocrx_word' id='word_1_714' title='bbox 1231 3151 1265 3181; x_wconf 89' lang='lat'>&amp;</span> 
     </span>
     <span class='ocr_line' id='line_1_84' title="bbox 201 3174 945 3219; baseline 0.013 -15"><span class='ocrx_word' id='word_1_715' title='bbox 201 3174 335 3215; x_wconf 86' lang='lat' dir='ltr'>Juribus,</span> <span class='ocrx_word' id='word_1_716' title='bbox 357 3187 419 3215; x_wconf 88' lang='lat' dir='ltr'>quae</span> <span class='ocrx_word' id='word_1_717' title='bbox 431 3187 526 3208; x_wconf 89' lang='lat' dir='ltr'>tenent</span> <span class='ocrx_word' id='word_1_718' title='bbox 540 3180 576 3209; x_wconf 92' lang='lat' dir='ltr'>ab</span> <span class='ocrx_word' id='word_1_719' title='bbox 590 3179 732 3219; x_wconf 84' lang='lat' dir='ltr'>Imperio,</span> <span class='ocrx_word' id='word_1_720' title='bbox 751 3185 945 3214; x_wconf 86' lang='lat' dir='ltr'>convenirent.</span> 
     </span>
    </p>

    <p class='ocr_par' dir='ltr' id='par_1_17' title="bbox 202 3214 1271 3638">
     <span class='ocr_line' id='line_1_85' title="bbox 243 3214 1268 3264; baseline 0.014 -21"><span class='ocrx_word' id='word_1_721' title='bbox 243 3214 291 3244; x_wconf 86' lang='lat' dir='ltr'>De</span> <span class='ocrx_word' id='word_1_722' title='bbox 312 3214 359 3245; x_wconf 90' lang='lat' dir='ltr'>Te</span> <span class='ocrx_word' id='word_1_723' title='bbox 379 3217 478 3254; x_wconf 86' lang='lat' dir='ltr'>igitur,</span> <span class='ocrx_word' id='word_1_724' title='bbox 498 3216 567 3255; x_wconf 91' lang='lat' dir='ltr'>Fili,</span> <span class='ocrx_word' id='word_1_725' title='bbox 585 3219 634 3248; x_wconf 92' lang='lat' dir='ltr'>ubi</span> <span class='ocrx_word' id='word_1_726' title='bbox 653 3219 684 3250; x_wconf 89' lang='lat' dir='ltr'>sit</span> <span class='ocrx_word' id='word_1_727' title='bbox 704 3229 749 3250; x_wconf 89' lang='lat' dir='ltr'>tua</span> <span class='ocrx_word' id='word_1_728' title='bbox 772 3229 942 3260; x_wconf 88' lang='lat' dir='ltr'>tuorumque</span> <span class='ocrx_word' id='word_1_729' title='bbox 958 3222 1188 3256; x_wconf 88' lang='lat' dir='ltr'>Consiliariorum</span> <span class='ocrx_word' id='word_1_730' title='bbox 1202 3237 1268 3264; x_wconf 88' lang='lat' dir='ltr'>pru-</span> 
     </span>
     <span class='ocr_line' id='line_1_86' title="bbox 205 3250 1268 3303; baseline 0.013 -22"><span class='ocrx_word' id='word_1_731' title='bbox 205 3250 317 3294; x_wconf 76' lang='lat' dir='ltr'>dentia,</span> <span class='ocrx_word' id='word_1_732' title='bbox 335 3254 371 3297; x_wconf 83' lang='lat' dir='ltr'>ab</span> <span class='ocrx_word' id='word_1_733' title='bbox 387 3264 423 3297; x_wconf 81' lang='lat' dir='ltr'>eo</span> <span class='ocrx_word' id='word_1_734' title='bbox 437 3256 603 3294; x_wconf 73' lang='lat' dir='ltr'>praesertim,</span> <span class='ocrx_word' id='word_1_735' title='bbox 622 3267 680 3287; x_wconf 89' lang='lat' dir='ltr'>non</span> <span class='ocrx_word' id='word_1_736' title='bbox 693 3257 848 3289; x_wconf 84' lang='lat' dir='ltr'>sufficimus</span> <span class='ocrx_word' id='word_1_737' title='bbox 862 3261 1004 3299; x_wconf 85' lang='lat' dir='ltr'>admirari,</span> <span class='ocrx_word' id='word_1_738' title='bbox 1018 3263 1114 3302; x_wconf 77' lang='lat' dir='ltr'>quod,</span> <span class='ocrx_word' id='word_1_739' title='bbox 1137 3265 1204 3294; x_wconf 80' lang='lat' dir='ltr'>cum</span> <span class='ocrx_word' id='word_1_740' title='bbox 1221 3274 1249 3295; x_wconf 88' lang='lat' dir='ltr'>tu</span> <span class='ocrx_word' id='word_1_741' title='bbox 1259 3289 1268 3303; x_wconf 84' lang='lat'>,</span> 
     </span>
     <span class='ocr_line' id='line_1_87' title="bbox 208 3292 1269 3337; baseline 0.012 -17"><span class='ocrx_word' id='word_1_742' title='bbox 208 3292 280 3335; x_wconf 71' lang='lat' dir='ltr'>{icut</span> <span class='ocrx_word' id='word_1_743' title='bbox 299 3292 473 3331; x_wconf 86' lang='lat' dir='ltr'>audivimus,</span> <span class='ocrx_word' id='word_1_744' title='bbox 497 3303 548 3333; x_wconf 84' lang='lat' dir='ltr'>pro</span> <span class='ocrx_word' id='word_1_745' title='bbox 569 3296 681 3326; x_wconf 90' lang='lat' dir='ltr'>illorum</span> <span class='ocrx_word' id='word_1_746' title='bbox 703 3299 867 3334; x_wconf 84' lang='lat' dir='ltr'>repetitione</span> <span class='ocrx_word' id='word_1_747' title='bbox 882 3298 1008 3337; x_wconf 88' lang='lat' dir='ltr'>Jurium,</span> <span class='ocrx_word' id='word_1_748' title='bbox 1038 3310 1101 3337; x_wconf 62' lang='lat' dir='ltr'>quse</span> <span class='ocrx_word' id='word_1_749' title='bbox 1124 3302 1158 3331; x_wconf 91' lang='lat' dir='ltr'>ad</span> <span class='ocrx_word' id='word_1_750' title='bbox 1178 3311 1206 3332; x_wconf 90' lang='lat' dir='ltr'>te</span> <span class='ocrx_word' id='word_1_751' title='bbox 1227 3314 1269 3333; x_wconf 79' lang='lat' dir='ltr'>as-</span> 
     </span>
     <span class='ocr_line' id='line_1_88' title="bbox 203 3328 1266 3377; baseline 0.012 -19"><span class='ocrx_word' id='word_1_752' title='bbox 203 3328 268 3359; x_wconf 82' lang='lat' dir='ltr'>seris</span> <span class='ocrx_word' id='word_1_753' title='bbox 288 3332 440 3369; x_wconf 86' lang='lat' dir='ltr'>pertinere,</span> <span class='ocrx_word' id='word_1_754' title='bbox 456 3341 514 3361; x_wconf 91' lang='lat' dir='ltr'>non</span> <span class='ocrx_word' id='word_1_755' title='bbox 537 3334 592 3363; x_wconf 87' lang='lat' dir='ltr'>sine</span> <span class='ocrx_word' id='word_1_756' title='bbox 614 3337 762 3373; x_wconf 88' lang='lat' dir='ltr'>grandium</span> <span class='ocrx_word' id='word_1_757' title='bbox 784 3336 967 3367; x_wconf 86' lang='lat' dir='ltr'>Personarum</span> <span class='ocrx_word' id='word_1_758' title='bbox 989 3339 1130 3377; x_wconf 83' lang='lat' dir='ltr'>periculis,</span> <span class='ocrx_word' id='word_1_759' title='bbox 1152 3350 1184 3371; x_wconf 90' lang='lat' dir='ltr'>ac</span> <span class='ocrx_word' id='word_1_760' title='bbox 1209 3340 1266 3371; x_wconf 72' lang='lat' dir='ltr'>Ex-</span> 
     </span>
     <span class='ocr_line' id='line_1_89' title="bbox 203 3367 1271 3416; baseline 0.012 -20"><span class='ocrx_word' id='word_1_761' title='bbox 203 3367 349 3412; x_wconf 76' lang='lat' dir='ltr'>pensarum</span> <span class='ocrx_word' id='word_1_762' title='bbox 379 3370 413 3400; x_wconf 91' lang='lat'>&amp;</span> <span class='ocrx_word' id='word_1_763' title='bbox 437 3369 608 3410; x_wconf 87' lang='lat' dir='ltr'>Sumptuum</span> <span class='ocrx_word' id='word_1_764' title='bbox 635 3374 777 3412; x_wconf 85' lang='lat' dir='ltr'>profluviis</span> <span class='ocrx_word' id='word_1_765' title='bbox 792 3397 802 3412; x_wconf 91' lang='lat'>,</span> <span class='ocrx_word' id='word_1_766' title='bbox 835 3378 998 3415; x_wconf 87' lang='lat' dir='ltr'>peregrinari</span> <span class='ocrx_word' id='word_1_767' title='bbox 1024 3377 1058 3407; x_wconf 88' lang='lat' dir='ltr'>ad</span> <span class='ocrx_word' id='word_1_768' title='bbox 1087 3387 1175 3416; x_wconf 87' lang='lat' dir='ltr'>partes</span> <span class='ocrx_word' id='word_1_769' title='bbox 1200 3378 1271 3410; x_wconf 91' lang='lat' dir='ltr'>Ale-</span> 
     </span>
     <span class='ocr_line' id='line_1_90' title="bbox 204 3409 1267 3456; baseline 0.013 -22"><span class='ocrx_word' id='word_1_770' title='bbox 204 3413 337 3450; x_wconf 37' lang='lat' dir='ltr'>manni-te·</span> <span class='ocrx_word' id='word_1_771' title='bbox 349 3409 504 3446; x_wconf 87' lang='lat' dir='ltr'>curaveris,</span> <span class='ocrx_word' id='word_1_772' title='bbox 524 3409 557 3439; x_wconf 73' lang='grc' dir='ltr'>ὅ(</span> <span class='ocrx_word' id='word_1_773' title='bbox 577 3411 679 3452; x_wconf 75' lang='lat' dir='ltr'>multos</span> <span class='ocrx_word' id='word_1_774' title='bbox 699 3413 777 3452; x_wconf 82' lang='lat' dir='ltr'>super</span> <span class='ocrx_word' id='word_1_775' title='bbox 799 3413 855 3444; x_wconf 90' lang='lat' dir='ltr'>hoc</span> <span class='ocrx_word' id='word_1_776' title='bbox 877 3415 974 3444; x_wconf 89' lang='lat' dir='ltr'>feceris</span> <span class='ocrx_word' id='word_1_777' title='bbox 996 3415 1148 3456; x_wconf 83' lang='lat' dir='ltr'>Apparatus</span> <span class='ocrx_word' id='word_1_778' title='bbox 1164 3440 1174 3455; x_wconf 92' lang='lat'>,</span> <span class='ocrx_word' id='word_1_779' title='bbox 1198 3426 1267 3448; x_wconf 88' lang='lat' dir='ltr'>tunc</span> 
     </span>
     <span class='ocr_line' id='line_1_91' title="bbox 203 3442 1269 3494; baseline 0.013 -22"><span class='ocrx_word' id='word_1_780' title='bbox 203 3442 297 3488; x_wconf 80' lang='lat' dir='ltr'>spretis</span> <span class='ocrx_word' id='word_1_781' title='bbox 315 3445 435 3482; x_wconf 72' lang='lat' dir='ltr'>eiusdem</span> <span class='ocrx_word' id='word_1_782' title='bbox 455 3445 667 3479; x_wconf 77' lang='lat' dir='ltr'>Praedecessoris</span> <span class='ocrx_word' id='word_1_783' title='bbox 686 3450 877 3488; x_wconf 76' lang='lat' dir='ltr'>Proceffibus,</span> <span class='ocrx_word' id='word_1_784' title='bbox 896 3454 930 3483; x_wconf 90' lang='lat'>&amp;</span> <span class='ocrx_word' id='word_1_785' title='bbox 953 3453 1080 3485; x_wconf 68' lang='lat' dir='ltr'>deductis</span> <span class='ocrx_word' id='word_1_786' title='bbox 1103 3455 1269 3494; x_wconf 84' lang='lat' dir='ltr'>dampnabi-</span> 
     </span>
     <span class='ocr_line' id='line_1_92' title="bbox 202 3479 1269 3533; baseline 0.013 -23"><span class='ocrx_word' id='word_1_787' title='bbox 202 3479 318 3526; x_wconf 42' lang='lat' dir='ltr'>hieru-n</span> <span class='ocrx_word' id='word_1_788' title='bbox 342 3493 539 3522; x_wconf 84' lang='lat' dir='ltr'>contemptum</span> <span class='ocrx_word' id='word_1_789' title='bbox 563 3485 662 3518; x_wconf 88' lang='lat' dir='ltr'>Poenis</span> <span class='ocrx_word' id='word_1_790' title='bbox 682 3490 714 3519; x_wconf 75' lang='grc' dir='ltr'>δε</span> <span class='ocrx_word' id='word_1_791' title='bbox 740 3490 890 3520; x_wconf 83' lang='lat' dir='ltr'>Sententiis</span> <span class='ocrx_word' id='word_1_792' title='bbox 909 3492 1070 3529; x_wconf 57' lang='lat' dir='ltr'>supradistis</span> <span class='ocrx_word' id='word_1_793' title='bbox 1084 3516 1092 3529; x_wconf 85' lang='lat'>,</span> <span class='ocrx_word' id='word_1_794' title='bbox 1125 3495 1225 3533; x_wconf 88' lang='lat' dir='ltr'>quibus</span> <span class='ocrx_word' id='word_1_795' title='bbox 1242 3503 1269 3525; x_wconf 92' lang='lat' dir='ltr'>te</span> 
     </span>
     <span class='ocr_line' id='line_1_93' title="bbox 204 3520 1267 3569; baseline 0.013 -21"><span class='ocrx_word' id='word_1_796' title='bbox 204 3520 355 3565; x_wconf 62' lang='lat' dir='ltr'>manifeste</span> <span class='ocrx_word' id='word_1_797' title='bbox 369 3545 379 3560; x_wconf 93' lang='lat'>,</span> <span class='ocrx_word' id='word_1_798' title='bbox 404 3523 422 3553; x_wconf 87' lang='lat' dir='ltr'>si</span> <span class='ocrx_word' id='word_1_799' title='bbox 443 3534 506 3561; x_wconf 67' lang='lat' dir='ltr'>quie</span> <span class='ocrx_word' id='word_1_800' title='bbox 527 3526 610 3555; x_wconf 87' lang='lat' dir='ltr'>nobis</span> <span class='ocrx_word' id='word_1_801' title='bbox 628 3527 783 3558; x_wconf 82' lang='lat' dir='ltr'>reseruntur</span> <span class='ocrx_word' id='word_1_802' title='bbox 802 3538 866 3558; x_wconf 87' lang='lat' dir='ltr'>vera</span> <span class='ocrx_word' id='word_1_803' title='bbox 887 3529 938 3560; x_wconf 85' lang='lat' dir='ltr'>fint</span> <span class='ocrx_word' id='word_1_804' title='bbox 954 3553 963 3568; x_wconf 88' lang='lat'>,</span> <span class='ocrx_word' id='word_1_805' title='bbox 989 3541 1048 3560; x_wconf 88' lang='lat' dir='ltr'>nori</span> <span class='ocrx_word' id='word_1_806' title='bbox 1070 3531 1172 3569; x_wconf 87' lang='lat' dir='ltr'>absque</span> <span class='ocrx_word' id='word_1_807' title='bbox 1198 3533 1267 3562; x_wconf 90' lang='lat' dir='ltr'>hor-</span> 
     </span>
     <span class='ocr_line' id='line_1_94' title="bbox 203 3557 1269 3610; baseline 0.014 -24"><span class='ocrx_word' id='word_1_808' title='bbox 203 3557 289 3588; x_wconf 81' lang='lat' dir='ltr'>renda</span> <span class='ocrx_word' id='word_1_809' title='bbox 317 3561 383 3604; x_wconf 65' lang='lat' dir='ltr'>nota</span> <span class='ocrx_word' id='word_1_810' title='bbox 402 3584 416 3604; x_wconf 75' lang='lat'>².</span> <span class='ocrx_word' id='word_1_811' title='bbox 445 3572 519 3607; x_wconf 29' lang='lat' dir='ltr'>qu&#39;ae*</span> <span class='ocrx_word' id='word_1_812' title='bbox 537 3573 595 3606; x_wconf 77' lang='lat' dir='ltr'>non</span> <span class='ocrx_word' id='word_1_813' title='bbox 622 3565 719 3605; x_wconf 78' lang='lat' dir='ltr'>parum</span> <span class='ocrx_word' id='word_1_814' title='bbox 746 3567 872 3598; x_wconf 86' lang='lat' dir='ltr'>obfuscat</span> <span class='ocrx_word' id='word_1_815' title='bbox 893 3569 934 3598; x_wconf 91' lang='lat' dir='ltr'>tui</span> <span class='ocrx_word' id='word_1_816' title='bbox 955 3569 1107 3600; x_wconf 88' lang='lat' dir='ltr'>claritatem</span> <span class='ocrx_word' id='word_1_817' title='bbox 1131 3569 1269 3610; x_wconf 79' lang='lat' dir='ltr'>Generis,</span> 
     </span>
     <span class='ocr_line' id='line_1_95' title="bbox 205 3597 567 3638; baseline 0.019 -14"><span class='ocrx_word' id='word_1_818' title='bbox 205 3597 396 3634; x_wconf 67' lang='lat' dir='ltr'>proculdubio</span> <span class='ocrx_word' id='word_1_819' title='bbox 411 3600 567 3638; x_wconf 85' lang='lat' dir='ltr'>implicasti.</span> 
     </span>
    </p>

    <p class='ocr_par' dir='ltr' id='par_1_18' title="bbox 242 3632 509 3676">
     <span class='ocr_line' id='line_1_96' title="bbox 242 3632 509 3676; baseline 0.019 -13"><span class='ocrx_word' id='word_1_820' title='bbox 242 3632 280 3663; x_wconf 87' lang='lat' dir='ltr'>Et</span> <span class='ocrx_word' id='word_1_821' title='bbox 293 3636 509 3676; x_wconf 85' lang='lat' dir='ltr'>nichilominus,</span> 
     </span>
    </p>

    <p class='ocr_par' dir='ltr' id='par_1_19' title="bbox 201 3671 1268 4067">
     <span class='ocr_line' id='line_1_97' title="bbox 243 3671 1267 3723; baseline 0.014 -22"><span class='ocrx_word' id='word_1_822' title='bbox 243 3671 382 3709; x_wconf 84' lang='lat' dir='ltr'>Qamvis</span> <span class='ocrx_word' id='word_1_823' title='bbox 403 3675 475 3719; x_wconf 74' lang='lat' dir='ltr'>.N9⁵</span> <span class='ocrx_word' id='word_1_824' title='bbox 496 3678 529 3708; x_wconf 89' lang='lat'>&amp;</span> <span class='ocrx_word' id='word_1_825' title='bbox 551 3677 675 3721; x_wconf 72' lang='lat' dir='ltr'>Ecclesia</span> <span class='ocrx_word' id='word_1_826' title='bbox 696 3680 753 3718; x_wconf 88' lang='lat' dir='ltr'>ipsa</span> <span class='ocrx_word' id='word_1_827' title='bbox 773 3689 801 3712; x_wconf 89' lang='lat' dir='ltr'>te</span> <span class='ocrx_word' id='word_1_828' title='bbox 820 3693 964 3723; x_wconf 88' lang='lat' dir='ltr'>nunquam</span> <span class='ocrx_word' id='word_1_829' title='bbox 978 3682 1197 3722; x_wconf 66' lang='lat' dir='ltr'>offenderimus,</span> <span class='ocrx_word' id='word_1_830' title='bbox 1214 3696 1267 3716; x_wconf 90' lang='lat' dir='ltr'>nec</span> 
     </span>
     <span class='ocr_line' id='line_1_98' title="bbox 205 3713 1264 3760; baseline 0.017 -24"><span class='ocrx_word' id='word_1_831' title='bbox 205 3716 305 3739; x_wconf 87' lang='lat' dir='ltr'>contra</span> <span class='ocrx_word' id='word_1_832' title='bbox 328 3719 354 3754; x_wconf 81' lang='lat' dir='ltr'>te</span> <span class='ocrx_word' id='word_1_833' title='bbox 375 3713 476 3751; x_wconf 89' lang='lat' dir='ltr'>aliquid</span> <span class='ocrx_word' id='word_1_834' title='bbox 490 3715 637 3759; x_wconf 84' lang='lat' dir='ltr'>fecerimus</span> <span class='ocrx_word' id='word_1_835' title='bbox 644 3740 655 3756; x_wconf 94' lang='lat'>,</span> <span class='ocrx_word' id='word_1_836' title='bbox 671 3729 860 3760; x_wconf 87' lang='lat' dir='ltr'>quamquam,</span> <span class='ocrx_word' id='word_1_837' title='bbox 879 3731 910 3751; x_wconf 90' lang='lat' dir='ltr'>ut</span> <span class='ocrx_word' id='word_1_838' title='bbox 924 3722 1123 3757; x_wconf 76' lang='lat' dir='ltr'>intelleximus,</span> <span class='ocrx_word' id='word_1_839' title='bbox 1143 3722 1212 3753; x_wconf 69' lang='lat' dir='ltr'>falso</span> <span class='ocrx_word' id='word_1_840' title='bbox 1230 3725 1264 3755; x_wconf 72' lang='grc' dir='ltr'>ὃς</span> 
     </span>
     <span class='ocr_line' id='line_1_99' title="bbox 205 3747 1267 3798; baseline 0.017 -24"><span class='ocrx_word' id='word_1_841' title='bbox 205 3747 377 3778; x_wconf 86' lang='lat' dir='ltr'>mendaciter</span> <span class='ocrx_word' id='word_1_842' title='bbox 395 3751 623 3797; x_wconf 45' lang='lat' dir='ltr'>sssggssstymffssbi</span> <span class='ocrx_word' id='word_1_843' title='bbox 644 3766 693 3795; x_wconf 88' lang='lat' dir='ltr'>per</span> <span class='ocrx_word' id='word_1_844' title='bbox 713 3768 777 3795; x_wconf 89' lang='lat' dir='ltr'>eos,</span> <span class='ocrx_word' id='word_1_845' title='bbox 795 3761 843 3797; x_wconf 90' lang='lat' dir='ltr'>qui</span> <span class='ocrx_word' id='word_1_846' title='bbox 864 3759 929 3798; x_wconf 87' lang='lat' dir='ltr'>Te,</span> <span class='ocrx_word' id='word_1_847' title='bbox 947 3761 1087 3798; x_wconf 85' lang='lat' dir='ltr'>Salutem,</span> <span class='ocrx_word' id='word_1_848' title='bbox 1106 3761 1139 3791; x_wconf 67' lang='grc' dir='ltr'>ὃ(</span> <span class='ocrx_word' id='word_1_849' title='bbox 1159 3761 1267 3791; x_wconf 81' lang='lat' dir='ltr'>Hono-</span> 
     </span>
     <span class='ocr_line' id='line_1_100' title="bbox 206 3792 1267 3836; baseline 0.003 -10"><span class='ocrx_word' id='word_1_850' title='bbox 206 3792 267 3812; x_wconf 64' lang='lat' dir='ltr'>rem</span> <span class='ocrx_word' id='word_1_851' title='bbox 284 3793 380 3826; x_wconf 51' lang='lat' dir='ltr'>Qum,</span> <span class='ocrx_word' id='word_1_852' title='bbox 398 3798 515 3820; x_wconf 72' lang='lat' dir='ltr'>numme</span> <span class='ocrx_word' id='word_1_853' title='bbox 528 3792 670 3834; x_wconf 26' lang='lat' dir='ltr'>‘dillgunss</span> <span class='ocrx_word' id='word_1_854' title='bbox 689 3796 771 3826; x_wconf 89' lang='lat' dir='ltr'>fuerit</span> <span class='ocrx_word' id='word_1_855' title='bbox 791 3798 872 3836; x_wconf 79' lang='lat' dir='ltr'>quod</span> <span class='ocrx_word' id='word_1_856' title='bbox 889 3808 956 3836; x_wconf 84' lang='lat' dir='ltr'>nos,</span> <span class='ocrx_word' id='word_1_857' title='bbox 974 3798 1117 3828; x_wconf 82' lang='lat' dir='ltr'>cariffirno</span> <span class='ocrx_word' id='word_1_858' title='bbox 1133 3800 1162 3829; x_wconf 90' lang='lat' dir='ltr'>in</span> <span class='ocrx_word' id='word_1_859' title='bbox 1178 3798 1267 3830; x_wconf 78' lang='lat' dir='ltr'>Chri-</span> 
     </span>
     <span class='ocr_line' id='line_1_101' title="bbox 206 3819 1265 3874; baseline 0.009 -16"><span class='ocrx_word' id='word_1_860' title='bbox 206 3819 251 3849; x_wconf 79' lang='lat' dir='ltr'>st0</span> <span class='ocrx_word' id='word_1_861' title='bbox 268 3821 339 3851; x_wconf 76' lang='lat' dir='ltr'>F¹l¹0</span> <span class='ocrx_word' id='word_1_862' title='bbox 353 3825 465 3866; x_wconf 64' lang='lat' dir='ltr'>mstrQ</span> <span class='ocrx_word' id='word_1_863' title='bbox 481 3828 613 3874; x_wconf 72' lang='lat' dir='ltr'>Philippo</span> <span class='ocrx_word' id='word_1_864' title='bbox 630 3832 703 3872; x_wconf 88' lang='lat' dir='ltr'>Regi</span> <span class='ocrx_word' id='word_1_865' title='bbox 719 3834 743 3863; x_wconf 87' lang='lat' dir='ltr'>F</span> <span class='ocrx_word' id='word_1_866' title='bbox 746 3837 843 3865; x_wconf 77' lang='lat' dir='ltr'>ianciae</span> <span class='ocrx_word' id='word_1_867' title='bbox 858 3835 977 3874; x_wconf 87' lang='lat' dir='ltr'>Illustri,</span> <span class='ocrx_word' id='word_1_868' title='bbox 987 3838 1015 3866; x_wconf 90' lang='lat' dir='ltr'>in</span> <span class='ocrx_word' id='word_1_869' title='bbox 1031 3839 1162 3868; x_wconf 83' lang='lat' dir='ltr'>auxilium</span> <span class='ocrx_word' id='word_1_870' title='bbox 1171 3837 1265 3868; x_wconf 89' lang='lat' dir='ltr'>Guer-</span> 
     </span>
     <span class='ocr_line' id='line_1_102' title="bbox 205 3858 1266 3910; baseline 0.008 -12"><span class='ocrx_word' id='word_1_871' title='bbox 205 3868 246 3887; x_wconf 69' lang='lat' dir='ltr'>fae</span> <span class='ocrx_word' id='word_1_872' title='bbox 264 3858 316 3888; x_wconf 62' lang='lat' dir='ltr'>suae</span> <span class='ocrx_word' id='word_1_873' title='bbox 326 3882 333 3895; x_wconf 78' lang='lat'>⁷</span> <span class='ocrx_word' id='word_1_874' title='bbox 349 3871 491 3903; x_wconf 61' lang='lat' dir='ltr'>ingentem</span> <span class='ocrx_word' id='word_1_875' title='bbox 512 3876 639 3910; x_wconf 72' lang='lat' dir='ltr'>pecuniae</span> <span class='ocrx_word' id='word_1_876' title='bbox 654 3873 836 3909; x_wconf 84' lang='lat' dir='ltr'>quantitatem</span> <span class='ocrx_word' id='word_1_877' title='bbox 850 3873 886 3903; x_wconf 91' lang='lat' dir='ltr'>de</span> <span class='ocrx_word' id='word_1_878' title='bbox 900 3874 996 3905; x_wconf 87' lang='lat' dir='ltr'>nostra</span> <span class='ocrx_word' id='word_1_879' title='bbox 1009 3874 1134 3906; x_wconf 88' lang='lat' dir='ltr'>Camera</span> <span class='ocrx_word' id='word_1_880' title='bbox 1151 3876 1266 3907; x_wconf 84' lang='lat' dir='ltr'>dedera-</span> 
     </span>
     <span class='ocr_line' id='line_1_103' title="bbox 204 3898 1265 3947; baseline 0.011 -14"><span class='ocrx_word' id='word_1_881' title='bbox 204 3905 282 3931; x_wconf 47' lang='grc' dir='ltr'>ΗΠΒ,</span> <span class='ocrx_word' id='word_1_882' title='bbox 301 3898 432 3941; x_wconf 63' lang='lat' dir='ltr'>QUquUe</span> <span class='ocrx_word' id='word_1_883' title='bbox 444 3902 659 3947; x_wconf 38' lang='lat' dir='ltr'>&#39;institutionem</span> <span class='ocrx_word' id='word_1_884' title='bbox 682 3910 858 3947; x_wconf 86' lang='lat' dir='ltr'>personarum</span> <span class='ocrx_word' id='word_1_885' title='bbox 874 3912 1132 3944; x_wconf 80' lang='lat' dir='ltr'>Ecclesiasticarum</span> <span class='ocrx_word' id='word_1_886' title='bbox 1147 3924 1265 3944; x_wconf 73' lang='lat' dir='ltr'>concec-</span> 
     </span>
     <span class='ocr_line' id='line_1_104' title="bbox 202 3934 1268 3991; baseline 0.02 -29"><span class='ocrx_word' id='word_1_887' title='bbox 202 3934 320 3986; x_wconf 75' lang='lat' dir='ltr'>seramus</span> <span class='ocrx_word' id='word_1_888' title='bbox 334 3937 426 3978; x_wconf 55' lang='lat' dir='ltr'>⁴eidem</span> <span class='ocrx_word' id='word_1_889' title='bbox 442 3949 469 3981; x_wconf 75' lang='lat'>¹¹¹.</span> <span class='ocrx_word' id='word_1_890' title='bbox 482 3945 613 3974; x_wconf 87' lang='lat' dir='ltr'>omnibus</span> <span class='ocrx_word' id='word_1_891' title='bbox 627 3945 756 3978; x_wconf 82' lang='lat' dir='ltr'>Ecclesiis</span> <span class='ocrx_word' id='word_1_892' title='bbox 777 3949 871 3988; x_wconf 82' lang='lat' dir='ltr'>Regni</span> <span class='ocrx_word' id='word_1_893' title='bbox 885 3950 940 3989; x_wconf 90' lang='lat' dir='ltr'>sui,</span> <span class='ocrx_word' id='word_1_894' title='bbox 958 3961 1022 3991; x_wconf 84' lang='lat' dir='ltr'>quae</span> <span class='ocrx_word' id='word_1_895' title='bbox 1036 3952 1204 3983; x_wconf 83' lang='lat' dir='ltr'>omnimoda</span> <span class='ocrx_word' id='word_1_896' title='bbox 1219 3963 1268 3983; x_wconf 88' lang='lat' dir='ltr'>ca-</span> 
     </span>
     <span class='ocr_line' id='line_1_105' title="bbox 202 3980 1267 4026; baseline 0.008 -13"><span class='ocrx_word' id='word_1_897' title='bbox 202 3982 272 4015; x_wconf 59' lang='lat' dir='ltr'>me.</span> <span class='ocrx_word' id='word_1_898' title='bbox 283 3982 395 4004; x_wconf 65' lang='lat' dir='ltr'>Vfflfflse</span> <span class='ocrx_word' id='word_1_899' title='bbox 415 3980 580 4016; x_wconf 61' lang='lat' dir='ltr'>¹¹0¹Cffl¹fflfz</span> <span class='ocrx_word' id='word_1_900' title='bbox 601 3984 662 4014; x_wconf 81' lang='lat' dir='ltr'>talia</span> <span class='ocrx_word' id='word_1_901' title='bbox 679 3996 801 4026; x_wconf 86' lang='lat' dir='ltr'>namque</span> <span class='ocrx_word' id='word_1_902' title='bbox 814 3998 958 4025; x_wconf 80' lang='lat' dir='ltr'>nunquam</span> <span class='ocrx_word' id='word_1_903' title='bbox 976 3989 1111 4026; x_wconf 86' lang='lat' dir='ltr'>postulata</span> <span class='ocrx_word' id='word_1_904' title='bbox 1123 3990 1236 4021; x_wconf 90' lang='lat' dir='ltr'>fuerunt</span> <span class='ocrx_word' id='word_1_905' title='bbox 1250 3993 1267 4022; x_wconf 76' lang='grc' dir='ltr'>-ἶι</span> 
     </span>
     <span class='ocr_line' id='line_1_106' title="bbox 201 4011 1266 4067; baseline 0.011 -18"><span class='ocrx_word' id='word_1_906' title='bbox 201 4011 303 4050; x_wconf 74' lang='lat' dir='ltr'><strong>¹²⁰b13,</strong></span> <span class='ocrx_word' id='word_1_907' title='bbox 319 4021 376 4044; x_wconf 83' lang='lat' dir='ltr'>nec</span> <span class='ocrx_word' id='word_1_908' title='bbox 400 4022 433 4044; x_wconf 83' lang='lat' dir='ltr'>ea</span> <span class='ocrx_word' id='word_1_909' title='bbox 454 4018 678 4053; x_wconf 57' lang='lat' dir='ltr'>concessissemus</span> <span class='ocrx_word' id='word_1_910' title='bbox 696 4025 917 4064; x_wconf 80' lang='lat' dir='ltr'>quomodolibet</span> <span class='ocrx_word' id='word_1_911' title='bbox 938 4026 1062 4066; x_wconf 84' lang='lat' dir='ltr'>Eidem,</span> <span class='ocrx_word' id='word_1_912' title='bbox 1079 4038 1266 4067; x_wconf 78' lang='lat' dir='ltr'>quantacum-</span> 
     </span>
    </p>
   </div>
   <div class='ocr_carea' id='block_1_10' title="bbox 1305 291 2408 4110">
    <p class='ocr_par' dir='ltr' id='par_1_20' title="bbox 1316 291 2389 446">
     <span class='ocr_line' id='line_1_107' title="bbox 1316 291 1663 333; baseline -0.009 -10"><span class='ocrx_word' id='word_1_913' title='bbox 1316 293 1489 324; x_wconf 84' lang='lat' dir='ltr'>adhaerentes</span> <span class='ocrx_word' id='word_1_914' title='bbox 1507 291 1663 333; x_wconf 63' lang='lat' dir='ltr'>praediito,</span> 
     </span>
     <span class='ocr_line' id='line_1_108' title="bbox 1318 331 2387 369; baseline 0.001 -7"><span class='ocrx_word' id='word_1_915' title='bbox 1318 341 1370 362; x_wconf 80' lang='lat' dir='ltr'>AD</span> <span class='ocrx_word' id='word_1_916' title='bbox 1397 331 1669 361; x_wconf 61' lang='lat' dir='ltr'>InvastoNEM</span> <span class='ocrx_word' id='word_1_917' title='bbox 1727 338 1831 360; x_wconf 76' lang='lat' dir='ltr'>EGN1</span> <span class='ocrx_word' id='word_1_918' title='bbox 1855 331 2061 361; x_wconf 71' lang='lat' dir='ltr'>FRANcIAE</span> <span class='ocrx_word' id='word_1_919' title='bbox 2079 331 2125 369; x_wconf 91' lang='lat' dir='ltr'>se,</span> <span class='ocrx_word' id='word_1_920' title='bbox 2143 340 2174 362; x_wconf 87' lang='lat' dir='ltr'>ut</span> <span class='ocrx_word' id='word_1_921' title='bbox 2189 332 2310 363; x_wconf 89' lang='lat' dir='ltr'>habebat</span> <span class='ocrx_word' id='word_1_922' title='bbox 2324 333 2387 364; x_wconf 87' lang='lat' dir='ltr'>Ru-</span> 
     </span>
     <span class='ocr_line' id='line_1_109' title="bbox 1319 368 2389 408; baseline 0.002 -8"><span class='ocrx_word' id='word_1_923' title='bbox 1319 379 1384 400; x_wconf 89' lang='lat' dir='ltr'>mor</span> <span class='ocrx_word' id='word_1_924' title='bbox 1408 371 1535 408; x_wconf 83' lang='lat' dir='ltr'>publicus</span> <span class='ocrx_word' id='word_1_925' title='bbox 1553 369 1587 399; x_wconf 88' lang='lat'>&amp;</span> <span class='ocrx_word' id='word_1_926' title='bbox 1610 370 1755 407; x_wconf 85' lang='lat' dir='ltr'>notorius,</span> <span class='ocrx_word' id='word_1_927' title='bbox 1770 368 1972 407; x_wconf 76' lang='lat' dir='ltr'>disponebant,</span> <span class='ocrx_word' id='word_1_928' title='bbox 1989 370 2058 400; x_wconf 86' lang='lat' dir='ltr'>sicut</span> <span class='ocrx_word' id='word_1_929' title='bbox 2071 370 2101 399; x_wconf 88' lang='lat' dir='ltr'>in</span> <span class='ocrx_word' id='word_1_930' title='bbox 2114 368 2311 402; x_wconf 85' lang='lat' dir='ltr'>Conceffione</span> <span class='ocrx_word' id='word_1_931' title='bbox 2325 371 2389 402; x_wconf 85' lang='lat' dir='ltr'>De·</span> 
     </span>
     <span class='ocr_line' id='line_1_110' title="bbox 1319 407 1930 446; baseline -0.005 -7"><span class='ocrx_word' id='word_1_932' title='bbox 1319 409 1460 439; x_wconf 88' lang='lat' dir='ltr'>cimarum</span> <span class='ocrx_word' id='word_1_933' title='bbox 1473 408 1592 446; x_wconf 74' lang='lat' dir='ltr'>ipsarum</span> <span class='ocrx_word' id='word_1_934' title='bbox 1608 408 1768 438; x_wconf 89' lang='lat' dir='ltr'>continetur</span> <span class='ocrx_word' id='word_1_935' title='bbox 1781 407 1912 445; x_wconf 78' lang='lat' dir='ltr'>expreffe</span> <span class='ocrx_word' id='word_1_936' title='bbox 1925 417 1930 436; x_wconf 91' lang='lat'>:</span> 
     </span>
    </p>

    <p class='ocr_par' dir='ltr' id='par_1_21' title="bbox 1317 445 2394 830">
     <span class='ocr_line' id='line_1_111' title="bbox 1356 445 2390 485; baseline 0.003 -9"><span class='ocrx_word' id='word_1_937' title='bbox 1356 446 1431 476; x_wconf 91' lang='lat' dir='ltr'>Non</span> <span class='ocrx_word' id='word_1_938' title='bbox 1454 446 1506 476; x_wconf 87' lang='lat' dir='ltr'>fuit</span> <span class='ocrx_word' id='word_1_939' title='bbox 1527 455 1630 485; x_wconf 88' lang='lat' dir='ltr'>nempe</span> <span class='ocrx_word' id='word_1_940' title='bbox 1653 447 1815 476; x_wconf 87' lang='lat' dir='ltr'>intentionis</span> <span class='ocrx_word' id='word_1_941' title='bbox 1836 445 1942 476; x_wconf 80' lang='lat' dir='ltr'>nostrae</span> <span class='ocrx_word' id='word_1_942' title='bbox 1955 445 2080 476; x_wconf 89' lang='lat' dir='ltr'>adversus</span> <span class='ocrx_word' id='word_1_943' title='bbox 2093 446 2140 476; x_wconf 89' lang='lat' dir='ltr'>Te</span> <span class='ocrx_word' id='word_1_944' title='bbox 2154 446 2317 478; x_wconf 90' lang='lat' dir='ltr'>fomentum</span> <span class='ocrx_word' id='word_1_945' title='bbox 2334 450 2390 478; x_wconf 91' lang='lat' dir='ltr'>mi-</span> 
     </span>
     <span class='ocr_line' id='line_1_112' title="bbox 1317 483 2388 523; baseline 0.003 -9"><span class='ocrx_word' id='word_1_946' title='bbox 1317 484 1432 515; x_wconf 88' lang='lat' dir='ltr'>nistrare</span> <span class='ocrx_word' id='word_1_947' title='bbox 1451 483 1628 523; x_wconf 77' lang='lat' dir='ltr'>Discordiae,</span> <span class='ocrx_word' id='word_1_948' title='bbox 1643 485 1689 515; x_wconf 93' lang='lat' dir='ltr'>vel</span> <span class='ocrx_word' id='word_1_949' title='bbox 1710 494 1773 514; x_wconf 90' lang='lat' dir='ltr'>earn</span> <span class='ocrx_word' id='word_1_950' title='bbox 1786 485 1900 522; x_wconf 84' lang='lat' dir='ltr'>alicujus</span> <span class='ocrx_word' id='word_1_951' title='bbox 1912 484 2032 514; x_wconf 84' lang='lat' dir='ltr'>Subsidii</span> <span class='ocrx_word' id='word_1_952' title='bbox 2048 485 2289 519; x_wconf 81' lang='lat' dir='ltr'>administratione</span> <span class='ocrx_word' id='word_1_953' title='bbox 2302 487 2388 518; x_wconf 90' lang='lat' dir='ltr'>fulci-</span> 
     </span>
     <span class='ocr_line' id='line_1_113' title="bbox 1317 522 2388 565; baseline 0.003 -12"><span class='ocrx_word' id='word_1_954' title='bbox 1317 533 1364 563; x_wconf 64' lang='lat' dir='ltr'>re,</span> <span class='ocrx_word' id='word_1_955' title='bbox 1380 524 1514 561; x_wconf 80' lang='lat' dir='ltr'>quinimo</span> <span class='ocrx_word' id='word_1_956' title='bbox 1535 522 1638 553; x_wconf 88' lang='lat' dir='ltr'>statum</span> <span class='ocrx_word' id='word_1_957' title='bbox 1658 523 1754 562; x_wconf 86' lang='lat' dir='ltr'>Regni</span> <span class='ocrx_word' id='word_1_958' title='bbox 1773 525 1831 560; x_wconf 89' lang='lat' dir='ltr'>tui,</span> <span class='ocrx_word' id='word_1_959' title='bbox 1852 524 1886 553; x_wconf 90' lang='lat'>&amp;</span> <span class='ocrx_word' id='word_1_960' title='bbox 1906 524 1989 553; x_wconf 84' lang='lat' dir='ltr'>etiam</span> <span class='ocrx_word' id='word_1_961' title='bbox 2007 522 2103 562; x_wconf 81' lang='lat' dir='ltr'>Regni</span> <span class='ocrx_word' id='word_1_962' title='bbox 2124 523 2269 562; x_wconf 87' lang='lat' dir='ltr'>Franciae,</span> <span class='ocrx_word' id='word_1_963' title='bbox 2291 524 2388 565; x_wconf 85' lang='lat' dir='ltr'>Pacis,</span> 
     </span>
     <span class='ocr_line' id='line_1_114' title="bbox 1319 560 2388 601; baseline 0.001 -7"><span class='ocrx_word' id='word_1_964' title='bbox 1319 563 1354 594; x_wconf 91' lang='lat'>&amp;</span> <span class='ocrx_word' id='word_1_965' title='bbox 1369 560 1546 592; x_wconf 88' lang='lat' dir='ltr'>Concordiae</span> <span class='ocrx_word' id='word_1_966' title='bbox 1561 561 1763 600; x_wconf 87' lang='lat' dir='ltr'>Prosperitate,</span> <span class='ocrx_word' id='word_1_967' title='bbox 1785 562 1817 593; x_wconf 91' lang='lat' dir='ltr'>U</span> <span class='ocrx_word' id='word_1_968' title='bbox 1820 562 1999 599; x_wconf 89' lang='lat' dir='ltr'>nanimitate,</span> <span class='ocrx_word' id='word_1_969' title='bbox 2015 563 2101 601; x_wconf 91' lang='lat' dir='ltr'>potiri</span> <span class='ocrx_word' id='word_1_970' title='bbox 2116 563 2233 593; x_wconf 88' lang='lat' dir='ltr'>summis</span> <span class='ocrx_word' id='word_1_971' title='bbox 2248 563 2388 596; x_wconf 82' lang='lat' dir='ltr'>delideriis</span> 
     </span>
     <span class='ocr_line' id='line_1_115' title="bbox 1317 599 2394 640; baseline 0.003 -9"><span class='ocrx_word' id='word_1_972' title='bbox 1317 600 1493 638; x_wconf 61' lang='lat' dir='ltr'>affectantes,</span> <span class='ocrx_word' id='word_1_973' title='bbox 1513 599 1546 630; x_wconf 89' lang='lat' dir='ltr'>ad</span> <span class='ocrx_word' id='word_1_974' title='bbox 1568 600 1626 630; x_wconf 91' lang='lat' dir='ltr'>hoc</span> <span class='ocrx_word' id='word_1_975' title='bbox 1645 600 1792 631; x_wconf 89' lang='lat' dir='ltr'>Serenitati</span> <span class='ocrx_word' id='word_1_976' title='bbox 1813 610 1870 631; x_wconf 62' lang='grc' dir='ltr'>ιιι-ε</span> <span class='ocrx_word' id='word_1_977' title='bbox 1892 601 1925 631; x_wconf 88' lang='lat'>&amp;</span> <span class='ocrx_word' id='word_1_978' title='bbox 1937 600 2019 630; x_wconf 55' lang='lat' dir='ltr'>disto</span> <span class='ocrx_word' id='word_1_979' title='bbox 2040 600 2115 639; x_wconf 85' lang='lat' dir='ltr'>Regi</span> <span class='ocrx_word' id='word_1_980' title='bbox 2130 601 2258 633; x_wconf 81' lang='lat' dir='ltr'>Franciae</span> <span class='ocrx_word' id='word_1_981' title='bbox 2274 612 2323 640; x_wconf 88' lang='lat' dir='ltr'>per</span> <span class='ocrx_word' id='word_1_982' title='bbox 2334 613 2394 634; x_wconf 59' lang='lat' dir='ltr'>nos*</span> 
     </span>
     <span class='ocr_line' id='line_1_116' title="bbox 1317 638 2387 678; baseline 0.002 -8"><span class='ocrx_word' id='word_1_983' title='bbox 1317 639 1389 677; x_wconf 72' lang='lat' dir='ltr'>saepe</span> <span class='ocrx_word' id='word_1_984' title='bbox 1404 638 1514 669; x_wconf 66' lang='lat' dir='ltr'>diffletis</span> <span class='ocrx_word' id='word_1_985' title='bbox 1528 638 1658 676; x_wconf 74' lang='lat' dir='ltr'>Litteris,</span> <span class='ocrx_word' id='word_1_986' title='bbox 1673 639 1707 668; x_wconf 92' lang='lat'>&amp;</span> <span class='ocrx_word' id='word_1_987' title='bbox 1722 640 1807 669; x_wconf 83' lang='lat' dir='ltr'>etiam</span> <span class='ocrx_word' id='word_1_988' title='bbox 1823 638 1967 677; x_wconf 83' lang='lat' dir='ltr'>Nunciis,</span> <span class='ocrx_word' id='word_1_989' title='bbox 1985 638 2131 678; x_wconf 89' lang='lat' dir='ltr'>videlicet,</span> <span class='ocrx_word' id='word_1_990' title='bbox 2145 639 2257 671; x_wconf 70' lang='lat' dir='ltr'>Sanc’tae</span> <span class='ocrx_word' id='word_1_991' title='bbox 2271 641 2387 673; x_wconf 85' lang='lat' dir='ltr'>Roma-</span> 
     </span>
     <span class='ocr_line' id='line_1_117' title="bbox 1318 677 2386 717; baseline 0.003 -9"><span class='ocrx_word' id='word_1_992' title='bbox 1318 688 1363 708; x_wconf 79' lang='lat' dir='ltr'>nae</span> <span class='ocrx_word' id='word_1_993' title='bbox 1384 677 1518 707; x_wconf 78' lang='lat' dir='ltr'>Ecclesiae</span> <span class='ocrx_word' id='word_1_994' title='bbox 1536 677 1750 714; x_wconf 87' lang='lat' dir='ltr'>Cardinalibus,</span> <span class='ocrx_word' id='word_1_995' title='bbox 1768 677 1803 708; x_wconf 93' lang='lat' dir='ltr'>ad</span> <span class='ocrx_word' id='word_1_996' title='bbox 1825 688 1914 715; x_wconf 87' lang='lat' dir='ltr'>partes</span> <span class='ocrx_word' id='word_1_997' title='bbox 1932 677 1987 707; x_wconf 89' lang='lat' dir='ltr'>illas</span> <span class='ocrx_word' id='word_1_998' title='bbox 2003 677 2039 708; x_wconf 89' lang='lat' dir='ltr'>de</span> <span class='ocrx_word' id='word_1_999' title='bbox 2058 677 2157 709; x_wconf 86' lang='lat' dir='ltr'>Latere</span> <span class='ocrx_word' id='word_1_1000' title='bbox 2178 679 2294 717; x_wconf 87' lang='lat' dir='ltr'>nostr0,</span> <span class='ocrx_word' id='word_1_1001' title='bbox 2309 681 2386 712; x_wconf 85' lang='lat' dir='ltr'>votis</span> 
     </span>
     <span class='ocr_line' id='line_1_118' title="bbox 1317 715 2385 758; baseline 0.003 -12"><span class='ocrx_word' id='word_1_1002' title='bbox 1317 716 1478 747; x_wconf 88' lang='lat' dir='ltr'>ardentibus</span> <span class='ocrx_word' id='word_1_1003' title='bbox 1495 715 1670 753; x_wconf 82' lang='lat' dir='ltr'>laboramus,</span> <span class='ocrx_word' id='word_1_1004' title='bbox 1686 716 1719 746; x_wconf 88' lang='lat'>&amp;</span> <span class='ocrx_word' id='word_1_1005' title='bbox 1740 715 1865 747; x_wconf 88' lang='lat' dir='ltr'>laborare</span> <span class='ocrx_word' id='word_1_1006' title='bbox 1885 727 1944 746; x_wconf 91' lang='lat' dir='ltr'>non</span> <span class='ocrx_word' id='word_1_1007' title='bbox 1965 716 2118 755; x_wconf 71' lang='lat' dir='ltr'>cessamus,</span> <span class='ocrx_word' id='word_1_1008' title='bbox 2136 727 2190 748; x_wconf 88' lang='lat' dir='ltr'>nec</span> <span class='ocrx_word' id='word_1_1009' title='bbox 2203 719 2385 758; x_wconf 71' lang='lat' dir='ltr'>cessabimus,</span> 
     </span>
     <span class='ocr_line' id='line_1_119' title="bbox 1317 752 2383 796; baseline 0.003 -11"><span class='ocrx_word' id='word_1_1010' title='bbox 1317 764 1348 785; x_wconf 88' lang='lat' dir='ltr'>ut</span> <span class='ocrx_word' id='word_1_1011' title='bbox 1367 755 1440 785; x_wconf 88' lang='lat' dir='ltr'>inter</span> <span class='ocrx_word' id='word_1_1012' title='bbox 1455 755 1503 785; x_wconf 90' lang='lat' dir='ltr'>Te</span> <span class='ocrx_word' id='word_1_1013' title='bbox 1524 754 1557 784; x_wconf 90' lang='lat'>&amp;</span> <span class='ocrx_word' id='word_1_1014' title='bbox 1578 752 1691 792; x_wconf 81' lang='lat' dir='ltr'>Regem</span> <span class='ocrx_word' id='word_1_1015' title='bbox 1708 754 1830 784; x_wconf 90' lang='lat' dir='ltr'>eundem</span> <span class='ocrx_word' id='word_1_1016' title='bbox 1843 778 1853 794; x_wconf 92' lang='lat'>‚</span> <span class='ocrx_word' id='word_1_1017' title='bbox 1878 756 1912 786; x_wconf 91' lang='lat'>&amp;</span> <span class='ocrx_word' id='word_1_1018' title='bbox 1930 755 2068 796; x_wconf 87' lang='lat' dir='ltr'>utriusque</span> <span class='ocrx_word' id='word_1_1019' title='bbox 2091 755 2193 796; x_wconf 85' lang='lat' dir='ltr'>Regna</span> <span class='ocrx_word' id='word_1_1020' title='bbox 2211 778 2222 796; x_wconf 93' lang='lat'>,</span> <span class='ocrx_word' id='word_1_1021' title='bbox 2246 756 2326 788; x_wconf 85' lang='lat' dir='ltr'>Pacis</span> <span class='ocrx_word' id='word_1_1022' title='bbox 2348 759 2383 790; x_wconf 88' lang='lat'>&amp;</span> 
     </span>
     <span class='ocr_line' id='line_1_120' title="bbox 1320 792 1781 830; baseline -0.004 -7"><span class='ocrx_word' id='word_1_1023' title='bbox 1320 793 1458 824; x_wconf 86' lang='lat' dir='ltr'>Utilitatis</span> <span class='ocrx_word' id='word_1_1024' title='bbox 1472 793 1611 823; x_wconf 84' lang='lat' dir='ltr'>Serenitas</span> <span class='ocrx_word' id='word_1_1025' title='bbox 1626 792 1781 830; x_wconf 69' lang='lat' dir='ltr'>illucescat,</span> 
     </span>
    </p>

    <p class='ocr_par' dir='ltr' id='par_1_22' title="bbox 1316 830 2387 1414">
     <span class='ocr_line' id='line_1_121' title="bbox 1358 830 2387 872; baseline 0.005 -11"><span class='ocrx_word' id='word_1_1026' title='bbox 1358 831 1408 863; x_wconf 90' lang='lat' dir='ltr'>Tu</span> <span class='ocrx_word' id='word_1_1027' title='bbox 1432 840 1544 868; x_wconf 82' lang='lat' dir='ltr'>tamen,</span> <span class='ocrx_word' id='word_1_1028' title='bbox 1563 831 1616 860; x_wconf 89' lang='lat' dir='ltr'>Fili</span> <span class='ocrx_word' id='word_1_1029' title='bbox 1635 830 1790 868; x_wconf 83' lang='lat' dir='ltr'>cariffime,</span> <span class='ocrx_word' id='word_1_1030' title='bbox 1815 830 1886 870; x_wconf 86' lang='lat' dir='ltr'>fide,</span> <span class='ocrx_word' id='word_1_1031' title='bbox 1906 840 1937 862; x_wconf 90' lang='lat' dir='ltr'>ut</span> <span class='ocrx_word' id='word_1_1032' title='bbox 1957 832 2084 872; x_wconf 81' lang='lat' dir='ltr'>videtur,</span> <span class='ocrx_word' id='word_1_1033' title='bbox 2099 832 2223 864; x_wconf 71' lang='lat' dir='ltr'>adhibita</span> <span class='ocrx_word' id='word_1_1034' title='bbox 2244 834 2387 872; x_wconf 69' lang='lat' dir='ltr'>praedietis</span> 
     </span>
     <span class='ocr_line' id='line_1_122' title="bbox 1319 869 2386 911; baseline 0.002 -10"><span class='ocrx_word' id='word_1_1035' title='bbox 1319 871 1388 902; x_wconf 73' lang='lat' dir='ltr'>fallis</span> <span class='ocrx_word' id='word_1_1036' title='bbox 1409 869 1641 910; x_wconf 84' lang='lat' dir='ltr'>Suggestionibus</span> <span class='ocrx_word' id='word_1_1037' title='bbox 1660 869 1693 899; x_wconf 89' lang='lat'>&amp;</span> <span class='ocrx_word' id='word_1_1038' title='bbox 1707 869 1861 908; x_wconf 81' lang='lat' dir='ltr'>mendosis,</span> <span class='ocrx_word' id='word_1_1039' title='bbox 1879 870 1927 900; x_wconf 89' lang='lat' dir='ltr'>Te</span> <span class='ocrx_word' id='word_1_1040' title='bbox 1944 871 2074 902; x_wconf 86' lang='lat' dir='ltr'>nostrum</span> <span class='ocrx_word' id='word_1_1041' title='bbox 2088 873 2121 903; x_wconf 87' lang='lat'>&amp;</span> <span class='ocrx_word' id='word_1_1042' title='bbox 2137 873 2258 911; x_wconf 87' lang='lat' dir='ltr'>ejusdem</span> <span class='ocrx_word' id='word_1_1043' title='bbox 2276 873 2386 904; x_wconf 82' lang='lat' dir='ltr'>Roma-</span> 
     </span>
     <span class='ocr_line' id='line_1_123' title="bbox 1319 907 2387 952; baseline 0.002 -12"><span class='ocrx_word' id='word_1_1044' title='bbox 1319 920 1364 940; x_wconf 79' lang='lat' dir='ltr'>nae</span> <span class='ocrx_word' id='word_1_1045' title='bbox 1385 908 1520 939; x_wconf 83' lang='lat' dir='ltr'>Ecclesiae</span> <span class='ocrx_word' id='word_1_1046' title='bbox 1540 908 1641 938; x_wconf 86' lang='lat' dir='ltr'>Matris</span> <span class='ocrx_word' id='word_1_1047' title='bbox 1661 916 1718 938; x_wconf 79' lang='lat' dir='ltr'>tuae</span> <span class='ocrx_word' id='word_1_1048' title='bbox 1739 907 1940 938; x_wconf 82' lang='lat' dir='ltr'>constituendo</span> <span class='ocrx_word' id='word_1_1049' title='bbox 1961 909 2172 942; x_wconf 87' lang='lat' dir='ltr'>Persecutorem</span> <span class='ocrx_word' id='word_1_1050' title='bbox 2187 912 2220 942; x_wconf 71' lang='lat' dir='ltr'>Sc</span> <span class='ocrx_word' id='word_1_1051' title='bbox 2239 911 2387 952; x_wconf 89' lang='lat' dir='ltr'>Hostem,</span> 
     </span>
     <span class='ocr_line' id='line_1_124' title="bbox 1319 945 2385 989; baseline 0.003 -11"><span class='ocrx_word' id='word_1_1052' title='bbox 1319 948 1451 979; x_wconf 90' lang='lat' dir='ltr'>invadere</span> <span class='ocrx_word' id='word_1_1053' title='bbox 1469 958 1502 978; x_wconf 90' lang='lat' dir='ltr'>ac</span> <span class='ocrx_word' id='word_1_1054' title='bbox 1517 956 1658 984; x_wconf 87' lang='lat' dir='ltr'>occupare</span> <span class='ocrx_word' id='word_1_1055' title='bbox 1672 945 1824 984; x_wconf 87' lang='lat' dir='ltr'>Honores,</span> <span class='ocrx_word' id='word_1_1056' title='bbox 1843 947 1876 977; x_wconf 91' lang='lat'>&amp;</span> <span class='ocrx_word' id='word_1_1057' title='bbox 1886 947 1955 984; x_wconf 88' lang='lat' dir='ltr'>Jura</span> <span class='ocrx_word' id='word_1_1058' title='bbox 1969 949 2078 987; x_wconf 88' lang='lat' dir='ltr'>nostra,</span> <span class='ocrx_word' id='word_1_1059' title='bbox 2097 950 2131 981; x_wconf 87' lang='lat'>&amp;</span> <span class='ocrx_word' id='word_1_1060' title='bbox 2146 950 2268 989; x_wconf 77' lang='lat' dir='ltr'>ejusdem</span> <span class='ocrx_word' id='word_1_1061' title='bbox 2281 949 2385 981; x_wconf 82' lang='lat' dir='ltr'>Eccle-</span> 
     </span>
     <span class='ocr_line' id='line_1_125' title="bbox 1318 984 2387 1028; baseline 0.002 -10"><span class='ocrx_word' id='word_1_1062' title='bbox 1318 988 1363 1018; x_wconf 86' lang='lat' dir='ltr'>fiae</span> <span class='ocrx_word' id='word_1_1063' title='bbox 1387 986 1439 1023; x_wconf 89' lang='lat' dir='ltr'>(ad</span> <span class='ocrx_word' id='word_1_1064' title='bbox 1453 995 1524 1026; x_wconf 89' lang='lat' dir='ltr'>quos</span> <span class='ocrx_word' id='word_1_1065' title='bbox 1548 984 1691 1024; x_wconf 84' lang='lat' dir='ltr'>Regimen</span> <span class='ocrx_word' id='word_1_1066' title='bbox 1706 985 1739 1016; x_wconf 88' lang='lat'>&amp;</span> <span class='ocrx_word' id='word_1_1067' title='bbox 1754 984 1971 1016; x_wconf 83' lang='lat' dir='ltr'>Administratio</span> <span class='ocrx_word' id='word_1_1068' title='bbox 1985 985 2099 1027; x_wconf 88' lang='lat' dir='ltr'>Imperii</span> <span class='ocrx_word' id='word_1_1069' title='bbox 2111 988 2332 1028; x_wconf 89' lang='lat' dir='ltr'>Romanorum,</span> <span class='ocrx_word' id='word_1_1070' title='bbox 2351 999 2387 1021; x_wconf 87' lang='lat' dir='ltr'>eo</span> 
     </span>
     <span class='ocr_line' id='line_1_126' title="bbox 1319 1024 2386 1068; baseline 0.003 -12"><span class='ocrx_word' id='word_1_1071' title='bbox 1319 1034 1437 1056; x_wconf 89' lang='lat' dir='ltr'>vacante</span> <span class='ocrx_word' id='word_1_1072' title='bbox 1443 1048 1452 1063; x_wconf 95' lang='lat'>,</span> <span class='ocrx_word' id='word_1_1073' title='bbox 1472 1025 1540 1055; x_wconf 90' lang='lat' dir='ltr'>sicut</span> <span class='ocrx_word' id='word_1_1074' title='bbox 1555 1033 1634 1054; x_wconf 91' lang='lat' dir='ltr'>nunc</span> <span class='ocrx_word' id='word_1_1075' title='bbox 1647 1033 1745 1054; x_wconf 88' lang='lat' dir='ltr'>vacare</span> <span class='ocrx_word' id='word_1_1076' title='bbox 1760 1024 1882 1054; x_wconf 89' lang='lat' dir='ltr'>noscitur</span> <span class='ocrx_word' id='word_1_1077' title='bbox 1894 1062 1901 1068; x_wconf 32' lang='grc' dir='ltr'>ἱ</span> <span class='ocrx_word' id='word_1_1078' title='bbox 1916 1025 2053 1068; x_wconf 78' lang='lat' dir='ltr'>pertinent</span> <span class='ocrx_word' id='word_1_1079' title='bbox 2067 1028 2151 1065; x_wconf 90' lang='lat' dir='ltr'>pleno</span> <span class='ocrx_word' id='word_1_1080' title='bbox 2162 1029 2243 1066; x_wconf 85' lang='lat' dir='ltr'>jure)</span> <span class='ocrx_word' id='word_1_1081' title='bbox 2262 1029 2386 1068; x_wconf 80' lang='lat' dir='ltr'>moliris,</span> 
     </span>
     <span class='ocr_line' id='line_1_127' title="bbox 1319 1062 2386 1104; baseline 0.004 -10"><span class='ocrx_word' id='word_1_1082' title='bbox 1319 1063 1496 1095; x_wconf 86' lang='lat' dir='ltr'>molestando</span> <span class='ocrx_word' id='word_1_1083' title='bbox 1516 1063 1648 1093; x_wconf 75' lang='lat' dir='ltr'>Praelatos</span> <span class='ocrx_word' id='word_1_1084' title='bbox 1667 1063 1699 1092; x_wconf 91' lang='lat'>&amp;</span> <span class='ocrx_word' id='word_1_1085' title='bbox 1724 1062 1856 1093; x_wconf 88' lang='lat' dir='ltr'>Personas</span> <span class='ocrx_word' id='word_1_1086' title='bbox 1906 1063 2085 1095; x_wconf 82' lang='lat' dir='ltr'>celeliasticas</span> <span class='ocrx_word' id='word_1_1087' title='bbox 2103 1066 2133 1095; x_wconf 88' lang='lat' dir='ltr'>iri</span> <span class='ocrx_word' id='word_1_1088' title='bbox 2148 1067 2241 1097; x_wconf 88' lang='lat' dir='ltr'>nostra</span> <span class='ocrx_word' id='word_1_1089' title='bbox 2254 1067 2287 1098; x_wconf 87' lang='lat'>&amp;</span> <span class='ocrx_word' id='word_1_1090' title='bbox 2303 1067 2386 1104; x_wconf 66' lang='lat' dir='ltr'>ipsius</span> 
     </span>
     <span class='ocr_line' id='line_1_128' title="bbox 1319 1100 2386 1145; baseline 0.003 -12"><span class='ocrx_word' id='word_1_1091' title='bbox 1319 1102 1453 1134; x_wconf 67' lang='lat' dir='ltr'>Ecclesiae</span> <span class='ocrx_word' id='word_1_1092' title='bbox 1475 1101 1630 1132; x_wconf 75' lang='lat' dir='ltr'>devotione</span> <span class='ocrx_word' id='word_1_1093' title='bbox 1651 1111 1685 1131; x_wconf 88' lang='lat' dir='ltr'>ac</span> <span class='ocrx_word' id='word_1_1094' title='bbox 1705 1100 1836 1132; x_wconf 87' lang='lat' dir='ltr'>fidelitate</span> <span class='ocrx_word' id='word_1_1095' title='bbox 1849 1101 1967 1140; x_wconf 84' lang='lat' dir='ltr'>deditis,</span> <span class='ocrx_word' id='word_1_1096' title='bbox 1983 1112 2014 1132; x_wconf 91' lang='lat' dir='ltr'>ut</span> <span class='ocrx_word' id='word_1_1097' title='bbox 2027 1104 2223 1144; x_wconf 73' lang='lat' dir='ltr'>praemittitur,</span> <span class='ocrx_word' id='word_1_1098' title='bbox 2240 1105 2386 1145; x_wconf 85' lang='lat' dir='ltr'>persisten-</span> 
     </span>
     <span class='ocr_line' id='line_1_129' title="bbox 1318 1139 2385 1184; baseline 0.003 -12"><span class='ocrx_word' id='word_1_1099' title='bbox 1318 1150 1373 1180; x_wconf 88' lang='lat' dir='ltr'>tes,</span> <span class='ocrx_word' id='word_1_1100' title='bbox 1393 1140 1470 1181; x_wconf 76' lang='lat' dir='ltr'>ipsos</span> <span class='ocrx_word' id='word_1_1101' title='bbox 1485 1151 1519 1171; x_wconf 92' lang='lat' dir='ltr'>ue</span> <span class='ocrx_word' id='word_1_1102' title='bbox 1539 1140 1574 1172; x_wconf 87' lang='lat' dir='ltr'>ad</span> <span class='ocrx_word' id='word_1_1103' title='bbox 1594 1140 1784 1170; x_wconf 85' lang='lat' dir='ltr'>obedientiam</span> <span class='ocrx_word' id='word_1_1104' title='bbox 1807 1141 1878 1171; x_wconf 67' lang='lat' dir='ltr'>dieti</span> <span class='ocrx_word' id='word_1_1105' title='bbox 1895 1139 2055 1179; x_wconf 86' lang='lat' dir='ltr'>Ludovici,</span> <span class='ocrx_word' id='word_1_1106' title='bbox 2071 1141 2107 1171; x_wconf 91' lang='lat' dir='ltr'>de</span> <span class='ocrx_word' id='word_1_1107' title='bbox 2120 1141 2247 1183; x_wconf 85' lang='lat' dir='ltr'>diveriis,</span> <span class='ocrx_word' id='word_1_1108' title='bbox 2265 1153 2295 1175; x_wconf 91' lang='lat' dir='ltr'>ut</span> <span class='ocrx_word' id='word_1_1109' title='bbox 2310 1154 2385 1184; x_wconf 74' lang='lat' dir='ltr'>pnt-</span> 
     </span>
     <span class='ocr_line' id='line_1_130' title="bbox 1317 1151 2383 1219; baseline 0.003 -8"><span class='ocrx_word' id='word_1_1110' title='bbox 1317 1181 1452 1217; x_wconf 88' lang='lat' dir='ltr'>mittitur,</span> <span class='ocrx_word' id='word_1_1111' title='bbox 1465 1151 1633 1210; x_wconf 46' lang='lat' dir='ltr'>(haeresibus</span> <span class='ocrx_word' id='word_1_1112' title='bbox 1647 1179 1680 1210; x_wconf 73' lang='grc' dir='ltr'>ὅ(</span> <span class='ocrx_word' id='word_1_1113' title='bbox 1693 1177 1890 1215; x_wconf 68' lang='grc' dir='ltr'>8άῐτηατίὶ);ιε,</span> <span class='ocrx_word' id='word_1_1114' title='bbox 1907 1179 2016 1219; x_wconf 88' lang='lat' dir='ltr'>aliisque</span> <span class='ocrx_word' id='word_1_1115' title='bbox 2038 1179 2216 1212; x_wconf 87' lang='lat' dir='ltr'>Criminibus</span> <span class='ocrx_word' id='word_1_1116' title='bbox 2237 1183 2383 1214; x_wconf 73' lang='lat' dir='ltr'>sententia-</span> 
     </span>
     <span class='ocr_line' id='line_1_131' title="bbox 1316 1216 2382 1257; baseline 0.003 -8"><span class='ocrx_word' id='word_1_1117' title='bbox 1316 1219 1376 1250; x_wconf 90' lang='lat' dir='ltr'>liter</span> <span class='ocrx_word' id='word_1_1118' title='bbox 1391 1217 1611 1257; x_wconf 89' lang='lat' dir='ltr'>condempnati,</span> <span class='ocrx_word' id='word_1_1119' title='bbox 1628 1227 1662 1248; x_wconf 91' lang='lat' dir='ltr'>ac</span> <span class='ocrx_word' id='word_1_1120' title='bbox 1681 1216 1750 1256; x_wconf 84' lang='lat' dir='ltr'>Jure</span> <span class='ocrx_word' id='word_1_1121' title='bbox 1763 1218 1859 1257; x_wconf 84' lang='lat' dir='ltr'>Regio</span> <span class='ocrx_word' id='word_1_1122' title='bbox 1873 1218 1906 1248; x_wconf 89' lang='lat'>&amp;</span> <span class='ocrx_word' id='word_1_1123' title='bbox 1922 1217 2054 1257; x_wconf 87' lang='lat' dir='ltr'>Imperii,</span> <span class='ocrx_word' id='word_1_1124' title='bbox 2071 1219 2090 1249; x_wconf 93' lang='lat' dir='ltr'>si</span> <span class='ocrx_word' id='word_1_1125' title='bbox 2106 1219 2184 1257; x_wconf 87' lang='lat' dir='ltr'>quod</span> <span class='ocrx_word' id='word_1_1126' title='bbox 2196 1220 2230 1251; x_wconf 87' lang='lat' dir='ltr'>ad</span> <span class='ocrx_word' id='word_1_1127' title='bbox 2244 1231 2310 1252; x_wconf 91' lang='lat' dir='ltr'>eum</span> <span class='ocrx_word' id='word_1_1128' title='bbox 2325 1222 2382 1252; x_wconf 86' lang='lat' dir='ltr'>for-</span> 
     </span>
     <span class='ocr_line' id='line_1_132' title="bbox 1318 1256 2382 1299; baseline 0.003 -11"><span class='ocrx_word' id='word_1_1129' title='bbox 1318 1259 1362 1288; x_wconf 90' lang='lat' dir='ltr'>san</span> <span class='ocrx_word' id='word_1_1130' title='bbox 1378 1259 1579 1298; x_wconf 86' lang='lat' dir='ltr'>competierat,</span> <span class='ocrx_word' id='word_1_1131' title='bbox 1598 1257 1641 1287; x_wconf 89' lang='lat' dir='ltr'>vel</span> <span class='ocrx_word' id='word_1_1132' title='bbox 1657 1257 1743 1286; x_wconf 86' lang='lat' dir='ltr'>etiam</span> <span class='ocrx_word' id='word_1_1133' title='bbox 1759 1257 1960 1296; x_wconf 90' lang='lat' dir='ltr'>competebat,</span> <span class='ocrx_word' id='word_1_1134' title='bbox 1978 1256 2052 1294; x_wconf 87' lang='lat' dir='ltr'>justo</span> <span class='ocrx_word' id='word_1_1135' title='bbox 2067 1257 2123 1288; x_wconf 84' lang='lat' dir='ltr'>Dei</span> <span class='ocrx_word' id='word_1_1136' title='bbox 2137 1259 2170 1288; x_wconf 75' lang='grc' dir='ltr'>δε</span> <span class='ocrx_word' id='word_1_1137' title='bbox 2187 1258 2382 1299; x_wconf 82' lang='lat' dir='ltr'>EcclesiaeJii—</span> 
     </span>
     <span class='ocr_line' id='line_1_133' title="bbox 1317 1294 2386 1336; baseline 0.003 -9"><span class='ocrx_word' id='word_1_1138' title='bbox 1317 1296 1414 1334; x_wconf 90' lang='lat' dir='ltr'>dicio,</span> <span class='ocrx_word' id='word_1_1139' title='bbox 1434 1297 1549 1334; x_wconf 86' lang='lat' dir='ltr'>privati,</span> <span class='ocrx_word' id='word_1_1140' title='bbox 1567 1306 1599 1326; x_wconf 90' lang='lat' dir='ltr'>ac</span> <span class='ocrx_word' id='word_1_1141' title='bbox 1623 1294 1832 1333; x_wconf 75' lang='lat' dir='ltr'>praestationem</span> <span class='ocrx_word' id='word_1_1142' title='bbox 1855 1295 2012 1334; x_wconf 86' lang='lat' dir='ltr'>hujusmodi</span> <span class='ocrx_word' id='word_1_1143' title='bbox 2037 1296 2255 1336; x_wconf 86' lang='lat' dir='ltr'>Recognitionis</span> <span class='ocrx_word' id='word_1_1144' title='bbox 2269 1299 2303 1330; x_wconf 89' lang='lat'>&amp;</span> <span class='ocrx_word' id='word_1_1145' title='bbox 2317 1299 2386 1330; x_wconf 82' lang='lat' dir='ltr'>Ho—</span> 
     </span>
     <span class='ocr_line' id='line_1_134' title="bbox 1318 1334 2384 1375; baseline 0.002 -9"><span class='ocrx_word' id='word_1_1146' title='bbox 1318 1336 1400 1375; x_wconf 88' lang='lat' dir='ltr'>magii</span> <span class='ocrx_word' id='word_1_1147' title='bbox 1422 1335 1500 1373; x_wconf 92' lang='lat' dir='ltr'>Sibi,</span> <span class='ocrx_word' id='word_1_1148' title='bbox 1518 1334 1562 1364; x_wconf 91' lang='lat' dir='ltr'>vel</span> <span class='ocrx_word' id='word_1_1149' title='bbox 1577 1334 1666 1372; x_wconf 90' lang='lat' dir='ltr'>Tibi,</span> <span class='ocrx_word' id='word_1_1150' title='bbox 1683 1334 1742 1371; x_wconf 86' lang='lat' dir='ltr'>ejus</span> <span class='ocrx_word' id='word_1_1151' title='bbox 1755 1335 1888 1372; x_wconf 85' lang='lat' dir='ltr'>nomine,</span> <span class='ocrx_word' id='word_1_1152' title='bbox 1902 1334 2059 1366; x_wconf 86' lang='lat' dir='ltr'>faciendam</span> <span class='ocrx_word' id='word_1_1153' title='bbox 2073 1336 2208 1366; x_wconf 87' lang='lat' dir='ltr'>attrahere</span> <span class='ocrx_word' id='word_1_1154' title='bbox 2219 1346 2253 1367; x_wconf 88' lang='lat' dir='ltr'>ac</span> <span class='ocrx_word' id='word_1_1155' title='bbox 2267 1337 2384 1369; x_wconf 85' lang='lat' dir='ltr'>induce-</span> 
     </span>
     <span class='ocr_line' id='line_1_135' title="bbox 1318 1371 2196 1414; baseline 0 -10"><span class='ocrx_word' id='word_1_1156' title='bbox 1318 1384 1348 1404; x_wconf 88' lang='lat' dir='ltr'>re</span> <span class='ocrx_word' id='word_1_1157' title='bbox 1361 1373 1497 1404; x_wconf 64' lang='lat' dir='ltr'>coaetivis</span> <span class='ocrx_word' id='word_1_1158' title='bbox 1511 1372 1678 1411; x_wconf 86' lang='lat' dir='ltr'>Impulsibus</span> <span class='ocrx_word' id='word_1_1159' title='bbox 1692 1373 1725 1403; x_wconf 67' lang='grc' dir='ltr'>ὅ(</span> <span class='ocrx_word' id='word_1_1160' title='bbox 1741 1371 2028 1405; x_wconf 89' lang='lat' dir='ltr'>Commonitionibus</span> <span class='ocrx_word' id='word_1_1161' title='bbox 2041 1373 2196 1414; x_wconf 88' lang='lat' dir='ltr'>satagendo.</span> 
     </span>
    </p>

    <p class='ocr_par' dir='ltr' id='par_1_23' title="bbox 1314 1411 2389 1763">
     <span class='ocr_line' id='line_1_136' title="bbox 1354 1411 2388 1451; baseline 0.004 -8"><span class='ocrx_word' id='word_1_1162' title='bbox 1354 1411 1495 1451; x_wconf 87' lang='lat' dir='ltr'>Utinam,</span> <span class='ocrx_word' id='word_1_1163' title='bbox 1514 1411 1583 1449; x_wconf 89' lang='lat' dir='ltr'>Fili,</span> <span class='ocrx_word' id='word_1_1164' title='bbox 1600 1421 1751 1450; x_wconf 88' lang='lat' dir='ltr'>antequam</span> <span class='ocrx_word' id='word_1_1165' title='bbox 1772 1420 1799 1442; x_wconf 92' lang='lat' dir='ltr'>te</span> <span class='ocrx_word' id='word_1_1166' title='bbox 1824 1412 1877 1442; x_wconf 88' lang='lat' dir='ltr'>hiis</span> <span class='ocrx_word' id='word_1_1167' title='bbox 1896 1412 1954 1443; x_wconf 73' lang='lat' dir='ltr'>tam</span> <span class='ocrx_word' id='word_1_1168' title='bbox 1977 1412 2142 1444; x_wconf 82' lang='lat' dir='ltr'>Periculoiis</span> <span class='ocrx_word' id='word_1_1169' title='bbox 2158 1413 2191 1444; x_wconf 87' lang='lat'>&amp;</span> <span class='ocrx_word' id='word_1_1170' title='bbox 2205 1412 2388 1447; x_wconf 80' lang='lat' dir='ltr'>Detestandis</span> 
     </span>
     <span class='ocr_line' id='line_1_137' title="bbox 1316 1449 2389 1492; baseline 0.004 -11"><span class='ocrx_word' id='word_1_1171' title='bbox 1316 1451 1443 1482; x_wconf 85' lang='lat' dir='ltr'>involvas</span> <span class='ocrx_word' id='word_1_1172' title='bbox 1455 1451 1588 1489; x_wconf 86' lang='lat' dir='ltr'>amplius,</span> <span class='ocrx_word' id='word_1_1173' title='bbox 1606 1451 1709 1481; x_wconf 78' lang='lat' dir='ltr'>atterite</span> <span class='ocrx_word' id='word_1_1174' title='bbox 1724 1449 1896 1490; x_wconf 76' lang='lat' dir='ltr'>confideres,</span> <span class='ocrx_word' id='word_1_1175' title='bbox 1913 1451 1965 1490; x_wconf 92' lang='lat'>&amp;,</span> <span class='ocrx_word' id='word_1_1176' title='bbox 1982 1460 2090 1482; x_wconf 88' lang='lat' dir='ltr'>matura</span> <span class='ocrx_word' id='word_1_1177' title='bbox 2100 1451 2301 1483; x_wconf 88' lang='lat' dir='ltr'>deliberatione</span> <span class='ocrx_word' id='word_1_1178' title='bbox 2313 1464 2389 1492; x_wconf 70' lang='lat' dir='ltr'>prae-</span> 
     </span>
     <span class='ocr_line' id='line_1_138' title="bbox 1316 1488 2384 1529; baseline 0.004 -9"><span class='ocrx_word' id='word_1_1179' title='bbox 1316 1489 1380 1528; x_wconf 74' lang='lat' dir='ltr'>via,</span> <span class='ocrx_word' id='word_1_1180' title='bbox 1397 1490 1550 1521; x_wconf 87' lang='lat' dir='ltr'>constituas</span> <span class='ocrx_word' id='word_1_1181' title='bbox 1571 1499 1636 1520; x_wconf 89' lang='lat' dir='ltr'>ante</span> <span class='ocrx_word' id='word_1_1182' title='bbox 1656 1488 1757 1520; x_wconf 78' lang='lat' dir='ltr'>oculos</span> <span class='ocrx_word' id='word_1_1183' title='bbox 1778 1491 1880 1520; x_wconf 79' lang='lat' dir='ltr'>mentis</span> <span class='ocrx_word' id='word_1_1184' title='bbox 1901 1498 1958 1520; x_wconf 84' lang='lat' dir='ltr'>tuae</span> <span class='ocrx_word' id='word_1_1185' title='bbox 1973 1488 2150 1521; x_wconf 86' lang='lat' dir='ltr'>Circuitibus</span> <span class='ocrx_word' id='word_1_1186' title='bbox 2163 1491 2334 1529; x_wconf 84' lang='lat' dir='ltr'>periculosos</span> <span class='ocrx_word' id='word_1_1187' title='bbox 2347 1494 2384 1524; x_wconf 74' lang='grc' dir='ltr'>δε</span> 
     </span>
     <span class='ocr_line' id='line_1_139' title="bbox 1314 1528 2384 1569; baseline 0.004 -11"><span class='ocrx_word' id='word_1_1188' title='bbox 1314 1528 1437 1560; x_wconf 80' lang='lat' dir='ltr'>nodosos</span> <span class='ocrx_word' id='word_1_1189' title='bbox 1461 1528 1610 1567; x_wconf 85' lang='lat' dir='ltr'>Laqueos,</span> <span class='ocrx_word' id='word_1_1190' title='bbox 1626 1528 1728 1568; x_wconf 88' lang='lat' dir='ltr'>quibus</span> <span class='ocrx_word' id='word_1_1191' title='bbox 1746 1537 1791 1567; x_wconf 83' lang='lat' dir='ltr'>te,</span> <span class='ocrx_word' id='word_1_1192' title='bbox 1807 1529 1953 1560; x_wconf 84' lang='lat' dir='ltr'>subtilibus</span> <span class='ocrx_word' id='word_1_1193' title='bbox 1973 1529 2091 1569; x_wconf 87' lang='lat' dir='ltr'>ingeniis</span> <span class='ocrx_word' id='word_1_1194' title='bbox 2113 1529 2147 1560; x_wconf 87' lang='lat'>&amp;</span> <span class='ocrx_word' id='word_1_1195' title='bbox 2167 1530 2312 1562; x_wconf 86' lang='lat' dir='ltr'>fraudibus</span> <span class='ocrx_word' id='word_1_1196' title='bbox 2333 1541 2384 1562; x_wconf 78' lang='lat' dir='ltr'>ex-</span> 
     </span>
     <span class='ocr_line' id='line_1_140' title="bbox 1314 1566 2383 1608; baseline 0.003 -10"><span class='ocrx_word' id='word_1_1197' title='bbox 1314 1568 1435 1606; x_wconf 86' lang='lat' dir='ltr'>quisitis,</span> <span class='ocrx_word' id='word_1_1198' title='bbox 1461 1568 1563 1606; x_wconf 80' lang='lat' dir='ltr'>aliqui,</span> <span class='ocrx_word' id='word_1_1199' title='bbox 1585 1566 1622 1597; x_wconf 90' lang='lat' dir='ltr'>de</span> <span class='ocrx_word' id='word_1_1200' title='bbox 1641 1567 1693 1598; x_wconf 73' lang='lat' dir='ltr'>suis</span> <span class='ocrx_word' id='word_1_1201' title='bbox 1713 1567 1822 1606; x_wconf 77' lang='lat' dir='ltr'>potius,</span> <span class='ocrx_word' id='word_1_1202' title='bbox 1846 1568 1933 1608; x_wconf 66' lang='lat' dir='ltr'>qufim</span> <span class='ocrx_word' id='word_1_1203' title='bbox 1953 1567 1989 1598; x_wconf 91' lang='lat' dir='ltr'>de</span> <span class='ocrx_word' id='word_1_1204' title='bbox 2011 1569 2065 1599; x_wconf 89' lang='lat' dir='ltr'>tuis</span> <span class='ocrx_word' id='word_1_1205' title='bbox 2083 1568 2182 1599; x_wconf 89' lang='lat' dir='ltr'>soliciti</span> <span class='ocrx_word' id='word_1_1206' title='bbox 2204 1571 2328 1608; x_wconf 81' lang='lat' dir='ltr'>negotiis</span> <span class='ocrx_word' id='word_1_1207' title='bbox 2347 1572 2383 1602; x_wconf 74' lang='lat' dir='ltr'>&amp;z</span> 
     </span>
     <span class='ocr_line' id='line_1_141' title="bbox 1316 1605 2385 1648; baseline 0.004 -12"><span class='ocrx_word' id='word_1_1208' title='bbox 1316 1606 1496 1645; x_wconf 85' lang='lat' dir='ltr'>commodis,</span> <span class='ocrx_word' id='word_1_1209' title='bbox 1523 1605 1669 1644; x_wconf 79' lang='lat' dir='ltr'>praemisiis</span> <span class='ocrx_word' id='word_1_1210' title='bbox 1688 1605 1851 1645; x_wconf 87' lang='lat' dir='ltr'>involvere,</span> <span class='ocrx_word' id='word_1_1211' title='bbox 1874 1607 1984 1645; x_wconf 81' lang='lat' dir='ltr'>tibique</span> <span class='ocrx_word' id='word_1_1212' title='bbox 2004 1606 2106 1646; x_wconf 87' lang='lat' dir='ltr'>Onus,</span> <span class='ocrx_word' id='word_1_1213' title='bbox 2124 1607 2203 1648; x_wconf 92' lang='lat' dir='ltr'>quod</span> <span class='ocrx_word' id='word_1_1214' title='bbox 2227 1608 2243 1639; x_wconf 73' lang='lat' dir='ltr'>a</span> <span class='ocrx_word' id='word_1_1215' title='bbox 2262 1608 2289 1639; x_wconf 89' lang='lat' dir='ltr'>se</span> <span class='ocrx_word' id='word_1_1216' title='bbox 2329 1619 2385 1640; x_wconf 90' lang='lat' dir='ltr'>uo-</span> 
     </span>
     <span class='ocr_line' id='line_1_142' title="bbox 1315 1619 2385 1686; baseline 0.004 -12"><span class='ocrx_word' id='word_1_1217' title='bbox 1315 1644 1477 1676; x_wconf 87' lang='lat' dir='ltr'>dammodo</span> <span class='ocrx_word' id='word_1_1218' title='bbox 1498 1646 1604 1675; x_wconf 86' lang='lat' dir='ltr'>reicere</span> <span class='ocrx_word' id='word_1_1219' title='bbox 1629 1647 1770 1684; x_wconf 83' lang='lat' dir='ltr'>cupiunt,</span> <span class='ocrx_word' id='word_1_1220' title='bbox 1801 1655 1860 1676; x_wconf 89' lang='lat' dir='ltr'>non</span> <span class='ocrx_word' id='word_1_1221' title='bbox 1883 1647 1978 1676; x_wconf 88' lang='lat' dir='ltr'>minus</span> <span class='ocrx_word' id='word_1_1222' title='bbox 1998 1645 2076 1685; x_wconf 89' lang='lat' dir='ltr'>leve,</span> <span class='ocrx_word' id='word_1_1223' title='bbox 2103 1646 2123 1676; x_wconf 83' lang='lat' dir='ltr'>fi</span> <span class='ocrx_word' id='word_1_1224' title='bbox 2146 1646 2295 1686; x_wconf 85' lang='lat' dir='ltr'>diligenter</span> <span class='ocrx_word' id='word_1_1225' title='bbox 2308 1619 2385 1678; x_wconf 46' lang='lat' dir='ltr'>(bir-</span> 
     </span>
     <span class='ocr_line' id='line_1_143' title="bbox 1316 1683 2382 1727; baseline 0.005 -14"><span class='ocrx_word' id='word_1_1226' title='bbox 1316 1683 1497 1715; x_wconf 87' lang='lat' dir='ltr'>cumstantias</span> <span class='ocrx_word' id='word_1_1227' title='bbox 1520 1684 1682 1721; x_wconf 82' lang='lat' dir='ltr'>attenderis,</span> <span class='ocrx_word' id='word_1_1228' title='bbox 1703 1685 1852 1721; x_wconf 86' lang='lat' dir='ltr'>imponere</span> <span class='ocrx_word' id='word_1_1229' title='bbox 1865 1684 1959 1716; x_wconf 87' lang='lat' dir='ltr'>moliti</span> <span class='ocrx_word' id='word_1_1230' title='bbox 1972 1685 2095 1724; x_wconf 88' lang='lat' dir='ltr'>fuerint,</span> <span class='ocrx_word' id='word_1_1231' title='bbox 2115 1685 2167 1724; x_wconf 86' lang='lat'>&amp;‚</span> <span class='ocrx_word' id='word_1_1232' title='bbox 2183 1695 2244 1716; x_wconf 91' lang='lat' dir='ltr'>non</span> <span class='ocrx_word' id='word_1_1233' title='bbox 2258 1685 2315 1718; x_wconf 89' lang='lat' dir='ltr'>sine</span> <span class='ocrx_word' id='word_1_1234' title='bbox 2328 1696 2382 1727; x_wconf 87' lang='lat' dir='ltr'>pe-</span> 
     </span>
     <span class='ocr_line' id='line_1_144' title="bbox 1316 1723 1828 1763; baseline -0.002 -12"><span class='ocrx_word' id='word_1_1235' title='bbox 1316 1723 1409 1753; x_wconf 84' lang='lat' dir='ltr'>riculo</span> <span class='ocrx_word' id='word_1_1236' title='bbox 1420 1723 1462 1754; x_wconf 89' lang='lat' dir='ltr'>tui</span> <span class='ocrx_word' id='word_1_1237' title='bbox 1478 1723 1643 1763; x_wconf 74' lang='lat' dir='ltr'>praecipitii,</span> <span class='ocrx_word' id='word_1_1238' title='bbox 1661 1723 1828 1754; x_wconf 89' lang='lat' dir='ltr'>moliuntur.</span> 
     </span>
    </p>

    <p class='ocr_par' dir='ltr' id='par_1_24' title="bbox 1310 1760 2385 2226">
     <span class='ocr_line' id='line_1_145' title="bbox 1354 1760 2385 1803; baseline 0.004 -13"><span class='ocrx_word' id='word_1_1239' title='bbox 1354 1760 1426 1791; x_wconf 87' lang='lat' dir='ltr'>Nec</span> <span class='ocrx_word' id='word_1_1240' title='bbox 1442 1770 1480 1792; x_wconf 74' lang='lat' dir='ltr'>¹te</span> <span class='ocrx_word' id='word_1_1241' title='bbox 1499 1762 1581 1791; x_wconf 88' lang='lat' dir='ltr'>latere</span> <span class='ocrx_word' id='word_1_1242' title='bbox 1600 1761 1734 1791; x_wconf 82' lang='lat' dir='ltr'>volumus</span> <span class='ocrx_word' id='word_1_1243' title='bbox 1754 1762 1834 1795; x_wconf 76' lang='lat' dir='ltr'>quod</span> <span class='ocrx_word' id='word_1_1244' title='bbox 1857 1762 1985 1802; x_wconf 72' lang='lat' dir='ltr'>praefatus</span> <span class='ocrx_word' id='word_1_1245' title='bbox 2006 1761 2198 1794; x_wconf 80' lang='lat' dir='ltr'>Praedeceffor</span> <span class='ocrx_word' id='word_1_1246' title='bbox 2217 1763 2310 1803; x_wconf 91' lang='lat' dir='ltr'>olim,</span> <span class='ocrx_word' id='word_1_1247' title='bbox 2335 1774 2385 1802; x_wconf 87' lang='lat' dir='ltr'>pei·</span> 
     </span>
     <span class='ocr_line' id='line_1_146' title="bbox 1315 1799 2384 1838; baseline 0.004 -9"><span class='ocrx_word' id='word_1_1248' title='bbox 1315 1799 1458 1838; x_wconf 86' lang='lat' dir='ltr'>quandam</span> <span class='ocrx_word' id='word_1_1249' title='bbox 1479 1799 1727 1831; x_wconf 87' lang='lat' dir='ltr'>Constitutionem</span> <span class='ocrx_word' id='word_1_1250' title='bbox 1746 1800 1782 1830; x_wconf 84' lang='lat' dir='ltr'>ab</span> <span class='ocrx_word' id='word_1_1251' title='bbox 1803 1801 1878 1838; x_wconf 84' lang='lat' dir='ltr'>ipso,</span> <span class='ocrx_word' id='word_1_1252' title='bbox 1896 1801 1932 1831; x_wconf 84' lang='lat' dir='ltr'>de</span> <span class='ocrx_word' id='word_1_1253' title='bbox 1953 1801 2100 1832; x_wconf 66' lang='lat' dir='ltr'>dictorum</span> <span class='ocrx_word' id='word_1_1254' title='bbox 2121 1802 2252 1833; x_wconf 89' lang='lat' dir='ltr'>Fratrum</span> <span class='ocrx_word' id='word_1_1255' title='bbox 2267 1802 2384 1834; x_wconf 87' lang='lat' dir='ltr'>suorum</span> 
     </span>
     <span class='ocr_line' id='line_1_147' title="bbox 1321 1837 2384 1879; baseline 0.004 -12"><span class='ocrx_word' id='word_1_1256' title='bbox 1321 1837 1429 1868; x_wconf 86' lang='lat' dir='ltr'>editam</span> <span class='ocrx_word' id='word_1_1257' title='bbox 1448 1838 1586 1877; x_wconf 81' lang='lat' dir='ltr'>consilio,</span> <span class='ocrx_word' id='word_1_1258' title='bbox 1612 1839 1640 1868; x_wconf 88' lang='lat' dir='ltr'>iri</span> <span class='ocrx_word' id='word_1_1259' title='bbox 1662 1847 1763 1868; x_wconf 85' lang='lat' dir='ltr'>omnes</span> <span class='ocrx_word' id='word_1_1260' title='bbox 1783 1839 1817 1870; x_wconf 93' lang='lat'>&amp;</span> <span class='ocrx_word' id='word_1_1261' title='bbox 1840 1839 1981 1878; x_wconf 69' lang='lat' dir='ltr'>singulm,</span> <span class='ocrx_word' id='word_1_1262' title='bbox 2000 1840 2148 1875; x_wconf 82' lang='lat' dir='ltr'>cuiiiscum</span> <span class='ocrx_word' id='word_1_1263' title='bbox 2169 1851 2204 1871; x_wconf 92' lang='lat' dir='ltr'>ue</span> <span class='ocrx_word' id='word_1_1264' title='bbox 2219 1840 2320 1879; x_wconf 69' lang='lat' dir='ltr'>statiis,</span> <span class='ocrx_word' id='word_1_1265' title='bbox 2338 1842 2384 1872; x_wconf 88' lang='lat' dir='ltr'>di-</span> 
     </span>
     <span class='ocr_line' id='line_1_148' title="bbox 1314 1875 2382 1919; baseline 0.005 -13"><span class='ocrx_word' id='word_1_1266' title='bbox 1314 1877 1444 1915; x_wconf 85' lang='lat' dir='ltr'>gnitatis,</span> <span class='ocrx_word' id='word_1_1267' title='bbox 1464 1877 1509 1908; x_wconf 92' lang='lat' dir='ltr'>vel</span> <span class='ocrx_word' id='word_1_1268' title='bbox 1528 1877 1701 1908; x_wconf 84' lang='lat' dir='ltr'>conditionis</span> <span class='ocrx_word' id='word_1_1269' title='bbox 1718 1875 1882 1916; x_wconf 84' lang='lat' dir='ltr'>existerent,</span> <span class='ocrx_word' id='word_1_1270' title='bbox 1901 1879 2007 1909; x_wconf 86' lang='lat' dir='ltr'>etiamsi</span> <span class='ocrx_word' id='word_1_1271' title='bbox 2032 1877 2154 1910; x_wconf 84' lang='lat' dir='ltr'>Patriarc</span> <span class='ocrx_word' id='word_1_1272' title='bbox 2176 1879 2210 1909; x_wconf 87' lang='lat' dir='ltr'>ali</span> <span class='ocrx_word' id='word_1_1273' title='bbox 2225 1879 2268 1910; x_wconf 91' lang='lat' dir='ltr'>vel</span> <span class='ocrx_word' id='word_1_1274' title='bbox 2284 1881 2382 1919; x_wconf 82' lang='lat' dir='ltr'>quavis</span> 
     </span>
     <span class='ocr_line' id='line_1_149' title="bbox 1315 1914 2381 1958; baseline 0.004 -13"><span class='ocrx_word' id='word_1_1275' title='bbox 1315 1914 1366 1946; x_wconf 68' lang='lat' dir='ltr'>alia</span> <span class='ocrx_word' id='word_1_1276' title='bbox 1385 1915 1553 1954; x_wconf 89' lang='lat' dir='ltr'>Superiori,</span> <span class='ocrx_word' id='word_1_1277' title='bbox 1576 1915 1621 1946; x_wconf 91' lang='lat' dir='ltr'>vel</span> <span class='ocrx_word' id='word_1_1278' title='bbox 1640 1914 1800 1946; x_wconf 84' lang='lat' dir='ltr'>Pontificali</span> <span class='ocrx_word' id='word_1_1279' title='bbox 1813 1939 1823 1955; x_wconf 94' lang='lat'>,</span> <span class='ocrx_word' id='word_1_1280' title='bbox 1846 1917 1891 1946; x_wconf 90' lang='lat' dir='ltr'>vel</span> <span class='ocrx_word' id='word_1_1281' title='bbox 1913 1916 2029 1956; x_wconf 77' lang='lat' dir='ltr'>Regali,</span> <span class='ocrx_word' id='word_1_1282' title='bbox 2054 1916 2202 1956; x_wconf 85' lang='lat' dir='ltr'>Dignitate</span> <span class='ocrx_word' id='word_1_1283' title='bbox 2225 1917 2381 1958; x_wconf 84' lang='lat' dir='ltr'>fulgerent,</span> 
     </span>
     <span class='ocr_line' id='line_1_150' title="bbox 1313 1953 2380 1995; baseline 0.004 -12"><span class='ocrx_word' id='word_1_1284' title='bbox 1313 1954 1380 1992; x_wconf 90' lang='lat' dir='ltr'>qui,</span> <span class='ocrx_word' id='word_1_1285' title='bbox 1397 1954 1500 1994; x_wconf 87' lang='lat' dir='ltr'>absque</span> <span class='ocrx_word' id='word_1_1286' title='bbox 1520 1953 1598 1985; x_wconf 88' lang='lat' dir='ltr'>Sedis</span> <span class='ocrx_word' id='word_1_1287' title='bbox 1621 1953 1799 1991; x_wconf 83' lang='lat' dir='ltr'>Apostolicae</span> <span class='ocrx_word' id='word_1_1288' title='bbox 1818 1954 1951 1986; x_wconf 75' lang='lat' dir='ltr'>Licentia</span> <span class='ocrx_word' id='word_1_1289' title='bbox 1973 1956 1989 1986; x_wconf 93' lang='lat' dir='ltr'>s</span> <span class='ocrx_word' id='word_1_1290' title='bbox 2003 1956 2101 1994; x_wconf 81' lang='lat' dir='ltr'>eci-ali,</span> <span class='ocrx_word' id='word_1_1291' title='bbox 2119 1955 2221 1987; x_wconf 76' lang='lat' dir='ltr'>VrcA</span> <span class='ocrx_word' id='word_1_1292' title='bbox 2234 1966 2255 1987; x_wconf 79' lang='lat' dir='ltr'>R</span> <span class='ocrx_word' id='word_1_1293' title='bbox 2266 1966 2317 1995; x_wconf 86' lang='lat' dir='ltr'>ii,</span> <span class='ocrx_word' id='word_1_1294' title='bbox 2335 1957 2380 1987; x_wconf 88' lang='lat' dir='ltr'>seu</span> 
     </span>
     <span class='ocr_line' id='line_1_151' title="bbox 1314 1991 2381 2033; baseline 0.002 -10"><span class='ocrx_word' id='word_1_1295' title='bbox 1314 1992 1447 2032; x_wconf 83' lang='lat' dir='ltr'>cujusque</span> <span class='ocrx_word' id='word_1_1296' title='bbox 1465 1994 1575 2024; x_wconf 86' lang='lat' dir='ltr'>alterius</span> <span class='ocrx_word' id='word_1_1297' title='bbox 1593 1991 1723 2032; x_wconf 82' lang='lat' dir='ltr'>Officii,-</span> <span class='ocrx_word' id='word_1_1298' title='bbox 1735 2003 1844 2024; x_wconf 90' lang='lat' dir='ltr'>nomen</span> <span class='ocrx_word' id='word_1_1299' title='bbox 1869 1995 1897 2024; x_wconf 90' lang='lat' dir='ltr'>in</span> <span class='ocrx_word' id='word_1_1300' title='bbox 1917 2003 1973 2031; x_wconf 66' lang='lat' dir='ltr'>prae·</span> <span class='ocrx_word' id='word_1_1301' title='bbox 1995 1994 2045 2024; x_wconf 71' lang='lat' dir='ltr'>iffi</span> <span class='ocrx_word' id='word_1_1302' title='bbox 2065 1994 2162 2024; x_wconf 87' lang='lat' dir='ltr'>Terris</span> <span class='ocrx_word' id='word_1_1303' title='bbox 2182 1994 2321 2033; x_wconf 89' lang='lat' dir='ltr'>Imperii,</span> <span class='ocrx_word' id='word_1_1304' title='bbox 2343 2004 2381 2025; x_wconf 90' lang='lat' dir='ltr'>eo</span> 
     </span>
     <span class='ocr_line' id='line_1_152' title="bbox 1314 2031 2382 2070; baseline 0.002 -9"><span class='ocrx_word' id='word_1_1305' title='bbox 1314 2040 1447 2069; x_wconf 86' lang='lat' dir='ltr'>vacante,</span> <span class='ocrx_word' id='word_1_1306' title='bbox 1467 2031 1484 2061; x_wconf 89' lang='lat' dir='ltr'>s</span> <span class='ocrx_word' id='word_1_1307' title='bbox 1488 2040 1536 2062; x_wconf 84' lang='lat' dir='ltr'>cut</span> <span class='ocrx_word' id='word_1_1308' title='bbox 1556 2041 1625 2063; x_wconf 88' lang='lat' dir='ltr'>tunc</span> <span class='ocrx_word' id='word_1_1309' title='bbox 1646 2031 1779 2070; x_wconf 86' lang='lat' dir='ltr'>vacabat,</span> <span class='ocrx_word' id='word_1_1310' title='bbox 1798 2032 1831 2063; x_wconf 92' lang='lat'>&amp;</span> <span class='ocrx_word' id='word_1_1311' title='bbox 1846 2042 1923 2063; x_wconf 88' lang='lat' dir='ltr'>nunc</span> <span class='ocrx_word' id='word_1_1312' title='bbox 1939 2033 2024 2062; x_wconf 85' lang='lat' dir='ltr'>etiam</span> <span class='ocrx_word' id='word_1_1313' title='bbox 2037 2041 2135 2070; x_wconf 87' lang='lat' dir='ltr'>vacat,</span> <span class='ocrx_word' id='word_1_1314' title='bbox 2156 2041 2188 2063; x_wconf 90' lang='lat' dir='ltr'>ut</span> <span class='ocrx_word' id='word_1_1315' title='bbox 2201 2032 2382 2070; x_wconf 78' lang='lat' dir='ltr'>praemiffum</span> 
     </span>
     <span class='ocr_line' id='line_1_153' title="bbox 1312 2069 2381 2109; baseline 0.002 -9"><span class='ocrx_word' id='word_1_1316' title='bbox 1312 2069 1368 2105; x_wconf 83' lang='lat' dir='ltr'>est,</span> <span class='ocrx_word' id='word_1_1317' title='bbox 1385 2070 1538 2109; x_wconf 83' lang='lat' dir='ltr'>affumere,</span> <span class='ocrx_word' id='word_1_1318' title='bbox 1561 2070 1605 2101; x_wconf 87' lang='lat' dir='ltr'>vel</span> <span class='ocrx_word' id='word_1_1319' title='bbox 1624 2070 1798 2107; x_wconf 76' lang='lat' dir='ltr'>assumptum</span> <span class='ocrx_word' id='word_1_1320' title='bbox 1820 2071 1889 2102; x_wconf 81' lang='lat' dir='ltr'>ultra</span> <span class='ocrx_word' id='word_1_1321' title='bbox 1911 2071 2046 2102; x_wconf 89' lang='lat' dir='ltr'>Termini</span> <span class='ocrx_word' id='word_1_1322' title='bbox 2070 2070 2209 2102; x_wconf 83' lang='lat' dir='ltr'>Duorum</span> <span class='ocrx_word' id='word_1_1323' title='bbox 2231 2070 2381 2102; x_wconf 82' lang='lat' dir='ltr'>Meniium</span> 
     </span>
     <span class='ocr_line' id='line_1_154' title="bbox 1310 2108 2384 2150; baseline 0.003 -12"><span class='ocrx_word' id='word_1_1324' title='bbox 1310 2108 1428 2147; x_wconf 89' lang='lat' dir='ltr'>spatium</span> <span class='ocrx_word' id='word_1_1325' title='bbox 1448 2109 1649 2150; x_wconf 70' lang='lat' dir='ltr'>praesumerent</span> <span class='ocrx_word' id='word_1_1326' title='bbox 1668 2111 1805 2147; x_wconf 87' lang='lat' dir='ltr'>retinere,</span> <span class='ocrx_word' id='word_1_1327' title='bbox 1824 2111 1869 2140; x_wconf 85' lang='lat' dir='ltr'>seu</span> <span class='ocrx_word' id='word_1_1328' title='bbox 1889 2109 2038 2141; x_wconf 88' lang='lat' dir='ltr'>dimissum</span> <span class='ocrx_word' id='word_1_1329' title='bbox 2060 2109 2229 2140; x_wconf 84' lang='lat' dir='ltr'>reassumere</span> <span class='ocrx_word' id='word_1_1330' title='bbox 2249 2120 2384 2149; x_wconf 86' lang='lat' dir='ltr'>quoquo-</span> 
     </span>
     <span class='ocr_line' id='line_1_155' title="bbox 1313 2147 2362 2187; baseline 0.002 -9"><span class='ocrx_word' id='word_1_1331' title='bbox 1313 2148 1419 2186; x_wconf 89' lang='lat' dir='ltr'>modo,</span> <span class='ocrx_word' id='word_1_1332' title='bbox 1437 2158 1469 2179; x_wconf 91' lang='lat' dir='ltr'>ut</span> <span class='ocrx_word' id='word_1_1333' title='bbox 1492 2148 1702 2187; x_wconf 82' lang='lat' dir='ltr'>inobedientes,</span> <span class='ocrx_word' id='word_1_1334' title='bbox 1724 2148 1743 2167; x_wconf 73' lang='lat'>&#39;¹‘</span> <span class='ocrx_word' id='word_1_1335' title='bbox 1756 2158 1789 2179; x_wconf 86' lang='lat' dir='ltr'>ac</span> <span class='ocrx_word' id='word_1_1336' title='bbox 1802 2158 1861 2179; x_wconf 88' lang='lat' dir='ltr'>non</span> <span class='ocrx_word' id='word_1_1337' title='bbox 1874 2157 2000 2187; x_wconf 86' lang='lat' dir='ltr'>parentes</span> <span class='ocrx_word' id='word_1_1338' title='bbox 2015 2148 2048 2179; x_wconf 93' lang='lat'><strong>&amp;</strong></span> <span class='ocrx_word' id='word_1_1339' title='bbox 2064 2147 2240 2179; x_wconf 87' lang='lat' dir='ltr'>intendentes</span> <span class='ocrx_word' id='word_1_1340' title='bbox 2256 2148 2362 2180; x_wconf 87' lang='lat' dir='ltr'>eisdem</span> 
     </span>
     <span class='ocr_line' id='line_1_156' title="bbox 1310 2185 2377 2226; baseline 0.001 -10"><span class='ocrx_word' id='word_1_1341' title='bbox 1310 2185 1628 2218; x_wconf 84' lang='lat' dir='ltr'>Excommunicationis</span> <span class='ocrx_word' id='word_1_1342' title='bbox 1643 2187 1677 2218; x_wconf 78' lang='grc' dir='ltr'>δε</span> <span class='ocrx_word' id='word_1_1343' title='bbox 1690 2187 1754 2218; x_wconf 86' lang='lat' dir='ltr'>alias</span> <span class='ocrx_word' id='word_1_1344' title='bbox 1765 2196 1862 2226; x_wconf 84' lang='lat' dir='ltr'>graves</span> <span class='ocrx_word' id='word_1_1345' title='bbox 1878 2187 2034 2218; x_wconf 88' lang='lat' dir='ltr'>Sententias</span> <span class='ocrx_word' id='word_1_1346' title='bbox 2048 2187 2249 2225; x_wconf 75' lang='lat' dir='ltr'>promulgavit.</span> <span class='ocrx_word' id='word_1_1347' title='bbox 2375 2212 2377 2214; x_wconf 89' lang='lat'><em>.</em></span> 
     </span>
    </p>

    <p class='ocr_par' dir='ltr' id='par_1_25' title="bbox 1306 2219 2381 2535">
     <span class='ocr_line' id='line_1_157' title="bbox 1349 2219 2380 2265; baseline 0.003 -10"><span class='ocrx_word' id='word_1_1348' title='bbox 1349 2224 1418 2256; x_wconf 89' lang='lat' dir='ltr'>Nos</span> <span class='ocrx_word' id='word_1_1349' title='bbox 1437 2227 1532 2264; x_wconf 87' lang='lat' dir='ltr'>itaque</span> <span class='ocrx_word' id='word_1_1350' title='bbox 1554 2227 1618 2265; x_wconf 82' lang='lat' dir='ltr'>(qui</span> <span class='ocrx_word' id='word_1_1351' title='bbox 1631 2235 1694 2265; x_wconf 86' lang='lat' dir='ltr'>erga</span> <span class='ocrx_word' id='word_1_1352' title='bbox 1713 2234 1757 2263; x_wconf 88' lang='lat' dir='ltr'>te,</span> <span class='ocrx_word' id='word_1_1353' title='bbox 1773 2225 1844 2263; x_wconf 84' lang='lat' dir='ltr'>Fili,</span> <span class='ocrx_word' id='word_1_1354' title='bbox 1869 2226 1999 2256; x_wconf 85' lang='lat' dir='ltr'>claudere</span> <span class='ocrx_word' id='word_1_1355' title='bbox 2022 2225 2136 2256; x_wconf 90' lang='lat' dir='ltr'>Viscera</span> <span class='ocrx_word' id='word_1_1356' title='bbox 2153 2219 2282 2257; x_wconf 86' lang='lat' dir='ltr'>Paternae</span> <span class='ocrx_word' id='word_1_1357' title='bbox 2296 2225 2380 2258; x_wconf 85' lang='lat' dir='ltr'>Dile-</span> 
     </span>
     <span class='ocr_line' id='line_1_158' title="bbox 1310 2264 2381 2304; baseline 0.002 -10"><span class='ocrx_word' id='word_1_1358' title='bbox 1310 2265 1413 2295; x_wconf 70' lang='lat' dir='ltr'>‹stionis</span> <span class='ocrx_word' id='word_1_1359' title='bbox 1433 2266 1600 2303; x_wconf 75' lang='lat' dir='ltr'>nequimus,</span> <span class='ocrx_word' id='word_1_1360' title='bbox 1621 2264 1654 2295; x_wconf 66' lang='grc' dir='ltr'>ὃς</span> <span class='ocrx_word' id='word_1_1361' title='bbox 1674 2265 1770 2295; x_wconf 87' lang='lat' dir='ltr'>cordis</span> <span class='ocrx_word' id='word_1_1362' title='bbox 1783 2264 1884 2295; x_wconf 89' lang='lat' dir='ltr'>dolore</span> <span class='ocrx_word' id='word_1_1363' title='bbox 1897 2267 2040 2304; x_wconf 87' lang='lat' dir='ltr'>tangimur</span> <span class='ocrx_word' id='word_1_1364' title='bbox 2052 2265 2234 2300; x_wconf 80' lang='lat' dir='ltr'>intrinsecus)</span> <span class='ocrx_word' id='word_1_1365' title='bbox 2255 2265 2326 2296; x_wconf 77' lang='lat' dir='ltr'>cum</span> <span class='ocrx_word' id='word_1_1366' title='bbox 2340 2275 2381 2296; x_wconf 86' lang='lat' dir='ltr'>ta-</span> 
     </span>
     <span class='ocr_line' id='line_1_159' title="bbox 1308 2302 2380 2345; baseline 0.002 -12"><span class='ocrx_word' id='word_1_1367' title='bbox 1308 2303 1344 2333; x_wconf 81' lang='lat' dir='ltr'>lia</span> <span class='ocrx_word' id='word_1_1368' title='bbox 1368 2304 1540 2343; x_wconf 85' lang='lat' dir='ltr'>percipimus</span> <span class='ocrx_word' id='word_1_1369' title='bbox 1554 2303 1587 2333; x_wconf 87' lang='lat' dir='ltr'>ad</span> <span class='ocrx_word' id='word_1_1370' title='bbox 1604 2313 1706 2342; x_wconf 91' lang='lat' dir='ltr'>tuum,</span> <span class='ocrx_word' id='word_1_1371' title='bbox 1724 2305 1820 2343; x_wconf 83' lang='lat' dir='ltr'>tuique</span> <span class='ocrx_word' id='word_1_1372' title='bbox 1835 2302 1965 2334; x_wconf 86' lang='lat' dir='ltr'>Honoris</span> <span class='ocrx_word' id='word_1_1373' title='bbox 1978 2302 2079 2339; x_wconf 69' lang='lat' dir='ltr'>status,</span> <span class='ocrx_word' id='word_1_1374' title='bbox 2096 2303 2196 2334; x_wconf 77' lang='lat' dir='ltr'>Salutis</span> <span class='ocrx_word' id='word_1_1375' title='bbox 2215 2304 2249 2334; x_wconf 89' lang='lat'>&amp;</span> <span class='ocrx_word' id='word_1_1376' title='bbox 2263 2303 2380 2345; x_wconf 88' lang='lat' dir='ltr'>Famae,</span> 
     </span>
     <span class='ocr_line' id='line_1_160' title="bbox 1308 2341 2380 2383; baseline 0.002 -11"><span class='ocrx_word' id='word_1_1377' title='bbox 1308 2342 1487 2380; x_wconf 87' lang='lat' dir='ltr'>dispendium</span> <span class='ocrx_word' id='word_1_1378' title='bbox 1511 2342 1690 2379; x_wconf 81' lang='lat' dir='ltr'>machinari,</span> <span class='ocrx_word' id='word_1_1379' title='bbox 1715 2351 1794 2373; x_wconf 89' lang='lat' dir='ltr'>tuam</span> <span class='ocrx_word' id='word_1_1380' title='bbox 1813 2352 1949 2379; x_wconf 77' lang='lat' dir='ltr'>rogamus</span> <span class='ocrx_word' id='word_1_1381' title='bbox 1971 2341 2235 2381; x_wconf 83' lang='lat' dir='ltr'>Magnificentiatn,</span> <span class='ocrx_word' id='word_1_1382' title='bbox 2261 2344 2380 2383; x_wconf 89' lang='lat' dir='ltr'>requiri-</span> 
     </span>
     <span class='ocr_line' id='line_1_161' title="bbox 1308 2379 2378 2420; baseline 0.002 -9"><span class='ocrx_word' id='word_1_1383' title='bbox 1308 2390 1388 2418; x_wconf 91' lang='lat' dir='ltr'>mus,</span> <span class='ocrx_word' id='word_1_1384' title='bbox 1408 2381 1441 2411; x_wconf 88' lang='lat'>&amp;</span> <span class='ocrx_word' id='word_1_1385' title='bbox 1466 2382 1492 2411; x_wconf 70' lang='lat' dir='ltr'>iri</span> <span class='ocrx_word' id='word_1_1386' title='bbox 1515 2380 1652 2411; x_wconf 85' lang='lat' dir='ltr'>Domino</span> <span class='ocrx_word' id='word_1_1387' title='bbox 1670 2381 1800 2411; x_wconf 75' lang='lat' dir='ltr'>attentius</span> <span class='ocrx_word' id='word_1_1388' title='bbox 1820 2381 2017 2420; x_wconf 80' lang='lat' dir='ltr'>exhortamur,</span> <span class='ocrx_word' id='word_1_1389' title='bbox 2035 2381 2102 2412; x_wconf 75' lang='lat' dir='ltr'>{ano</span> <span class='ocrx_word' id='word_1_1390' title='bbox 2122 2379 2303 2420; x_wconf 75' lang='lat' dir='ltr'>Pater-noque</span> <span class='ocrx_word' id='word_1_1391' title='bbox 2324 2382 2378 2413; x_wconf 83' lang='lat' dir='ltr'>tibi</span> 
     </span>
     <span class='ocr_line' id='line_1_162' title="bbox 1306 2419 2378 2459; baseline 0.001 -10"><span class='ocrx_word' id='word_1_1392' title='bbox 1306 2420 1508 2451; x_wconf 81' lang='lat' dir='ltr'>nichilominus</span> <span class='ocrx_word' id='word_1_1393' title='bbox 1527 2419 1656 2450; x_wconf 82' lang='lat' dir='ltr'>Coniilio</span> <span class='ocrx_word' id='word_1_1394' title='bbox 1676 2419 1833 2456; x_wconf 77' lang='lat' dir='ltr'>suadentes,</span> <span class='ocrx_word' id='word_1_1395' title='bbox 1856 2429 1992 2459; x_wconf 85' lang='lat' dir='ltr'>quatenus</span> <span class='ocrx_word' id='word_1_1396' title='bbox 2012 2430 2060 2459; x_wconf 64' lang='lat' dir='ltr'>ea,</span> <span class='ocrx_word' id='word_1_1397' title='bbox 2088 2430 2154 2458; x_wconf 81' lang='lat' dir='ltr'>quae</span> <span class='ocrx_word' id='word_1_1398' title='bbox 2174 2420 2378 2459; x_wconf 76' lang='lat' dir='ltr'>praemisimus,</span> 
     </span>
     <span class='ocr_line' id='line_1_163' title="bbox 1307 2457 2377 2498; baseline 0.001 -10"><span class='ocrx_word' id='word_1_1399' title='bbox 1307 2458 1341 2488; x_wconf 88' lang='lat'>&amp;</span> <span class='ocrx_word' id='word_1_1400' title='bbox 1361 2459 1427 2496; x_wconf 83' lang='lat' dir='ltr'>alia,</span> <span class='ocrx_word' id='word_1_1401' title='bbox 1445 2467 1509 2498; x_wconf 70' lang='lat' dir='ltr'>quae</span> <span class='ocrx_word' id='word_1_1402' title='bbox 1531 2459 1607 2490; x_wconf 91' lang='lat' dir='ltr'>circa</span> <span class='ocrx_word' id='word_1_1403' title='bbox 1627 2458 1671 2489; x_wconf 88' lang='lat' dir='ltr'>illa</span> <span class='ocrx_word' id='word_1_1404' title='bbox 1694 2459 1744 2488; x_wconf 91' lang='lat' dir='ltr'>tibi</span> <span class='ocrx_word' id='word_1_1405' title='bbox 1768 2457 1883 2498; x_wconf 78' lang='lat' dir='ltr'>poisunt</span> <span class='ocrx_word' id='word_1_1406' title='bbox 1903 2468 2055 2490; x_wconf 84' lang='lat' dir='ltr'>occurrere</span> <span class='ocrx_word' id='word_1_1407' title='bbox 2074 2458 2218 2489; x_wconf 85' lang='lat' dir='ltr'>deducens</span> <span class='ocrx_word' id='word_1_1408' title='bbox 2236 2459 2268 2488; x_wconf 86' lang='lat' dir='ltr'>in</span> <span class='ocrx_word' id='word_1_1409' title='bbox 2288 2457 2377 2489; x_wconf 63' lang='lat' dir='ltr'>restae</span> 
     </span>
     <span class='ocr_line' id='line_1_164' title="bbox 1307 2496 1931 2535; baseline -0.003 -7"><span class='ocrx_word' id='word_1_1410' title='bbox 1307 2497 1529 2528; x_wconf 83' lang='lat' dir='ltr'>Deliberationis</span> <span class='ocrx_word' id='word_1_1411' title='bbox 1544 2498 1577 2528; x_wconf 71' lang='grc' dir='ltr'>ὃ(</span> <span class='ocrx_word' id='word_1_1412' title='bbox 1593 2496 1779 2527; x_wconf 80' lang='lat' dir='ltr'>Discussionis</span> <span class='ocrx_word' id='word_1_1413' title='bbox 1794 2506 1931 2535; x_wconf 80' lang='lat' dir='ltr'>examen,</span> 
     </span>
    </p>

    <p class='ocr_par' dir='ltr' id='par_1_26' title="bbox 1305 2532 2378 2757">
     <span class='ocr_line' id='line_1_165' title="bbox 1342 2532 2375 2580; baseline -0.003 -13"><span class='ocrx_word' id='word_1_1414' title='bbox 1342 2536 1387 2567; x_wconf 88' lang='lat' dir='ltr'>Ac</span> <span class='ocrx_word' id='word_1_1415' title='bbox 1403 2536 1514 2574; x_wconf 85' lang='lat' dir='ltr'>insuper</span> <span class='ocrx_word' id='word_1_1416' title='bbox 1532 2544 1629 2566; x_wconf 88' lang='lat' dir='ltr'>tenens</span> <span class='ocrx_word' id='word_1_1417' title='bbox 1643 2536 1762 2573; x_wconf 79' lang='lat' dir='ltr'>certius,</span> <span class='ocrx_word' id='word_1_1418' title='bbox 1781 2536 1815 2566; x_wconf 73' lang='grc' dir='ltr'>δε</span> <span class='ocrx_word' id='word_1_1419' title='bbox 1830 2538 1973 2565; x_wconf 80' lang='lat' dir='ltr'>attendens</span> <span class='ocrx_word' id='word_1_1420' title='bbox 1987 2534 2067 2573; x_wconf 78' lang='lat' dir='ltr'>quod</span> <span class='ocrx_word' id='word_1_1421' title='bbox 2083 2533 2176 2578; x_wconf 62' lang='lat' dir='ltr'>didius</span> <span class='ocrx_word' id='word_1_1422' title='bbox 2190 2532 2375 2580; x_wconf 76' lang='lat' dir='ltr'>Ludovicus,</span> 
     </span>
     <span class='ocr_line' id='line_1_166' title="bbox 1306 2572 2374 2616; baseline 0 -12"><span class='ocrx_word' id='word_1_1423' title='bbox 1306 2583 1336 2605; x_wconf 93' lang='lat' dir='ltr'>ut</span> <span class='ocrx_word' id='word_1_1424' title='bbox 1350 2575 1553 2612; x_wconf 72' lang='lat' dir='ltr'>praemisimus,</span> <span class='ocrx_word' id='word_1_1425' title='bbox 1571 2584 1625 2605; x_wconf 89' lang='lat' dir='ltr'>nec</span> <span class='ocrx_word' id='word_1_1426' title='bbox 1642 2574 1722 2611; x_wconf 79' lang='lat' dir='ltr'>Rex,</span> <span class='ocrx_word' id='word_1_1427' title='bbox 1742 2584 1795 2604; x_wconf 87' lang='lat' dir='ltr'>nec</span> <span class='ocrx_word' id='word_1_1428' title='bbox 1812 2573 1969 2613; x_wconf 88' lang='lat' dir='ltr'>Imperator</span> <span class='ocrx_word' id='word_1_1429' title='bbox 1983 2572 2041 2610; x_wconf 84' lang='lat' dir='ltr'>est,</span> <span class='ocrx_word' id='word_1_1430' title='bbox 2055 2582 2114 2616; x_wconf 68' lang='lat' dir='ltr'>nec</span> <span class='ocrx_word' id='word_1_1431' title='bbox 2129 2573 2232 2612; x_wconf 84' lang='lat' dir='ltr'>aliqua,</span> <span class='ocrx_word' id='word_1_1432' title='bbox 2253 2583 2318 2612; x_wconf 88' lang='lat' dir='ltr'>quae</span> <span class='ocrx_word' id='word_1_1433' title='bbox 2331 2583 2374 2614; x_wconf 85' lang='lat' dir='ltr'>ip-</span> 
     </span>
     <span class='ocr_line' id='line_1_167' title="bbox 1305 2609 2377 2652; baseline 0.001 -10"><span class='ocrx_word' id='word_1_1434' title='bbox 1305 2613 1332 2642; x_wconf 89' lang='lat' dir='ltr'>se</span> <span class='ocrx_word' id='word_1_1435' title='bbox 1346 2613 1461 2650; x_wconf 90' lang='lat' dir='ltr'>fecerit,</span> <span class='ocrx_word' id='word_1_1436' title='bbox 1478 2614 1522 2643; x_wconf 90' lang='lat' dir='ltr'>vel</span> <span class='ocrx_word' id='word_1_1437' title='bbox 1539 2613 1638 2649; x_wconf 87' lang='lat' dir='ltr'>faciet,</span> <span class='ocrx_word' id='word_1_1438' title='bbox 1656 2613 1785 2652; x_wconf 66' lang='lat' dir='ltr'>quamvis</span> <span class='ocrx_word' id='word_1_1439' title='bbox 1801 2612 1871 2647; x_wconf 88' lang='lat' dir='ltr'>fuit,</span> <span class='ocrx_word' id='word_1_1440' title='bbox 1891 2612 1925 2641; x_wconf 88' lang='lat'>&amp;</span> <span class='ocrx_word' id='word_1_1441' title='bbox 1945 2611 2015 2649; x_wconf 86' lang='lat' dir='ltr'>erit,</span> <span class='ocrx_word' id='word_1_1442' title='bbox 2032 2610 2117 2641; x_wconf 71' lang='lat' dir='ltr'>dietis</span> <span class='ocrx_word' id='word_1_1443' title='bbox 2131 2609 2324 2650; x_wconf 83' lang='lat' dir='ltr'>Proceffibus,</span> <span class='ocrx_word' id='word_1_1444' title='bbox 2341 2622 2377 2644; x_wconf 89' lang='lat' dir='ltr'>ac</span> 
     </span>
     <span class='ocr_line' id='line_1_168' title="bbox 1306 2649 2377 2689; baseline 0 -9"><span class='ocrx_word' id='word_1_1445' title='bbox 1306 2650 1426 2688; x_wconf 74' lang='lat' dir='ltr'>Poenis,</span> <span class='ocrx_word' id='word_1_1446' title='bbox 1445 2652 1479 2682; x_wconf 89' lang='lat'>&amp;</span> <span class='ocrx_word' id='word_1_1447' title='bbox 1499 2651 1650 2681; x_wconf 78' lang='lat' dir='ltr'>Sententiis</span> <span class='ocrx_word' id='word_1_1448' title='bbox 1670 2650 1790 2681; x_wconf 85' lang='lat' dir='ltr'>irretitus</span> <span class='ocrx_word' id='word_1_1449' title='bbox 1803 2672 1812 2687; x_wconf 97' lang='lat'>,</span> <span class='ocrx_word' id='word_1_1450' title='bbox 1830 2650 1984 2688; x_wconf 85' lang='lat' dir='ltr'>quicquam</span> <span class='ocrx_word' id='word_1_1451' title='bbox 2006 2649 2153 2679; x_wconf 88' lang='lat' dir='ltr'>valuerunt</span> <span class='ocrx_word' id='word_1_1452' title='bbox 2169 2672 2179 2687; x_wconf 94' lang='lat'>,</span> <span class='ocrx_word' id='word_1_1453' title='bbox 2194 2650 2239 2682; x_wconf 89' lang='lat' dir='ltr'>vel</span> <span class='ocrx_word' id='word_1_1454' title='bbox 2263 2650 2377 2689; x_wconf 80' lang='lat' dir='ltr'>valent,</span> 
     </span>
     <span class='ocr_line' id='line_1_169' title="bbox 1306 2686 2378 2727; baseline 0.002 -9"><span class='ocrx_word' id='word_1_1455' title='bbox 1306 2699 1359 2719; x_wconf 87' lang='lat' dir='ltr'>nec</span> <span class='ocrx_word' id='word_1_1456' title='bbox 1381 2689 1458 2727; x_wconf 86' lang='lat' dir='ltr'>sunt,</span> <span class='ocrx_word' id='word_1_1457' title='bbox 1476 2698 1523 2720; x_wconf 80' lang='lat' dir='ltr'>aut</span> <span class='ocrx_word' id='word_1_1458' title='bbox 1542 2689 1672 2727; x_wconf 90' lang='lat' dir='ltr'>fuerunt,</span> <span class='ocrx_word' id='word_1_1459' title='bbox 1697 2688 1814 2726; x_wconf 85' lang='lat' dir='ltr'>alicujus</span> <span class='ocrx_word' id='word_1_1460' title='bbox 1835 2687 2021 2718; x_wconf 63' lang='lat' dir='ltr'>Auctoritatis</span> <span class='ocrx_word' id='word_1_1461' title='bbox 2034 2710 2045 2726; x_wconf 86' lang='lat'>,</span> <span class='ocrx_word' id='word_1_1462' title='bbox 2069 2686 2214 2727; x_wconf 85' lang='lat' dir='ltr'>Roboris,</span> <span class='ocrx_word' id='word_1_1463' title='bbox 2238 2689 2284 2721; x_wconf 92' lang='lat' dir='ltr'>vel</span> <span class='ocrx_word' id='word_1_1464' title='bbox 2303 2687 2378 2720; x_wconf 83' lang='lat' dir='ltr'>Mo·</span> 
     </span>
     <span class='ocr_line' id='line_1_170' title="bbox 1308 2736 1399 2757; baseline 0 0"><span class='ocrx_word' id='word_1_1465' title='bbox 1308 2736 1399 2757; x_wconf 83' lang='lat' dir='ltr'>menti</span> 
     </span>
    </p>

    <p class='ocr_par' dir='ltr' id='par_1_27' title="bbox 1306 2751 2380 3036">
     <span class='ocr_line' id='line_1_171' title="bbox 1345 2751 2380 2806; baseline 0.002 -10"><span class='ocrx_word' id='word_1_1466' title='bbox 1345 2751 1494 2804; x_wconf 69' lang='lat' dir='ltr'>Quodque</span> <span class='ocrx_word' id='word_1_1467' title='bbox 1509 2764 1583 2796; x_wconf 88' lang='lat' dir='ltr'>Tibi</span> <span class='ocrx_word' id='word_1_1468' title='bbox 1604 2764 1793 2803; x_wconf 89' lang='lat' dir='ltr'>periculosum</span> <span class='ocrx_word' id='word_1_1469' title='bbox 1808 2763 1867 2799; x_wconf 65' lang='lat' dir='ltr'>est,</span> <span class='ocrx_word' id='word_1_1470' title='bbox 1886 2775 1920 2796; x_wconf 87' lang='lat' dir='ltr'>ac</span> <span class='ocrx_word' id='word_1_1471' title='bbox 1935 2764 2129 2804; x_wconf 86' lang='lat' dir='ltr'>multipliciter</span> <span class='ocrx_word' id='word_1_1472' title='bbox 2142 2764 2380 2806; x_wconf 66' lang='lat' dir='ltr'>formidandum,</span> 
     </span>
     <span class='ocr_line' id='line_1_172' title="bbox 1306 2803 2380 2843; baseline 0.002 -8"><span class='ocrx_word' id='word_1_1473' title='bbox 1306 2803 1354 2835; x_wconf 92' lang='lat' dir='ltr'>Te</span> <span class='ocrx_word' id='word_1_1474' title='bbox 1379 2803 1523 2835; x_wconf 87' lang='lat' dir='ltr'>bellorum</span> <span class='ocrx_word' id='word_1_1475' title='bbox 1543 2803 1668 2834; x_wconf 89' lang='lat' dir='ltr'>subicere</span> <span class='ocrx_word' id='word_1_1476' title='bbox 1688 2803 1927 2842; x_wconf 78' lang='lat' dir='ltr'>Discriminibus,</span> <span class='ocrx_word' id='word_1_1477' title='bbox 1947 2804 2076 2834; x_wconf 78' lang='lat' dir='ltr'>maxime</span> <span class='ocrx_word' id='word_1_1478' title='bbox 2099 2803 2118 2834; x_wconf 87' lang='lat' dir='ltr'>fi</span> <span class='ocrx_word' id='word_1_1479' title='bbox 2133 2803 2200 2835; x_wconf 69' lang='lat' dir='ltr'>esses</span> <span class='ocrx_word' id='word_1_1480' title='bbox 2215 2804 2380 2843; x_wconf 74' lang='lat' dir='ltr'>supmdiffis</span> 
     </span>
     <span class='ocr_line' id='line_1_173' title="bbox 1307 2841 2379 2883; baseline 0.002 -10"><span class='ocrx_word' id='word_1_1481' title='bbox 1307 2842 1505 2880; x_wconf 80' lang='lat' dir='ltr'>Processibus,</span> <span class='ocrx_word' id='word_1_1482' title='bbox 1523 2841 1636 2880; x_wconf 72' lang='lat' dir='ltr'>Poenis,</span> <span class='ocrx_word' id='word_1_1483' title='bbox 1656 2843 1689 2874; x_wconf 92' lang='lat'>&amp;</span> <span class='ocrx_word' id='word_1_1484' title='bbox 1712 2842 1863 2872; x_wconf 86' lang='lat' dir='ltr'>Sententiis</span> <span class='ocrx_word' id='word_1_1485' title='bbox 1887 2843 1921 2879; x_wconf 85' lang='lat' dir='ltr'>(a</span> <span class='ocrx_word' id='word_1_1486' title='bbox 1939 2842 2042 2882; x_wconf 88' lang='lat' dir='ltr'>quibus</span> <span class='ocrx_word' id='word_1_1487' title='bbox 2062 2842 2175 2873; x_wconf 83' lang='lat' dir='ltr'>liberati</span> <span class='ocrx_word' id='word_1_1488' title='bbox 2194 2853 2253 2874; x_wconf 92' lang='lat' dir='ltr'>non</span> <span class='ocrx_word' id='word_1_1489' title='bbox 2267 2843 2379 2883; x_wconf 67' lang='lat' dir='ltr'>posses,</span> 
     </span>
     <span class='ocr_line' id='line_1_174' title="bbox 1306 2880 2376 2921; baseline 0.002 -9"><span class='ocrx_word' id='word_1_1490' title='bbox 1306 2883 1356 2912; x_wconf 81' lang='lat' dir='ltr'>niii</span> <span class='ocrx_word' id='word_1_1491' title='bbox 1377 2881 1521 2912; x_wconf 83' lang='lat' dir='ltr'>dumtaxat</span> <span class='ocrx_word' id='word_1_1492' title='bbox 1542 2891 1591 2919; x_wconf 85' lang='lat' dir='ltr'>per</span> <span class='ocrx_word' id='word_1_1493' title='bbox 1603 2881 1710 2911; x_wconf 88' lang='lat' dir='ltr'>Sedem</span> <span class='ocrx_word' id='word_1_1494' title='bbox 1729 2880 1946 2920; x_wconf 85' lang='lat' dir='ltr'>Apostolicam,</span> <span class='ocrx_word' id='word_1_1495' title='bbox 1959 2891 2025 2921; x_wconf 83' lang='lat' dir='ltr'>quae</span> <span class='ocrx_word' id='word_1_1496' title='bbox 2041 2881 2262 2912; x_wconf 86' lang='lat' dir='ltr'>Absolutionem</span> <span class='ocrx_word' id='word_1_1497' title='bbox 2277 2892 2376 2914; x_wconf 85' lang='lat' dir='ltr'>earum</span> 
     </span>
     <span class='ocr_line' id='line_1_175' title="bbox 1307 2919 2378 2958; baseline 0.003 -8"><span class='ocrx_word' id='word_1_1498' title='bbox 1307 2920 1357 2950; x_wconf 91' lang='lat' dir='ltr'>sibi</span> <span class='ocrx_word' id='word_1_1499' title='bbox 1375 2920 1499 2958; x_wconf 75' lang='lat' dir='ltr'>expresse</span> <span class='ocrx_word' id='word_1_1500' title='bbox 1520 2921 1651 2955; x_wconf 86' lang='lat' dir='ltr'>retinuit)</span> <span class='ocrx_word' id='word_1_1501' title='bbox 1670 2920 1802 2950; x_wconf 80' lang='lat' dir='ltr'>involutis</span> <span class='ocrx_word' id='word_1_1502' title='bbox 1833 2930 1867 2950; x_wconf 91' lang='lat' dir='ltr'>ac</span> <span class='ocrx_word' id='word_1_1503' title='bbox 1886 2919 1956 2950; x_wconf 91' lang='lat' dir='ltr'>Deo</span> <span class='ocrx_word' id='word_1_1504' title='bbox 1969 2920 2004 2951; x_wconf 88' lang='lat'>&amp;</span> <span class='ocrx_word' id='word_1_1505' title='bbox 2019 2919 2142 2958; x_wconf 81' lang='lat' dir='ltr'>eiusdem</span> <span class='ocrx_word' id='word_1_1506' title='bbox 2157 2919 2302 2951; x_wconf 73' lang='lat' dir='ltr'>Roman-&lt;e</span> <span class='ocrx_word' id='word_1_1507' title='bbox 2315 2921 2378 2953; x_wconf 91' lang='lat' dir='ltr'>Ec-</span> 
     </span>
     <span class='ocr_line' id='line_1_176' title="bbox 1307 2943 2375 2998; baseline 0.002 -9"><span class='ocrx_word' id='word_1_1508' title='bbox 1307 2959 1397 2989; x_wconf 83' lang='lat' dir='ltr'>clesiae</span> <span class='ocrx_word' id='word_1_1509' title='bbox 1421 2958 1587 2989; x_wconf 86' lang='lat' dir='ltr'>Persecutor</span> <span class='ocrx_word' id='word_1_1510' title='bbox 1607 2959 1641 2989; x_wconf 90' lang='lat'>&amp;</span> <span class='ocrx_word' id='word_1_1511' title='bbox 1655 2957 1758 2989; x_wconf 88' lang='lat' dir='ltr'>Hostis</span> <span class='ocrx_word' id='word_1_1512' title='bbox 1773 2943 1910 2998; x_wconf 64' lang='lat' dir='ltr'>efseeius,</span> <span class='ocrx_word' id='word_1_1513' title='bbox 1928 2960 1942 2989; x_wconf 76' lang='lat' dir='ltr'>a</span> <span class='ocrx_word' id='word_1_1514' title='bbox 1954 2959 2056 2998; x_wconf 89' lang='lat' dir='ltr'>quibus</span> <span class='ocrx_word' id='word_1_1515' title='bbox 2071 2967 2100 2990; x_wconf 88' lang='lat' dir='ltr'>te</span> <span class='ocrx_word' id='word_1_1516' title='bbox 2114 2957 2375 2991; x_wconf 81' lang='lat' dir='ltr'>Misericordiamm</span> 
     </span>
     <span class='ocr_line' id='line_1_177' title="bbox 1307 2997 1808 3036; baseline -0.002 -8"><span class='ocrx_word' id='word_1_1517' title='bbox 1307 2997 1456 3028; x_wconf 89' lang='lat' dir='ltr'>Dominus</span> <span class='ocrx_word' id='word_1_1518' title='bbox 1470 3005 1595 3036; x_wconf 83' lang='lat' dir='ltr'>protegat</span> <span class='ocrx_word' id='word_1_1519' title='bbox 1611 2998 1644 3028; x_wconf 93' lang='lat'>&amp;</span> <span class='ocrx_word' id='word_1_1520' title='bbox 1660 2997 1808 3035; x_wconf 88' lang='lat' dir='ltr'>defendat,</span> 
     </span>
    </p>

    <p class='ocr_par' dir='ltr' id='par_1_28' title="bbox 1307 3034 2377 3112">
     <span class='ocr_line' id='line_1_178' title="bbox 1346 3034 2377 3077; baseline 0.003 -11"><span class='ocrx_word' id='word_1_1521' title='bbox 1346 3034 1589 3074; x_wconf 57' lang='lat' dir='ltr'>consideransque</span> <span class='ocrx_word' id='word_1_1522' title='bbox 1608 3036 1756 3075; x_wconf 80' lang='lat' dir='ltr'>diligenter</span> <span class='ocrx_word' id='word_1_1523' title='bbox 1779 3036 1878 3074; x_wconf 78' lang='lat' dir='ltr'>quod,</span> <span class='ocrx_word' id='word_1_1524' title='bbox 1901 3036 1967 3066; x_wconf 86' lang='lat' dir='ltr'>licet</span> <span class='ocrx_word' id='word_1_1525' title='bbox 1988 3035 2161 3067; x_wconf 84' lang='lat' dir='ltr'>Humanum</span> <span class='ocrx_word' id='word_1_1526' title='bbox 2184 3035 2218 3066; x_wconf 85' lang='lat' dir='ltr'>fit</span> <span class='ocrx_word' id='word_1_1527' title='bbox 2238 3045 2377 3077; x_wconf 77' lang='lat' dir='ltr'>peecare,</span> 
     </span>
     <span class='ocr_line' id='line_1_179' title="bbox 1307 3073 2198 3112; baseline -0.002 -6"><span class='ocrx_word' id='word_1_1528' title='bbox 1307 3076 1338 3106; x_wconf 90' lang='lat' dir='ltr'>in</span> <span class='ocrx_word' id='word_1_1529' title='bbox 1352 3073 1481 3106; x_wconf 83' lang='lat' dir='ltr'>Peccatis</span> <span class='ocrx_word' id='word_1_1530' title='bbox 1493 3084 1588 3105; x_wconf 89' lang='lat' dir='ltr'>tamen</span> <span class='ocrx_word' id='word_1_1531' title='bbox 1603 3073 1807 3106; x_wconf 88' lang='lat' dir='ltr'>Perseverantia</span> <span class='ocrx_word' id='word_1_1532' title='bbox 1822 3074 1975 3105; x_wconf 84' lang='lat' dir='ltr'>Diabolica</span> <span class='ocrx_word' id='word_1_1533' title='bbox 1986 3073 2029 3104; x_wconf 92' lang='lat' dir='ltr'>est</span> <span class='ocrx_word' id='word_1_1534' title='bbox 2044 3073 2180 3104; x_wconf 87' lang='lat' dir='ltr'>censenda</span> <span class='ocrx_word' id='word_1_1535' title='bbox 2189 3099 2198 3112; x_wconf 85' lang='lat'>,</span> 
     </span>
    </p>

    <p class='ocr_par' dir='ltr' id='par_1_29' title="bbox 1306 3111 2376 3343">
     <span class='ocr_line' id='line_1_180' title="bbox 1345 3111 2372 3153; baseline 0.001 -9"><span class='ocrx_word' id='word_1_1536' title='bbox 1345 3113 1393 3144; x_wconf 92' lang='lat' dir='ltr'>Te</span> <span class='ocrx_word' id='word_1_1537' title='bbox 1414 3115 1428 3144; x_wconf 76' lang='lat' dir='ltr'>a</span> <span class='ocrx_word' id='word_1_1538' title='bbox 1451 3112 1594 3151; x_wconf 66' lang='lat' dir='ltr'>premiffis</span> <span class='ocrx_word' id='word_1_1539' title='bbox 1615 3116 1649 3145; x_wconf 77' lang='grc' dir='ltr'>δε</span> <span class='ocrx_word' id='word_1_1540' title='bbox 1670 3113 1797 3153; x_wconf 68' lang='lat' dir='ltr'>lingulis,</span> <span class='ocrx_word' id='word_1_1541' title='bbox 1814 3113 1852 3143; x_wconf 86' lang='lat' dir='ltr'>sic</span> <span class='ocrx_word' id='word_1_1542' title='bbox 1871 3113 2015 3143; x_wconf 85' lang='lat' dir='ltr'>horrendis</span> <span class='ocrx_word' id='word_1_1543' title='bbox 2027 3111 2146 3151; x_wconf 87' lang='lat' dir='ltr'>Deviis,</span> <span class='ocrx_word' id='word_1_1544' title='bbox 2165 3112 2186 3142; x_wconf 90' lang='lat' dir='ltr'>si</span> <span class='ocrx_word' id='word_1_1545' title='bbox 2201 3112 2235 3142; x_wconf 88' lang='lat' dir='ltr'>ad</span> <span class='ocrx_word' id='word_1_1546' title='bbox 2253 3113 2298 3144; x_wconf 89' lang='lat' dir='ltr'>illa</span> <span class='ocrx_word' id='word_1_1547' title='bbox 2312 3113 2372 3145; x_wconf 85' lang='lat' dir='ltr'>for-</span> 
     </span>
     <span class='ocr_line' id='line_1_181' title="bbox 1306 3150 2372 3191; baseline 0.001 -9"><span class='ocrx_word' id='word_1_1548' title='bbox 1306 3152 1353 3182; x_wconf 89' lang='lat' dir='ltr'>san</span> <span class='ocrx_word' id='word_1_1549' title='bbox 1372 3152 1556 3183; x_wconf 84' lang='lat' dir='ltr'>declinaveris</span> <span class='ocrx_word' id='word_1_1550' title='bbox 1576 3151 1741 3191; x_wconf 88' lang='lat' dir='ltr'>Serpentina</span> <span class='ocrx_word' id='word_1_1551' title='bbox 1761 3151 1942 3188; x_wconf 86' lang='lat' dir='ltr'>Deceptione</span> <span class='ocrx_word' id='word_1_1552' title='bbox 1956 3150 2110 3187; x_wconf 69' lang='lat' dir='ltr'>Seduetus,</span> <span class='ocrx_word' id='word_1_1553' title='bbox 2125 3159 2276 3190; x_wconf 86' lang='lat' dir='ltr'>antequam</span> <span class='ocrx_word' id='word_1_1554' title='bbox 2292 3153 2372 3183; x_wconf 86' lang='lat' dir='ltr'>inva-</span> 
     </span>
     <span class='ocr_line' id='line_1_182' title="bbox 1307 3188 2372 3230; baseline 0 -9"><span class='ocrx_word' id='word_1_1555' title='bbox 1307 3191 1414 3221; x_wconf 90' lang='lat' dir='ltr'>lescant</span> <span class='ocrx_word' id='word_1_1556' title='bbox 1435 3189 1626 3230; x_wconf 84' lang='lat' dir='ltr'>pernitiosius,</span> <span class='ocrx_word' id='word_1_1557' title='bbox 1644 3190 1689 3220; x_wconf 89' lang='lat' dir='ltr'>seu</span> <span class='ocrx_word' id='word_1_1558' title='bbox 1709 3191 1738 3219; x_wconf 91' lang='lat' dir='ltr'>in</span> <span class='ocrx_word' id='word_1_1559' title='bbox 1761 3189 1916 3226; x_wconf 63' lang='lat' dir='ltr'>conspectu</span> <span class='ocrx_word' id='word_1_1560' title='bbox 1937 3188 1996 3219; x_wconf 87' lang='lat' dir='ltr'>Dei</span> <span class='ocrx_word' id='word_1_1561' title='bbox 2015 3189 2049 3219; x_wconf 92' lang='lat'>&amp;</span> <span class='ocrx_word' id='word_1_1562' title='bbox 2071 3189 2242 3220; x_wconf 88' lang='lat' dir='ltr'>Hominum</span> <span class='ocrx_word' id='word_1_1563' title='bbox 2256 3189 2372 3222; x_wconf 68' lang='lat' dir='ltr'>faetmnt</span> 
     </span>
     <span class='ocr_line' id='line_1_183' title="bbox 1306 3226 2373 3267; baseline 0.001 -8"><span class='ocrx_word' id='word_1_1564' title='bbox 1306 3230 1428 3259; x_wconf 79' lang='lat' dir='ltr'>deterius</span> <span class='ocrx_word' id='word_1_1565' title='bbox 1447 3230 1481 3260; x_wconf 70' lang='grc' dir='ltr'>ὃς</span> <span class='ocrx_word' id='word_1_1566' title='bbox 1504 3229 1661 3264; x_wconf 78' lang='lat' dir='ltr'>putrescant</span> <span class='ocrx_word' id='word_1_1567' title='bbox 1674 3251 1684 3264; x_wconf 83' lang='lat'>,</span> <span class='ocrx_word' id='word_1_1568' title='bbox 1706 3228 1806 3258; x_wconf 79' lang='lat' dir='ltr'>reiilire</span> <span class='ocrx_word' id='word_1_1569' title='bbox 1829 3228 1938 3265; x_wconf 89' lang='lat' dir='ltr'>penitus</span> <span class='ocrx_word' id='word_1_1570' title='bbox 1951 3250 1961 3266; x_wconf 90' lang='lat'>,</span> <span class='ocrx_word' id='word_1_1571' title='bbox 1985 3226 2128 3267; x_wconf 90' lang='lat' dir='ltr'>Pedesque</span> <span class='ocrx_word' id='word_1_1572' title='bbox 2144 3237 2208 3259; x_wconf 83' lang='lat' dir='ltr'>tuos</span> <span class='ocrx_word' id='word_1_1573' title='bbox 2228 3228 2262 3259; x_wconf 87' lang='lat' dir='ltr'>ad</span> <span class='ocrx_word' id='word_1_1574' title='bbox 2286 3229 2373 3260; x_wconf 88' lang='lat' dir='ltr'>Viam</span> 
     </span>
     <span class='ocr_line' id='line_1_184' title="bbox 1307 3265 2376 3307; baseline 0.001 -10"><span class='ocrx_word' id='word_1_1575' title='bbox 1307 3267 1433 3297; x_wconf 67' lang='lat' dir='ltr'>Restarn</span> <span class='ocrx_word' id='word_1_1576' title='bbox 1452 3291 1462 3305; x_wconf 90' lang='lat'>,</span> <span class='ocrx_word' id='word_1_1577' title='bbox 1488 3266 1556 3296; x_wconf 86' lang='lat' dir='ltr'>Deo</span> <span class='ocrx_word' id='word_1_1578' title='bbox 1578 3266 1716 3303; x_wconf 85' lang='lat' dir='ltr'>placidam</span> <span class='ocrx_word' id='word_1_1579' title='bbox 1730 3288 1740 3302; x_wconf 84' lang='lat'>,</span> <span class='ocrx_word' id='word_1_1580' title='bbox 1764 3275 1798 3295; x_wconf 84' lang='lat' dir='ltr'>ac</span> <span class='ocrx_word' id='word_1_1581' title='bbox 1821 3266 1891 3305; x_wconf 82' lang='lat' dir='ltr'>tuis,</span> <span class='ocrx_word' id='word_1_1582' title='bbox 1917 3265 2025 3304; x_wconf 90' lang='lat' dir='ltr'>Statui,</span> <span class='ocrx_word' id='word_1_1583' title='bbox 2050 3266 2157 3306; x_wconf 87' lang='lat' dir='ltr'>Saluti,</span> <span class='ocrx_word' id='word_1_1584' title='bbox 2182 3267 2216 3298; x_wconf 89' lang='lat'>&amp;</span> <span class='ocrx_word' id='word_1_1585' title='bbox 2238 3266 2376 3307; x_wconf 86' lang='lat' dir='ltr'>Honori,</span> 
     </span>
     <span class='ocr_line' id='line_1_185' title="bbox 1307 3304 1816 3343; baseline -0.006 -7"><span class='ocrx_word' id='word_1_1586' title='bbox 1307 3314 1480 3342; x_wconf 79' lang='lat' dir='ltr'>congruam,</span> <span class='ocrx_word' id='word_1_1587' title='bbox 1497 3304 1618 3342; x_wconf 81' lang='lat' dir='ltr'>dirigere</span> <span class='ocrx_word' id='word_1_1588' title='bbox 1630 3304 1799 3343; x_wconf 80' lang='lat' dir='ltr'>quantocius</span> <span class='ocrx_word' id='word_1_1589' title='bbox 1807 3326 1816 3341; x_wconf 89' lang='lat'>,</span> 
     </span>
    </p>

    <p class='ocr_par' dir='ltr' id='par_1_30' title="bbox 1305 3342 2375 3489">
     <span class='ocr_line' id='line_1_186' title="bbox 1344 3342 2375 3385; baseline 0.001 -11"><span class='ocrx_word' id='word_1_1590' title='bbox 1344 3342 1421 3375; x_wconf 90' lang='lat' dir='ltr'>Non</span> <span class='ocrx_word' id='word_1_1591' title='bbox 1446 3343 1615 3383; x_wconf 89' lang='lat' dir='ltr'>postponas‚·</span> <span class='ocrx_word' id='word_1_1592' title='bbox 1633 3343 1804 3373; x_wconf 90' lang='lat' dir='ltr'>eorumdem</span> <span class='ocrx_word' id='word_1_1593' title='bbox 1825 3342 2020 3375; x_wconf 90' lang='lat' dir='ltr'>Cardinalium</span> <span class='ocrx_word' id='word_1_1594' title='bbox 2055 3344 2105 3384; x_wconf 86' lang='lat' dir='ltr'>qui</span> <span class='ocrx_word' id='word_1_1595' title='bbox 2123 3342 2176 3375; x_wconf 87' lang='lat' dir='ltr'>Te</span> <span class='ocrx_word' id='word_1_1596' title='bbox 2207 3342 2375 3385; x_wconf 80' lang='lat' dir='ltr'>Stati&#39;imque</span> 
     </span>
     <span class='ocr_line' id='line_1_187' title="bbox 1305 3366 2375 3420; baseline 0.003 -9"><span class='ocrx_word' id='word_1_1597' title='bbox 1305 3389 1406 3418; x_wconf 84' lang='lat' dir='ltr'>tuum,</span> <span class='ocrx_word' id='word_1_1598' title='bbox 1426 3381 1531 3412; x_wconf 81' lang='lat' dir='ltr'>sincere</span> <span class='ocrx_word' id='word_1_1599' title='bbox 1545 3381 1685 3419; x_wconf 85' lang='lat' dir='ltr'>diligunt,</span> <span class='ocrx_word' id='word_1_1600' title='bbox 1698 3381 1776 3420; x_wconf 88' lang='lat' dir='ltr'>super</span> <span class='ocrx_word' id='word_1_1601' title='bbox 1791 3381 1992 3412; x_wconf 86' lang='lat' dir='ltr'>reformatione</span> <span class='ocrx_word' id='word_1_1602' title='bbox 2032 3384 2088 3413; x_wconf 86' lang='lat' dir='ltr'>acis</span> <span class='ocrx_word' id='word_1_1603' title='bbox 2099 3383 2172 3413; x_wconf 86' lang='lat' dir='ltr'>inter</span> <span class='ocrx_word' id='word_1_1604' title='bbox 2179 3366 2232 3413; x_wconf 63' lang='grc' dir='ltr'>ξΓιε·</span> <span class='ocrx_word' id='word_1_1605' title='bbox 2245 3381 2375 3414; x_wconf 67' lang='lat' dir='ltr'>dietum·-</span> 
     </span>
     <span class='ocr_line' id='line_1_188' title="bbox 1307 3419 2373 3488; baseline 0.002 -38"><span class='ocrx_word' id='word_1_1606' title='bbox 1307 3430 1363 3457; x_wconf 91' lang='lat' dir='ltr'>que</span> <span class='ocrx_word' id='word_1_1607' title='bbox 1383 3420 1497 3488; x_wconf 56' lang='lat' dir='ltr'>ngem</span> <span class='ocrx_word' id='word_1_1608' title='bbox 1515 3429 1640 3458; x_wconf 87' lang='lat' dir='ltr'>mutuae,</span> <span class='ocrx_word' id='word_1_1609' title='bbox 1659 3419 1782 3458; x_wconf 85' lang='lat' dir='ltr'>placibili</span> <span class='ocrx_word' id='word_1_1610' title='bbox 1797 3419 1883 3458; x_wconf 82' lang='lat' dir='ltr'>Deo,</span> <span class='ocrx_word' id='word_1_1611' title='bbox 1898 3421 1931 3452; x_wconf 94' lang='lat'>&amp;</span> <span class='ocrx_word' id='word_1_1612' title='bbox 1947 3420 2128 3452; x_wconf 87' lang='lat' dir='ltr'>Hominibus</span> <span class='ocrx_word' id='word_1_1613' title='bbox 2138 3421 2269 3460; x_wconf 87' lang='lat' dir='ltr'>amabili,</span> <span class='ocrx_word' id='word_1_1614' title='bbox 2285 3419 2373 3459; x_wconf 69' lang='lat' dir='ltr'>opera</span> 
     </span>
     <span class='ocr_line' id='line_1_189' title="bbox 1306 3468 1491 3489; baseline 0 -1"><span class='ocrx_word' id='word_1_1615' title='bbox 1306 3469 1339 3489; x_wconf 86' lang='lat' dir='ltr'>ac</span> <span class='ocrx_word' id='word_1_1616' title='bbox 1362 3468 1407 3488; x_wconf 78' lang='lat' dir='ltr'>uie</span> <span class='ocrx_word' id='word_1_1617' title='bbox 1418 3468 1491 3489; x_wconf 79' lang='lat' dir='ltr'>cens.</span> 
     </span>
    </p>

    <p class='ocr_par' dir='ltr' id='par_1_31' title="bbox 1306 3469 2408 4076">
     <span class='ocr_line' id='line_1_190' title="bbox 1342 3469 2373 3542; baseline 0.001 -16"><span class='ocrx_word' id='word_1_1618' title='bbox 1342 3469 1463 3527; x_wconf 57' lang='lat' dir='ltr'>Si&#39;idetur</span> <span class='ocrx_word' id='word_1_1619' title='bbox 1483 3496 1615 3536; x_wconf 87' lang='lat' dir='ltr'>equidem</span> <span class='ocrx_word' id='word_1_1620' title='bbox 1633 3497 1732 3536; x_wconf 77' lang='lat' dir='ltr'>quod,</span> <span class='ocrx_word' id='word_1_1621' title='bbox 1756 3497 1864 3528; x_wconf 78' lang='lat' dir='ltr'>etiamsi</span> <span class='ocrx_word' id='word_1_1622' title='bbox 1883 3497 2015 3538; x_wconf 74' lang='lat' dir='ltr'>praediffi</span> <span class='ocrx_word' id='word_1_1623' title='bbox 2038 3499 2054 3529; x_wconf 72' lang='lat' dir='ltr'>a</span> <span class='ocrx_word' id='word_1_1624' title='bbox 2074 3507 2145 3529; x_wconf 84' lang='lat' dir='ltr'>vero</span> <span class='ocrx_word' id='word_1_1625' title='bbox 2163 3498 2198 3529; x_wconf 91' lang='lat'>&amp;</span> <span class='ocrx_word' id='word_1_1626' title='bbox 2217 3496 2373 3542; x_wconf 71' lang='lat' dir='ltr'>Catholico</span> 
     </span>
     <span class='ocr_line' id='line_1_191' title="bbox 1308 3533 2371 3573; baseline 0.001 -9"><span class='ocrx_word' id='word_1_1627' title='bbox 1308 3533 1482 3573; x_wconf 86' lang='lat' dir='ltr'>Imperatore</span> <span class='ocrx_word' id='word_1_1628' title='bbox 1509 3537 1544 3567; x_wconf 82' lang='lat' dir='ltr'>(ii</span> <span class='ocrx_word' id='word_1_1629' title='bbox 1566 3535 1652 3573; x_wconf 80' lang='lat' dir='ltr'>effer)</span> <span class='ocrx_word' id='word_1_1630' title='bbox 1682 3537 1765 3566; x_wconf 89' lang='lat' dir='ltr'>alicui</span> <span class='ocrx_word' id='word_1_1631' title='bbox 1793 3535 2066 3568; x_wconf 75' lang='lat' dir='ltr'>VICARIATUS</span> <span class='ocrx_word' id='word_1_1632' title='bbox 2096 3536 2199 3568; x_wconf 81' lang='lat' dir='ltr'>valeret</span> <span class='ocrx_word' id='word_1_1633' title='bbox 2224 3534 2371 3566; x_wconf 88' lang='lat' dir='ltr'>Officium</span> 
     </span>
     <span class='ocr_line' id='line_1_192' title="bbox 1306 3572 2372 3614; baseline 0.001 -11"><span class='ocrx_word' id='word_1_1634' title='bbox 1306 3573 1450 3613; x_wconf 82' lang='lat' dir='ltr'>assignari,</span> <span class='ocrx_word' id='word_1_1635' title='bbox 1468 3572 1558 3604; x_wconf 87' lang='lat' dir='ltr'>adhuc</span> <span class='ocrx_word' id='word_1_1636' title='bbox 1580 3583 1677 3604; x_wconf 85' lang='lat' dir='ltr'>tamen</span> <span class='ocrx_word' id='word_1_1637' title='bbox 1700 3583 1782 3605; x_wconf 88' lang='lat' dir='ltr'>tuum</span> <span class='ocrx_word' id='word_1_1638' title='bbox 1805 3575 1872 3613; x_wconf 84' lang='lat' dir='ltr'>(qui</span> <span class='ocrx_word' id='word_1_1639' title='bbox 1885 3576 1946 3605; x_wconf 76' lang='lat' dir='ltr'>tam</span> <span class='ocrx_word' id='word_1_1640' title='bbox 2039 3585 2090 3605; x_wconf 87' lang='lat' dir='ltr'>nus</span> <span class='ocrx_word' id='word_1_1641' title='bbox 2101 3572 2248 3614; x_wconf 74' lang='lat' dir='ltr'>tantusque</span> <span class='ocrx_word' id='word_1_1642' title='bbox 2259 3573 2324 3604; x_wconf 82' lang='lat' dir='ltr'>Rex</span> <span class='ocrx_word' id='word_1_1643' title='bbox 2335 3573 2372 3604; x_wconf 85' lang='lat'>&amp;</span> 
     </span>
     <span class='ocr_line' id='line_1_193' title="bbox 1308 3610 2371 3652; baseline 0.001 -12"><span class='ocrx_word' id='word_1_1644' title='bbox 1308 3610 1444 3650; x_wconf 78' lang='lat' dir='ltr'>Princeps</span> <span class='ocrx_word' id='word_1_1645' title='bbox 1466 3610 1574 3650; x_wconf 80' lang='lat' dir='ltr'>existis,</span> <span class='ocrx_word' id='word_1_1646' title='bbox 1591 3613 1737 3652; x_wconf 80' lang='lat' dir='ltr'>tantosque</span> <span class='ocrx_word' id='word_1_1647' title='bbox 1756 3614 1876 3643; x_wconf 88' lang='lat' dir='ltr'>nomine</span> <span class='ocrx_word' id='word_1_1648' title='bbox 1897 3624 1931 3644; x_wconf 85' lang='lat' dir='ltr'>ac</span> <span class='ocrx_word' id='word_1_1649' title='bbox 1954 3613 2057 3644; x_wconf 90' lang='lat' dir='ltr'>Tituo</span> <span class='ocrx_word' id='word_1_1650' title='bbox 2069 3612 2166 3652; x_wconf 88' lang='lat' dir='ltr'>Regio</span> <span class='ocrx_word' id='word_1_1651' title='bbox 2177 3611 2293 3643; x_wconf 81' lang='lat' dir='ltr'>existere</span> <span class='ocrx_word' id='word_1_1652' title='bbox 2306 3613 2371 3641; x_wconf 91' lang='lat' dir='ltr'>nos-</span> 
     </span>
     <span class='ocr_line' id='line_1_194' title="bbox 1307 3649 2371 3692; baseline -0.001 -12"><span class='ocrx_word' id='word_1_1653' title='bbox 1307 3652 1376 3680; x_wconf 79' lang='lat' dir='ltr'>ceris</span> <span class='ocrx_word' id='word_1_1654' title='bbox 1400 3650 1542 3689; x_wconf 78' lang='lat' dir='ltr'>insignitus</span> <span class='ocrx_word' id='word_1_1655' title='bbox 1558 3652 1587 3681; x_wconf 90' lang='lat' dir='ltr'>in</span> <span class='ocrx_word' id='word_1_1656' title='bbox 1602 3649 1701 3686; x_wconf 86' lang='lat' dir='ltr'>Orbe)</span> <span class='ocrx_word' id='word_1_1657' title='bbox 1721 3661 1781 3681; x_wconf 91' lang='lat' dir='ltr'>non</span> <span class='ocrx_word' id='word_1_1658' title='bbox 1796 3651 1909 3682; x_wconf 88' lang='lat' dir='ltr'>deceret</span> <span class='ocrx_word' id='word_1_1659' title='bbox 1921 3651 2095 3690; x_wconf 88' lang='lat' dir='ltr'>Honorem,</span> <span class='ocrx_word' id='word_1_1660' title='bbox 2116 3651 2196 3692; x_wconf 77' lang='lat' dir='ltr'>quod</span> <span class='ocrx_word' id='word_1_1661' title='bbox 2210 3651 2371 3681; x_wconf 88' lang='lat' dir='ltr'>nominare-</span> 
     </span>
     <span class='ocr_line' id='line_1_195' title="bbox 1308 3688 2372 3728; baseline 0.001 -10"><span class='ocrx_word' id='word_1_1662' title='bbox 1308 3689 1344 3718; x_wconf 66' lang='grc' dir='ltr'>τὶς</span> <span class='ocrx_word' id='word_1_1663' title='bbox 1364 3688 1409 3718; x_wconf 86' lang='lat' dir='ltr'>Vi</span> <span class='ocrx_word' id='word_1_1664' title='bbox 1420 3698 1436 3718; x_wconf 93' lang='lat' dir='ltr'>c</span> <span class='ocrx_word' id='word_1_1665' title='bbox 1446 3697 1496 3718; x_wconf 78' lang='lat' dir='ltr'>AR</span> <span class='ocrx_word' id='word_1_1666' title='bbox 1506 3697 1549 3718; x_wconf 81' lang='lat' dir='ltr'>Iu</span> <span class='ocrx_word' id='word_1_1667' title='bbox 1560 3698 1573 3719; x_wconf 90' lang='lat' dir='ltr'>s</span> <span class='ocrx_word' id='word_1_1668' title='bbox 1591 3689 1703 3726; x_wconf 88' lang='lat' dir='ltr'>alicujus</span> <span class='ocrx_word' id='word_1_1669' title='bbox 1720 3689 1843 3720; x_wconf 89' lang='lat' dir='ltr'>Domini</span> <span class='ocrx_word' id='word_1_1670' title='bbox 1857 3689 2055 3728; x_wconf 83' lang='lat' dir='ltr'>Temporalis:,</span> <span class='ocrx_word' id='word_1_1671' title='bbox 2074 3697 2182 3728; x_wconf 86' lang='lat' dir='ltr'>quanto</span> <span class='ocrx_word' id='word_1_1672' title='bbox 2195 3689 2288 3718; x_wconf 86' lang='lat' dir='ltr'>minus</span> <span class='ocrx_word' id='word_1_1673' title='bbox 2302 3697 2372 3728; x_wconf 90' lang='lat' dir='ltr'>ergo</span> 
     </span>
     <span class='ocr_line' id='line_1_196' title="bbox 1307 3727 2372 3771; baseline 0.001 -15"><span class='ocrx_word' id='word_1_1674' title='bbox 1307 3735 1385 3757; x_wconf 77' lang='lat' dir='ltr'>tuam</span> <span class='ocrx_word' id='word_1_1675' title='bbox 1407 3727 1519 3766; x_wconf 80' lang='lat' dir='ltr'>decuit,</span> <span class='ocrx_word' id='word_1_1676' title='bbox 1537 3727 1583 3757; x_wconf 90' lang='lat' dir='ltr'>vel</span> <span class='ocrx_word' id='word_1_1677' title='bbox 1597 3727 1696 3766; x_wconf 88' lang='lat' dir='ltr'>decet,</span> <span class='ocrx_word' id='word_1_1678' title='bbox 1713 3727 1934 3766; x_wconf 88' lang='lat' dir='ltr'>Excellentiam,</span> <span class='ocrx_word' id='word_1_1679' title='bbox 1953 3729 2021 3758; x_wconf 87' lang='lat' dir='ltr'>illius</span> <span class='ocrx_word' id='word_1_1680' title='bbox 2034 3727 2261 3770; x_wconf 61' lang='lat' dir='ltr'>VlcnnrvM</span> <span class='ocrx_word' id='word_1_1681' title='bbox 2278 3727 2372 3771; x_wconf 76' lang='lat' dir='ltr'>appel-</span> 
     </span>
     <span class='ocr_line' id='line_1_197' title="bbox 1307 3764 2374 3808; baseline 0.001 -14"><span class='ocrx_word' id='word_1_1682' title='bbox 1307 3764 1374 3803; x_wconf 87' lang='lat' dir='ltr'>lari,</span> <span class='ocrx_word' id='word_1_1683' title='bbox 1409 3767 1439 3795; x_wconf 89' lang='lat' dir='ltr'>ui</span> <span class='ocrx_word' id='word_1_1684' title='bbox 1463 3765 1642 3796; x_wconf 66' lang='lat' dir='ltr'>Auctoritate</span> <span class='ocrx_word' id='word_1_1685' title='bbox 1662 3765 1754 3804; x_wconf 75' lang='lat' dir='ltr'>nulla,</span> <span class='ocrx_word' id='word_1_1686' title='bbox 1771 3766 1842 3797; x_wconf 90' lang='lat' dir='ltr'>sicut</span> <span class='ocrx_word' id='word_1_1687' title='bbox 1865 3766 2029 3804; x_wconf 83' lang='lat' dir='ltr'>expeditum</span> <span class='ocrx_word' id='word_1_1688' title='bbox 2044 3765 2085 3797; x_wconf 87' lang='lat' dir='ltr'>est</span> <span class='ocrx_word' id='word_1_1689' title='bbox 2097 3765 2128 3796; x_wconf 91' lang='lat' dir='ltr'>su</span> <span class='ocrx_word' id='word_1_1690' title='bbox 2149 3774 2240 3808; x_wconf 77' lang='lat' dir='ltr'>eriuS,</span> <span class='ocrx_word' id='word_1_1691' title='bbox 2257 3773 2374 3803; x_wconf 70' lang='lat' dir='ltr'>praemi-</span> 
     </span>
     <span class='ocr_line' id='line_1_198' title="bbox 1308 3804 2374 3846; baseline 0.002 -14"><span class='ocrx_word' id='word_1_1692' title='bbox 1308 3811 1375 3842; x_wconf 85' lang='lat' dir='ltr'>net,</span> <span class='ocrx_word' id='word_1_1693' title='bbox 1403 3814 1429 3834; x_wconf 91' lang='lat' dir='ltr'>et</span> <span class='ocrx_word' id='word_1_1694' title='bbox 1445 3813 1498 3841; x_wconf 82' lang='lat' dir='ltr'>pro</span> <span class='ocrx_word' id='word_1_1695' title='bbox 1507 3804 1604 3835; x_wconf 79' lang='lat' dir='ltr'>dolor!</span> <span class='ocrx_word' id='word_1_1696' title='bbox 1625 3813 1770 3835; x_wconf 87' lang='lat' dir='ltr'>tantorum</span> <span class='ocrx_word' id='word_1_1697' title='bbox 1785 3805 1877 3835; x_wconf 81' lang='lat' dir='ltr'>existit</span> <span class='ocrx_word' id='word_1_1698' title='bbox 1888 3804 2023 3842; x_wconf 85' lang='lat' dir='ltr'>respersus</span> <span class='ocrx_word' id='word_1_1699' title='bbox 2036 3804 2099 3834; x_wconf 85' lang='lat' dir='ltr'>labe</span> <span class='ocrx_word' id='word_1_1700' title='bbox 2163 3811 2374 3846; x_wconf 49' lang='lat' dir='ltr'>mmumstam-</span> 
     </span>
     <span class='ocr_line' id='line_1_199' title="bbox 1307 3839 2408 3885; baseline 0.002 -14"><span class='ocrx_word' id='word_1_1701' title='bbox 1307 3850 1363 3879; x_wconf 86' lang='lat' dir='ltr'>que</span> <span class='ocrx_word' id='word_1_1702' title='bbox 1384 3840 1635 3879; x_wconf 18' lang='lat' dir='ltr'>gravibusrPoenis</span> <span class='ocrx_word' id='word_1_1703' title='bbox 1654 3843 1688 3874; x_wconf 92' lang='lat'>&amp;</span> <span class='ocrx_word' id='word_1_1704' title='bbox 1710 3843 1875 3882; x_wconf 87' lang='lat' dir='ltr'>Sententiis,</span> <span class='ocrx_word' id='word_1_1705' title='bbox 1892 3853 1962 3874; x_wconf 89' lang='lat' dir='ltr'>curn</span> <span class='ocrx_word' id='word_1_1706' title='bbox 1984 3841 2120 3872; x_wconf 85' lang='lat' dir='ltr'>omnibus</span> <span class='ocrx_word' id='word_1_1707' title='bbox 2138 3839 2190 3870; x_wconf 79' lang='lat' dir='ltr'>fib!</span> <span class='ocrx_word' id='word_1_1708' title='bbox 2204 3840 2374 3873; x_wconf 78' lang='lat' dir='ltr'>adhaerenti-</span> <span class='ocrx_word' id='word_1_1709' title='bbox 2406 3883 2408 3885; x_wconf 66' lang='lat'>‚</span> 
     </span>
     <span class='ocr_line' id='line_1_200' title="bbox 1308 3876 2376 3920; baseline 0.002 -11"><span class='ocrx_word' id='word_1_1710' title='bbox 1308 3879 1377 3917; x_wconf 82' lang='lat' dir='ltr'>bns,</span> <span class='ocrx_word' id='word_1_1711' title='bbox 1399 3881 1580 3920; x_wconf 83' lang='lat' dir='ltr'>implicatus?</span> <span class='ocrx_word' id='word_1_1712' title='bbox 1604 3882 1736 3919; x_wconf 82' lang='lat' dir='ltr'>sciturus,</span> <span class='ocrx_word' id='word_1_1713' title='bbox 1762 3881 1816 3912; x_wconf 90' lang='lat' dir='ltr'>Fili</span> <span class='ocrx_word' id='word_1_1714' title='bbox 1856 3880 2060 3917; x_wconf 76' lang='lat' dir='ltr'>ammriffime,</span> <span class='ocrx_word' id='word_1_1715' title='bbox 2083 3876 2184 3917; x_wconf 70' lang='lat' dir='ltr'>quod,</span> <span class='ocrx_word' id='word_1_1716' title='bbox 2208 3879 2228 3909; x_wconf 89' lang='lat' dir='ltr'>fi</span> <span class='ocrx_word' id='word_1_1717' title='bbox 2250 3880 2376 3911; x_wconf 81' lang='lat' dir='ltr'>Monitis</span> 
     </span>
     <span class='ocr_line' id='line_1_201' title="bbox 1308 3904 2374 3962; baseline 0.003 -15"><span class='ocrx_word' id='word_1_1718' title='bbox 1308 3917 1416 3959; x_wconf 34' lang='lat' dir='ltr'>nostris,</span> <span class='ocrx_word' id='word_1_1719' title='bbox 1431 3919 1591 3956; x_wconf 87' lang='lat' dir='ltr'>hujusmodi</span> <span class='ocrx_word' id='word_1_1720' title='bbox 1613 3920 1773 3951; x_wconf 88' lang='lat' dir='ltr'>salutaribus</span> <span class='ocrx_word' id='word_1_1721' title='bbox 1794 3904 1968 3957; x_wconf 80' lang='lat' dir='ltr'>adquieveris</span> <span class='ocrx_word' id='word_1_1722' title='bbox 1989 3926 2059 3962; x_wconf 71' lang='lat' dir='ltr'>cum</span> <span class='ocrx_word' id='word_1_1723' title='bbox 2080 3914 2187 3948; x_wconf 65' lang='lat' dir='ltr'>effectu</span> <span class='ocrx_word' id='word_1_1724' title='bbox 2202 3940 2212 3956; x_wconf 89' lang='lat'>,</span> <span class='ocrx_word' id='word_1_1725' title='bbox 2235 3918 2309 3958; x_wconf 88' lang='lat' dir='ltr'>tibi,</span> <span class='ocrx_word' id='word_1_1726' title='bbox 2333 3918 2374 3950; x_wconf 85' lang='lat' dir='ltr'>fic</span> 
     </span>
     <span class='ocr_line' id='line_1_202' title="bbox 1308 3956 2376 4000; baseline 0.001 -14"><span class='ocrx_word' id='word_1_1727' title='bbox 1308 3956 1430 3995; x_wconf 75' lang='lat' dir='ltr'>impuno</span> <span class='ocrx_word' id='word_1_1728' title='bbox 1445 3967 1476 3988; x_wconf 86' lang='lat' dir='ltr'>ut</span> <span class='ocrx_word' id='word_1_1729' title='bbox 1489 3958 1617 3995; x_wconf 83' lang='lat' dir='ltr'>caderes,</span> <span class='ocrx_word' id='word_1_1730' title='bbox 1636 3956 1763 3990; x_wconf 90' lang='lat' dir='ltr'>Manum</span> <span class='ocrx_word' id='word_1_1731' title='bbox 1779 3958 1933 3996; x_wconf 85' lang='lat' dir='ltr'>benignam</span> <span class='ocrx_word' id='word_1_1732' title='bbox 1947 3963 2138 3994; x_wconf 84' lang='lat' dir='ltr'>porrigemus,</span> <span class='ocrx_word' id='word_1_1733' title='bbox 2151 3964 2291 4000; x_wconf 80' lang='lat' dir='ltr'>quantum</span> <span class='ocrx_word' id='word_1_1734' title='bbox 2304 3965 2376 3987; x_wconf 89' lang='lat' dir='ltr'>cum</span> 
     </span>
     <span class='ocr_line' id='line_1_203' title="bbox 1308 3992 2379 4037; baseline 0.003 -14"><span class='ocrx_word' id='word_1_1735' title='bbox 1308 3992 1378 4024; x_wconf 91' lang='lat' dir='ltr'>Deo</span> <span class='ocrx_word' id='word_1_1736' title='bbox 1397 3997 1572 4034; x_wconf 79' lang='lat' dir='ltr'>poterimus,</span> <span class='ocrx_word' id='word_1_1737' title='bbox 1589 3996 1800 4032; x_wconf 74' lang='lat' dir='ltr'>sublevantem,</span> <span class='ocrx_word' id='word_1_1738' title='bbox 1816 3996 1879 4025; x_wconf 82' lang='lat' dir='ltr'>alias</span> <span class='ocrx_word' id='word_1_1739' title='bbox 1900 4001 1996 4024; x_wconf 85' lang='lat' dir='ltr'>autem</span> <span class='ocrx_word' id='word_1_1740' title='bbox 2022 4002 2082 4037; x_wconf 79' lang='lat' dir='ltr'>non</span> <span class='ocrx_word' id='word_1_1741' title='bbox 2095 4001 2250 4032; x_wconf 87' lang='lat' dir='ltr'>poterimus</span> <span class='ocrx_word' id='word_1_1742' title='bbox 2263 3993 2379 4026; x_wconf 84' lang='lat' dir='ltr'>desiste-</span> 
     </span>
     <span class='ocr_line' id='line_1_204' title="bbox 1308 4029 2383 4076; baseline 0.003 -13"><span class='ocrx_word' id='word_1_1743' title='bbox 1308 4041 1354 4071; x_wconf 85' lang='lat' dir='ltr'>re,</span> <span class='ocrx_word' id='word_1_1744' title='bbox 1377 4033 1449 4064; x_wconf 64' lang='lat' dir='ltr'>etim</span> <span class='ocrx_word' id='word_1_1745' title='bbox 1470 4034 1500 4066; x_wconf 85' lang='lat' dir='ltr'>id</span> <span class='ocrx_word' id='word_1_1746' title='bbox 1518 4036 1534 4066; x_wconf 69' lang='lat' dir='ltr'>a</span> <span class='ocrx_word' id='word_1_1747' title='bbox 1551 4034 1636 4066; x_wconf 78' lang='lat' dir='ltr'>nobis</span> <span class='ocrx_word' id='word_1_1748' title='bbox 1655 4035 1747 4074; x_wconf 78' lang='lat' dir='ltr'>exigat</span> <span class='ocrx_word' id='word_1_1749' title='bbox 1768 4032 1912 4063; x_wconf 84' lang='lat' dir='ltr'>Officium</span> <span class='ocrx_word' id='word_1_1750' title='bbox 1932 4029 2109 4072; x_wconf 71' lang='lat' dir='ltr'>Apostoltcae</span> <span class='ocrx_word' id='word_1_1751' title='bbox 2134 4031 2298 4072; x_wconf 69' lang='lat' dir='ltr'>severitatis,</span> <span class='ocrx_word' id='word_1_1752' title='bbox 2310 4041 2383 4076; x_wconf 41' lang='lat' dir='ltr'>&#39;quo</span> 
     </span>
    </p>

    <p class='ocr_par' dir='ltr' id='par_1_32' title="bbox 2275 4079 2388 4110">
     <span class='ocr_line' id='line_1_205' title="bbox 2275 4079 2388 4110; baseline 0.018 -9"><span class='ocrx_word' id='word_1_1753' title='bbox 2275 4079 2388 4110; x_wconf 77' lang='lat' dir='ltr'>minus,</span> 
     </span>
    </p>
   </div>
   <div class='ocr_carea' id='block_1_11' title="bbox 1888 4168 1910 4175">
    <p class='ocr_par' dir='ltr' id='par_1_33' title="bbox 1888 4168 1910 4175">
     <span class='ocr_line' id='line_1_206' title="bbox 1888 4168 1910 4175; baseline 0 -2"><span class='ocrx_word' id='word_1_1754' title='bbox 1888 4168 1910 4175; x_wconf 46' lang='lat' dir='ltr'><em>V</em></span> 
     </span>
    </p>
   </div>
   <div class='ocr_carea' id='block_1_12' title="bbox 1682 290 2550 360">
    <p class='ocr_par' dir='ltr' id='par_1_34' title="bbox 1682 290 2550 360">
     <span class='ocr_line' id='line_1_207' title="bbox 1682 290 2550 360; baseline 0.001 -39"><span class='ocrx_word' id='word_1_1755' title='bbox 1682 291 1818 360; x_wconf 59' lang='lat' dir='ltr'>ilpsiusque</span> <span class='ocrx_word' id='word_1_1756' title='bbox 1832 291 1967 322; x_wconf 82' lang='lat' dir='ltr'>Ecclesiae</span> <span class='ocrx_word' id='word_1_1757' title='bbox 1982 290 2127 323; x_wconf 83' lang='lat' dir='ltr'>Romanae</span> <span class='ocrx_word' id='word_1_1758' title='bbox 2141 292 2292 332; x_wconf 78' lang='lat' dir='ltr'>inimicos,</span> <span class='ocrx_word' id='word_1_1759' title='bbox 2310 303 2360 332; x_wconf 63' lang='lat' dir='ltr'>Qu</span> <span class='ocrx_word' id='word_1_1760' title='bbox 2371 303 2383 325; x_wconf 89' lang='lat'>1</span> <span class='ocrx_word' id='word_1_1761' title='bbox 2402 290 2470 315; x_wconf 55' lang='grc' dir='ltr'>ΕΜ-</span> <span class='ocrx_word' id='word_1_1762' title='bbox 2493 297 2522 322; x_wconf 83' lang='lat'>3·</span> <span class='ocrx_word' id='word_1_1763' title='bbox 2542 307 2550 313; x_wconf 81' lang='lat'><strong>·</strong></span> 
     </span>
    </p>
   </div>
   <div class='ocr_carea' id='block_1_13' title="bbox 2369 2169 2534 2207">
    <p class='ocr_par' dir='ltr' id='par_1_35' title="bbox 2369 2169 2534 2207">
     <span class='ocr_line' id='line_1_208' title="bbox 2369 2169 2534 2207; baseline 0 -8"><span class='ocrx_word' id='word_1_1764' title='bbox 2369 2169 2534 2207; x_wconf 69' lang='lat' dir='ltr'>²*V.91.{</span> 
     </span>
    </p>
   </div>
  </div>
 </body>
</html>
