2562 4279
154 126 233 163 116
628 111 1410 163 CONVENTIONES‚

0 202 75 234 Arm-
87 200 128 231 D·
142 207 237 247 cessii,
253 207 436 238 Excercitum
457 205 538 236 suum
559 211 658 234 contra
676 211 728 233 nos
747 202 917 241 congregari
929 202 1050 240 fecerat,
1068 200 1103 232 ad
1115 209 1205 231 occu-

17 249 29 270 ¹
38 249 103 280 324·
142 248 270 285 pandum
286 246 435 276 Ducatum
449 242 579 274 nostrum
595 241 769 280 Aquitaniae,
787 241 820 272 ὃς
834 241 897 272 alias
911 240 1015 272 Terras
1027 240 1148 277 nostras,
1162 241 1206 269 in-

0 280 61 307 ΕᾸῊ-
79 289 106 309 2·
140 286 181 316 fra
198 284 372 315 Dominium
385 283 486 319 suum,
504 279 621 318 Causas,
640 290 706 319 quas
718 279 768 309 sibi
781 280 903 317 placuit,
921 280 1000 318 super
1013 280 1070 309 hoc
1086 279 1207 316 allegan-

139 325 196 360 do,
215 325 264 360 &,
282 330 395 359 petente
414 330 444 352 ut
464 319 542 351 idem
565 318 711 350 Dominus
732 317 857 349 summus
878 318 1010 350 Pontifex
1022 318 1101 357 ipsius
1115 315 1207 354 Regis

140 363 247 393 factum
262 361 430 399 approbare,
449 360 530 399 eique
542 359 571 387 in
585 357 643 388 hoc
657 356 778 388 affistere
790 358 969 396 dignaretur,

181 399 279 430 Vestra
299 400 444 429 .iinceritas
469 396 594 434 (caeteris
613 397 788 432 tacentibus)
807 404 912 426 tantam
933 395 1059 426 nostram
1082 404 1141 425 non
1157 403 1208 423 va-

140 439 198 469 lens
215 438 288 467 ferre
309 438 454 472 iniuriam,
470 437 497 466 ei
517 436 636 466 obicem
648 434 675 466 se
688 435 828 474 praebuit,
849 444 879 464 ut
891 435 1071 472 accepimus,
1091 434 1124 464 &
1138 433 1209 469 hiis,

139 486 204 517 quae
220 477 368 514 peripsum
387 474 527 513 proposita
541 474 667 513 fuerant,
686 474 795 505 curavit
829 483 858 504 er
872 473 1005 504 ordinem
1021 471 1209 511 respondere,

140 514 299 545 accussndo
313 516 392 552 ipsius
409 514 496 553 Regis
509 512 692 552 Iniustitiam,
712 513 746 544 &
758 522 798 543 no
826 521 885 542 ram
901 511 1117 549 Innocentiam,
1134 510 1210 541 veris

142 553 350 591 assertionibus,
369 562 386 583 u
399 552 601 583 monstrando.

181 591 213 622 In
237 602 296 630 quo
309 592 440 632 profesto
452 591 611 622 dileetionis
625 589 726 621 vestrae
737 589 970 628 teneritudinem,
989 599 1022 620 ex
1038 587 1210 628 Propinqui-

141 632 203 661 tatis
217 632 332 669 ardore,
351 631 472 662 lucidius
487 632 642 667 intuemur,
661 629 693 659 &
708 639 743 660 eo
756 637 844 669 grates
857 630 890 660 &
927 630 1005 659 ratias
1019 628 1100 658 vobis
1115 626 1211 656 referi-

143 679 208 700 mus
221 670 389 708 ampliores,
404 679 457 710 pro
469 669 626 709 praeniissa,
640 677 674 699 ex
686 668 828 700 intensiori
844 667 899 698 desi
921 669 996 706 erio,
1015 668 1048 699 &
1062 665 1210 697 conscien-

141 711 189 740 tia:
211 711 345 750 puritate,
362 710 496 739 novimus
512 707 654 747 prodiiffe.

185 747 220 778 Et
236 772 245 787 ‚
270 757 300 778 ut
316 772 326 786 ,
352 749 467 778 veritate
486 757 518 778 ac
541 746 627 786 gestae
646 746 686 777 rei
700 745 801 776 ordine
814 746 952 785 cognitis,
970 742 1129 783 hujusmodi
1144 741 1211 771 Obr-

142 787 326 818 treetantibus
347 787 605 827 importunitatibus
623 786 744 825 apertius
763 786 852 816 valeat
872 783 1048 822 responderi,
1068 781 1147 811 Rem
1163 789 1211 818 ge-

146 825 238 865 stam,
256 828 285 856 in
308 826 430 865 quadam
448 825 502 857 Cr:
513 833 592 855 Dur.
603 835 621 856 A
641 825 721 855 scribi
737 824 929 856 mandavimus
943 824 1079 859 seriatim,
1099 821 1133 850 ὃς
1147 828 1211 850 earn

144 865 226 896 vobis
239 867 377 896 mittimus
392 864 571 905 prresentibus
585 864 782 900 interclusam,

181 903 263 935 Tota
284 905 384 935 mentis
406 903 509 935 fiduci&
523 912 663 942 expertam
678 901 906 933 Benevolentiam
920 899 1043 930 vestram
1057 898 1211 942 deprecan-

141 949 198 981 teS,
218 945 363 981 quatinus,
377 942 456 974 dieta
466 942 576 974 Cedula
589 942 736 981 diligenter
752 940 876 978 inspeeta
889 940 923 970 &
937 940 1042 977 plenius
1059 935 1210 978 intellec'ta,

140 983 279 1012 contraria
298 982 531 1021 Suggerentibus,
551 989 634 1020 prout
653 981 750 1018 decet,
768 979 905 1017 resistere,
924 979 957 1009 ὃς
973 977 1084 1009 dietum
1101 974 1210 1019 Domi-

142 1030 216 1051 num
229 1021 383 1051 Summum
399 1019 570 1050 Pontificem
588 1020 651 1053 (cui
666 1020 752 1050 etiam
765 1018 945 1049 consimilem
960 1015 1210 1049 Informationem,

143 1059 201 1089 una
216 1069 285 1090 cum
303 1059 404 1090 nostris
421 1060 520 1097 literis,
540 1057 764 1094 transmittimus)
779 1059 950 1094 informare,
967 1056 1000 1086 δε
1015 1053 1147 1084 inducere
1159 1062 1210 1083 ve-

1469 113 1858 162 LITERAE,

1249 199 1319 243 ntis,
1334 199 1413 231 dieta
1435 199 1546 231 Cednla
1559 200 1705 239 diligenter
1727 200 1850 239 inspecta
1887 199 1921 231 &
1944 200 2051 239 plenius
2064 203 2207 235 intelleffli
2244 215 2317 236 con-
2337 202 2411 233 Ann.
2427 203 2468 235 D.

1249 244 1331 269 traria
1339 238 1555 282 *suggerentibus
1566 262 1576 278 ,
1591 249 1669 270 aures
1682 239 1786 284 patulas
1801 223 1957 270 nuliatenus
1971 242 2137 281 praebeatis3
2158 244 2196 273 set
2209 228 2320 274 dietum
2359 251 2444 282 ¹324-

1250 276 1417 321 Dominum
1440 278 1584 309 summurn
1603 277 1776 309 Pontificem
1797 279 1865 313 (cui
1886 279 1973 308 etiarn
1987 278 2167 310 consimilem
2181 280 2322 312 Informa-
2338 282 2406 310 Edv.
2421 290 2447 308 ι.

1249 323 1378 355 tionem,
1396 318 1452 347 una
1471 326 1539 348 cum
1562 316 1662 347 nostris
1678 317 1777 355 literis,
1795 316 2021 354 transmittimus)
2041 317 2212 358 informare,
2231 321 2264 351 &
2279 322 2324 351 in-

1249 354 1353 398 ducere
1375 357 1464 386 velitis
1485 355 1597 394 modis,
1613 356 1714 396 quibus
1733 354 1833 385 decere
1855 356 1889 386 &
1905 355 2036 393 expedire
2049 355 2139 387 vestra
2152 358 2324 397 prospexerit

1252 390 1484 432 Circumspeffio
1493 417 1502 433 ,
1517 404 1548 426 ut
1563 394 1620 433 ipse
1634 393 1798 432 hujusmodi
1813 393 2045 433 Suggestionibus
2056 395 2094 431 (fi
2111 404 2176 433 quae
2190 395 2275 434 fiant)
2289 397 2324 427 fi-

1251 430 1319 461 dem
1335 442 1394 462 non
1408 433 1555 472 adhibeat,
1571 433 1610 465 iet
1622 433 1794 472 diligentiam
1809 432 1935 463 nostram
1954 435 2059 471 (quam
2075 434 2254 473 apposuimus
2267 444 2320 474 pro

1245 478 1321 547 ἷξε
1339 472 1372 502 &
1394 470 1563 504 Concordia
1583 471 1744 512 optinendis
1754 479 1763 508 )
1782 472 1940 503 consideret
1955 471 2037 512 aequfi
2049 472 2149 510 lance,
2164 470 2225 508 ὅγε.
2235 481 2319 512 prout

1265 519 1282 537 u
1299 519 1342 538 ra.

1290 585 1403 630 Eodem
1432 586 1525 632 modo
1547 587 1676 620 scribitur
1695 587 1828 619 Domino
1849 586 1880 619 B.
1899 586 2011 619 Sanc'tae
2032 587 2137 620 Mariae
2157 588 2189 619 in
2207 588 2319 628 Aquiro

1256 623 1394 656 Diacono
1408 623 1560 657 Cardinali.

1277 757 1305 784 ’ἒ
1318 761 1348 794 C
1362 771 1380 793 Ε
1395 773 1419 794 ι)
1435 772 1459 794 u
1476 771 1497 794 L
1511 771 1531 793 Α
1542 786 1553 803 ,
1576 763 1657 808 Papae
1676 765 1713 800 φ’·
1736 760 1949 797 Cardinalibus
1967 762 2136 809 transmiffa
2147 790 2157 806 ‚
2182 762 2219 798 de
2235 774 2298 810 qua
2335 767 2351 785 *
2374 769 2426 797 IV.

1633 811 1730 857 sitpra
1750 811 1791 856 fit
1816 816 1937 846 mentio.
2338 816 2399 835 ¹00·

1256 896 1286 956 I
1297 895 1485 940 Nformatio,
1502 903 1556 935 pro
1578 893 1662 939 Rege
1678 895 1790 940 Angliae
1806 895 1840 926 ὃς
1853 896 1941 929 Duce
1955 898 2133 937 Aquitaniae,
2148 897 2227 936 super
2242 897 2320 929 fausto
2339 891 2416 922 Ann.
2427 890 2471 921 D.

1307 943 1380 965 inter
1401 933 1519 979 Regem
1537 933 1662 965 Franciae
1681 935 1715 965 &
1736 934 1843 973 ipsum,
1860 936 1895 967 ad
1913 935 2000 967 finem
2022 937 2102 978 quod
2123 937 2322 975 contumacia,
2358 938 2443 970 1324.

1254 978 1301 1008 seu
1319 972 1447 1004 defeetus
1470 973 1520 1003 sibi
1541 982 1602 1003 non
1623 973 1724 1004 debeat
1746 974 1879 1011 imputari
1919 985 1954 1005 ro
1973 975 2122 1016 Homagio
2141 976 2191 1007 suo
2205 999 2215 1015 ‚
2242 975 2323 1013 Regi
2335 973 2387 998 ‘³⁷²-
2411 969 2453 998 ¹3·

1255 1013 1384 1048 Franciae
1405 1011 1539 1043 nondum
1558 1011 1652 1050 fasto,
1670 1021 1724 1043 nec
1744 1021 1793 1051 per
1807 1021 1875 1042 eum
1928 1021 1939 1044 t
1971 1025 2010 1044 uo
2023 1017 2117 1047 minus
2132 1013 2190 1046 Pax
2203 1015 2235 1045 sit
2249 1015 2321 1045 inter
2334 1012 2362 1036 Ε·
2385 1017 2413 1035 ²·

1255 1065 1321 1091 eos,
1339 1052 1377 1084 set
1392 1051 1472 1090 quod
1488 1051 1564 1081 idern
1580 1049 1646 1080 Rex
1662 1050 1790 1083 Franciae
1803 1049 1896 1089 ipsum
1908 1050 1944 1082 de
1993 1054 2071 1086 uerri
2085 1053 2261 1093 prosequitur
2276 1055 2319 1084 in·
2371 1046 2435 1075 1⁶¹7·

0 1255 127 1296 '1V.99‚

26 2065 91 2094 thid.

0 2991 108 3020 Ibidem}

145 1097 199 1128 litis
220 1098 329 1137 modis,
348 1099 449 1136 quibus
469 1097 571 1128 decere
590 1098 624 1128 &
638 1097 768 1137 expedire
781 1095 871 1126 vestra
887 1094 1056 1133 prospexerit
1072 1090 1210 1122 Circum-

143 1136 249 1174 spectio
263 1161 273 1176 ,
297 1146 328 1167 ut
352 1137 409 1175 ipse
437 1135 597 1171 huiusmodi
617 1135 853 1175 suggestionibus
872 1134 910 1170 (si
928 1143 993 1171 quae
1015 1131 1100 1167 fiant)
1121 1130 1210 1161 fidem

144 1185 204 1206 non
227 1177 366 1215 praebeat,
381 1175 426 1206 sed
440 1175 615 1215 diligentiam
629 1175 756 1205 nostram
775 1175 880 1213 (quam
894 1171 1077 1211 opposuimus
1090 1179 1142 1212 pro
1155 1168 1210 1199 Pa-

145 1224 180 1244 ce
205 1215 239 1245 &
262 1213 430 1245 Concordia
453 1213 662 1248 conservandis)
689 1214 822 1250 dignetur
842 1210 1002 1247 attendere,
1028 1209 1080 1246 &,
1097 1211 1115 1238 li
1129 1208 1212 1247 ipsius

141 1252 230 1293 Regis
251 1253 444 1284 Ins-asionibus
458 1277 468 1292 ,
496 1263 565 1284 cum
588 1254 603 1269 *
616 1251 674 1282 Dei
694 1252 834 1290 adjutorio
848 1273 858 1289 ,
877 1259 931 1287 pro
951 1247 1078 1285 viribus,
1102 1246 1137 1277 ad
1158 1256 1210 1276 no-

142 1291 229 1323 stram
250 1294 285 1324 &
308 1293 431 1331 ipsorum
446 1293 615 1329 tuitionem,
633 1290 804 1327 resistamus,
823 1288 906 1320 nobis
918 1287 952 1318 ad
966 1287 1078 1326 culpam
1091 1284 1209 1315 nullate-

146 1341 200 1362 nus
223 1332 374 1370 impume,
395 1332 458 1370 quia
475 1339 582 1371 paratos
597 1339 648 1359 nos
661 1329 768 1367 semper
783 1328 908 1359 inveniet
922 1326 955 1357 ad
972 1325 1209 1356 consentiendum

143 1371 220 1410 pacis
231 1370 427 1415 Tractatitius,
443 1369 462 1400 si
471 1393 481 1408 ,
494 1370 526 1401 &
540 1368 653 1408 quzmdo
666 1368 748 1407 ipsius
760 1366 935 1406 providentia
949 1366 1026 1396 viam
1039 1363 1074 1395 ad
1089 1364 1148 1396 hoc
1165 1366 1209 1396 in-

144 1418 252 1439 venerit
267 1418 452 1447 oportunam,

178 1447 327 1479 Caeterum
342 1446 489 1478 Cariffime
503 1445 601 1483 Pater,

180 1487 316 1526 Qietem
337 1488 369 1517 ὃ(
383 1486 540 1523 honorem,
558 1484 655 1515 dilec‘ti
671 1483 777 1514 Clerici
791 1482 824 1513 δε
838 1481 1005 1513 Cancellarii
1020 1483 1126 1522 nostri,
1143 1482 1214 1514 Ma.

143 1525 220 1564 gistri
242 1525 361 1556 Roberti
382 1524 418 1555 de
433 1523 557 1561 Baldok,
576 1522 778 1553 Archidiaconi
794 1521 1006 1559 Middlcsexiae,
1025 1530 1140 1560 propter
1153 1523 1213 1561 ejus

141 1564 287 1596 laudabilia
311 1564 425 1603 merita,
444 1563 477 1594 ὅ(
491 1563 629 1594 continua
644 1561 793 1600 obsequia,
812 1560 919 1599 magnis
932 1559 1094 1592 affeetantes
1106 1561 1212 1594 deside-

141 1606 202 1641 riis,
221 1612 252 1634 ut
265 1611 395 1634 tenemur

184 1642 380 1673 Venerabilem
400 1625 512 1671 i'atrem
525 1663 534 1678 ,
561 1639 727 1670 Dominum
749 1637 790 1668 G.
803 1635 926 1680 ,Sanetae
946 1636 1047 1668 Luciae
1069 1638 1097 1669 iri
1119 1637 1214 1671 Cilice

145 1680 317 1713 Diaconum
339 1680 537 1717 Cardinalem,
554 1679 614 1717 jam
637 1677 874 1715 interpellavimus
894 1677 1026 1713 precibus
1045 1678 1165 1717 iteratis,
1183 1686 1214 1710 ut

143 1723 222 1752 viam
235 1721 309 1759 pacis
322 1727 539 1759 competentem
548 1742 557 1757 ‚
569 1717 678 1748 dilecto
691 1716 808 1747 Clerico
822 1713 920 1745 nostro
931 1725 991 1746 nori
1005 1716 1127 1747 nimium
1144 1727 1215 1748 one-

144 1760 252 1798 rosam,
271 1759 349 1799 super
363 1757 548 1798 Qiaestione‚
567 1756 640 1787 inter
652 1766 700 1785 eos
714 1754 871 1793 pendente,
887 1753 922 1783 de
937 1753 1076 1785 Portione
1090 1755 1125 1786 de
1141 1755 1214 1786 Mil-

144 1807 214 1837 ton,
231 1807 306 1835 parte
330 1797 492 1828 Praebende
513 1796 548 1826 de
570 1795 726 1834 Aylesbury
749 1795 854 1831 <quam
869 1792 963 1823 eidem
980 1791 1099 1824 Clerico
1112 1794 1214 1826 nostro

143 1837 335 1870 contulimus)
348 1836 434 1866 nostri
453 1837 628 1872 interventu,
644 1834 716 1863 inire
730 1833 813 1871 velit,
830 1832 863 1861 &
878 1840 947 1861 cum
962 1842 998 1862 eo
1013 1831 1128 1864 finaliter
1142 1844 1216 1865 con-

144 1876 278 1912 cordare3
296 1875 329 1906 ad
342 1876 418 1909 cuius
431 1874 542 1904 finalem
555 1872 783 1910 expeditionem,
800 1871 920 1901 celerem
935 1870 969 1901 &
983 1872 1127 1911 votivam,
1147 1883 1215 1904 cor-

144 1915 173 1945 di
195 1913 294 1944 nostro
315 1913 471 1952 plurimum
487 1911 672 1949 insidentem,
691 1919 754 1950 erga
768 1909 879 1940 dietum
893 1907 1074 1940 Cardinalem
1088 1912 1215 1951 interpo—

145 1963 210 1983 nere
224 1953 326 1990 velitis,
342 1952 517 1990 quaesumus,
536 1949 688 1980 efficaciter
704 1957 794 1986 partes
808 1948 918 1980 vestras.

181 1991 252 2022 Dat.
264 1991 338 2029 apud
353 1991 487 2021 London.
505 1990 538 2020 18
553 1989 598 2019 die
615 1987 766 2018 OCtobris.

146 2068 204 2130 V
220 2067 361 2098 Enerabili
377 2068 404 2097 in
420 2065 539 2098 Christo
553 2064 789 2104 Patri,Domino
805 2062 846 2093 G.
863 2062 922 2093 Dei
937 2063 1024 2102 gratia
1038 2063 1131 2095 Tituli
1145 2064 1217 2096 San-

229 2107 267 2136 &i
289 2107 393 2137 Ciriaci
415 2108 443 2136 in
459 2106 574 2136 Termis
586 2103 747 2135 Presbitero
762 2102 921 2140 Cardinali,
939 2104 1034 2133 amico
1047 2102 1098 2133 suo
1113 2103 1217 2135 cariffi-

143 2153 211 2214 }npt,
231 2145 401 2185 Edwardus,
419 2144 517 2176 eadem
537 2143 641 2183 gratia,
659 2143 802 2180 Salutem,
822 2141 856 2172 &
871 2141 986 2172 sincerae
998 2141 1161 2174 dilectionis
1174 2144 1216 2174 af-

156 2193 186 2213 er.
204 2193 263 2214 um.

179 2221 223 2252 Ex
243 2222 341 2253 ardore
355 2222 515 2253 dilectionis
528 2221 681 2259 purissimae
695 2221 728 2251 &
740 2218 804 2251 zelo
814 2217 936 2259 Justitiae
950 2219 1083 2250 novimus
1095 2219 1218 2258 prodiis-

144 2260 186 2300 se,
200 2262 294 2301 quod,
310 2271 487 2301 proponente
508 2270 596 2300 nuper
616 2259 742 2299 quodam
760 2258 796 2289 de
817 2257 956 2295 Collegio
977 2256 1119 2288 Cardinali
1133 2282 1143 2298 ,
1161 2269 1216 2290 co-

144 2309 204 2330 ram
226 2300 360 2331 Domino
380 2300 492 2330 summo
513 2298 671 2337 Pontifice,
687 2298 802 2337 qualiter
821 2297 887 2327 Rex
906 2297 1034 2327 Franciae
1048 2306 1147 2328 contra
1162 2308 1214 2328 nos

142 2337 216 2377 juste
235 2339 404 2378 processerat
425 2338 626 2375 (Excercitum
638 2337 720 2368 suum
735 2336 769 2367 ad
782 2334 984 2373 occupandum
998 2333 1147 2365 Ducatum
1162 2345 1217 2366 no-

148 2376 237 2407 strum
262 2377 440 2416 Aquitaniae,
460 2378 494 2408 &
512 2377 576 2407 alias
596 2376 699 2406 Terras
720 2374 826 2405 nostras
841 2375 913 2404 infra
928 2373 1105 2403 Dominium
1117 2374 1216 2414 suum,

147 2414 333 2451 destinando)
350 2414 441 2445 causas
456 2437 465 2451 ,
488 2425 556 2454 quas
574 2414 624 2444 fibi
645 2414 766 2452 placuit,
793 2413 885 2442 minus
901 2421 994 2450 veraS,
1017 2413 1098 2442 novit
1121 2412 1216 2452 Deus,

147 2463 203 2492 pro
224 2454 400 2484 excusatione
419 2453 499 2491 ipsius
520 2453 566 2483 Re
588 2454 606 2481 is
629 2453 678 2482 alle
699 2452 789 2487 ando3
809 2460 860 2489 ac,
878 2459 989 2489 petente
1002 2458 1032 2480 ut
1047 2450 1124 2480 idem
1140 2453 1217 2482 sum-

147 2502 211 2523 mus
231 2491 364 2523 Pontifex
377 2492 424 2531 ipsi
440 2491 515 2532 Regi
530 2493 558 2522 in
592 2501 629 2521 oc
643 2498 667 2521 ai
682 2490 763 2521 istere
777 2490 954 2529 dignaretur,
972 2488 1062 2519 vestra
1078 2489 1217 2522 sinceritas

147 2532 173 2561 ei
191 2531 308 2562 obicem
325 2532 351 2561 se
365 2531 502 2570 praebuit,
521 2539 550 2560 ut
568 2530 749 2569 accepimus,
767 2529 800 2559 &
817 2529 873 2566 ejus
888 2527 1093 2558 Assertionibus
1107 2531 1216 2561 curavit

148 2579 200 2608 per
221 2569 350 2600 ordinem
371 2570 491 2600 dilucide
512 2569 696 2607 respondere,
714 2569 792 2606 super
812 2577 872 2605 quo
890 2565 989 2597 vestrae
1003 2568 1158 2604 paternitati
1173 2578 1217 2600 re-

147 2608 277 2639 verendae
293 2619 384 2646 grates
398 2609 431 2639 &
445 2609 545 2645 gratias
559 2607 704 2637 referimus
718 2605 923 2637 multiformes:
942 2605 975 2636 &
990 2614 1036 2642 ut,
1053 2607 1167 2637 veritate
1182 2617 1215 2638 ac

149 2647 235 2717 {estae
257 2649 297 2678 rei
320 2647 420 2678 ordine
433 2648 570 2686 cognitis,
586 2646 745 2684 hujusmodi
760 2644 982 2675 obtrectantibus
998 2645 1218 2683 importunitati-

175 2697 204 2717 us
224 2688 343 2724 apertius
363 2686 451 2716 valeat
474 2684 649 2723 responderi,
668 2684 744 2714 Rem
759 2682 881 2713 Gestam
897 2684 926 2712 in
943 2681 1063 2720 quadam
1080 2681 1108 2712 C
1119 2692 1136 2713 a
1148 2692 1216 2713 Du-

150 2733 171 2754 L
171 2735 202 2794 a?
220 2725 301 2792 scrbibi
320 2725 515 2756 mandavimus
537 2724 672 2761 seriatim,
690 2723 724 2754 &
747 2731 829 2760 eam,
848 2719 907 2756 &a
928 2727 959 2749 ut
975 2719 1063 2760 Jicpra
1084 2722 1116 2751 de
1132 2721 1218 2752 verbo

151 2775 170 2793 a
202 2774 252 2792 ver
271 2775 323 2793 11721.

187 2801 276 2834 Teste
291 2811 321 2832 ut
335 2802 421 2840 supra.

189 2878 303 2909 Eodem
333 2878 423 2909 modo
452 2876 621 2907 Mandatum
641 2876 682 2907 est
706 2876 841 2908 Domino
862 2874 904 2906 G.
924 2874 1016 2907 Tituli
1041 2851 1218 2908 Sanc'torum

154 2917 316 2949 Marcellini
331 2919 363 2949 ὅ(
379 2916 455 2947 Petri
472 2916 632 2946 Presbitero
645 2915 795 2946 Cardinali.

151 3004 366 3068 VEnerabili
378 3005 407 3034 in
420 3002 538 3034 Christo
551 3002 642 3040 Patri,
661 3002 795 3032 Domino
808 3001 853 3032 N.
868 3001 925 3031 Dei
938 3000 1043 3039 gratii,
1062 3000 1158 3032 Sanffl
1175 3000 1218 3031 Α-

234 3045 322 3075 driani
338 3043 471 3074 Diacono
485 3041 645 3080 Cardinali,
662 3040 831 3080 EdwarduS,
849 3042 910 3072 &c.
926 3041 1065 3077 Salutem,
1081 3041 1115 3070 &
1130 3039 1219 3070 since-

153 3094 192 3115 rae
205 3083 365 3114 diletstionis
379 3090 572 3121 augmentum.

195 3123 266 3162 Qo
287 3122 323 3153 de
344 3120 443 3152 vestrae
463 3119 622 3150 dilectionis
637 3118 670 3148 δε
687 3117 832 3147 Amicitiae
845 3117 962 3153 puritate
977 3116 1095 3155 pleniori
1112 3116 1217 3148 fiducia

153 3161 364 3201 supportamur,
379 3169 414 3189 eo
435 3158 623 3189 confidentius
641 3156 730 3186 vestra
750 3155 936 3198 imploramus
955 3155 1100 3193 Praesidia,
1116 3156 1150 3186 &
1166 3165 1222 3186 no-

155 3200 208 3230 stra
223 3200 333 3229 Secreta
348 3198 494 3236 pandimus
506 3198 535 3227 iri
549 3197 601 3226 hiis
613 3204 677 3234 quae
692 3194 816 3225 intimius
829 3194 949 3223 infident
963 3195 1045 3223 nobis
1058 3194 1147 3224 cordi.

194 3237 274 3268 Ctim
296 3238 389 3274 itaque
413 3237 436 3266 F
438 3237 538 3267 ranciae
558 3235 592 3266 &
614 3233 754 3265 Navarrae
772 3231 835 3261 Rex
851 3233 928 3266 (non
947 3233 1058 3262 attentis
1074 3231 1221 3269 cujussibet

156 3276 435 3314 Conlanguinitatis,
454 3274 622 3311 Affinitatis,
640 3272 685 3303 seu
704 3271 811 3302 alterius
832 3269 957 3299 Foederis
968 3293 976 3308 ,
994 3270 1132 3308 vinculis,
1149 3272 1221 3301 inter

155 3315 249 3354 ipsum
272 3316 304 3346 ὅ(
325 3324 378 3345 nos
399 3314 569 3350 contraitis)
592 3311 677 3341 misso
696 3309 794 3351 grandi
815 3307 983 3345 Excercitu,
1000 3308 1148 3339 Duc-atum
1170 3319 1223 3339 no-

157 3354 245 3385 strum
267 3353 424 3392 Aquitaniae
447 3351 582 3382 hostiliter
604 3350 702 3389 satagat
723 3357 880 3384 occupare,
900 3346 1046 3384 gravando
1060 3347 1095 3377 de
1108 3347 1224 3378 Guerra

1255 1092 1371 1130 debite,
1389 1092 1422 1121 ὅ(
1436 1091 1531 1121 minus
1543 1088 1623 1127 juste.

1294 1132 1524 1168 IMPRIMIS,
1540 1137 1594 1166 pro
1614 1136 1651 1159 eo
1682 1126 1743 1158 uod
1756 1126 1834 1158 idem
1848 1126 1915 1159 Rex
1928 1128 1974 1159 Ari
1996 1130 2041 1161 liae
2054 1130 2088 1161 &
2103 1129 2190 1169 Dux,
2208 1131 2237 1162 in
2254 1130 2322 1162 Du-

1254 1180 1320 1204 catu
1341 1169 1510 1206 investitus,
1531 1167 1565 1198 &
1587 1168 1617 1197 in
1631 1168 1714 1206 ipius
1726 1164 1902 1198 Poffeffmne
1920 1178 1936 1198 e
1958 1170 1963 1174 ”
1990 1180 2054 1208 ens,
2071 1179 2220 1209 nunquam
2234 1171 2324 1202 fuerat

1255 1221 1291 1242 ex
1306 1217 1383 1248 parte
1398 1208 1488 1247 Regis
1503 1206 1526 1237 F
1528 1207 1629 1237 ranciae
1642 1205 1760 1245 citatus,
1777 1205 1822 1236 vel
1838 1209 2023 1244 praemunitus
2039 1208 2075 1239 ad
2087 1207 2269 1247 Homagium
2282 1211 2324 1240 fa-

1256 1250 1409 1285 ciendum,
1428 1248 1492 1277 licet
1512 1243 1672 1284 hujusmodi
1692 1243 1816 1283 Citatio,
1831 1244 1877 1276 seu
1897 1247 2098 1285 praemunitio,
2114 1248 2144 1277 in
2165 1248 2260 1286 aliquo
2280 1249 2325 1279 s0-

1257 1289 1367 1326 lempni
1388 1287 1457 1317 loco
1476 1283 1610 1316 Ducatfis
1621 1307 1631 1322 ,
1650 1282 1710 1314 fleri
1733 1284 1848 1315 deberet
1864 1296 1875 1322 3
1898 1285 2164 1324 quemadmodum,
2178 1295 2326 1326 tempore,

1258 1327 1374 1360 celebris
1396 1325 1564 1362 memoriae,
1582 1322 1719 1367 Philippi·
1730 1323 1823 1353 ultimi
1838 1322 1926 1362 Regis
1940 1324 2085 1364 Franciae,
2101 1323 2174 1368 apud
2186 1324 2326 1366 Burdega-

1256 1365 1475 1435 lam,fpee{asuos
1490 1371 1584 1394 certos
1599 1361 1832 1400 commissarios,
1850 1362 1902 1393 suis
1915 1361 2079 1395 Patentibus
2093 1362 2197 1394 Literis
2209 1363 2326 1404 deputa-

1257 1415 1302 1439 tos
1425 1411 1494 1433 erat.

1294 1428 1340 1475 I’T
1349 1452 1367 1474 a
1376 1451 1421 1480 M,
1436 1443 1504 1473 licet
1519 1439 1650 1479 praefatus
1664 1439 1728 1471 Rex
1741 1438 1869 1471 Franciae
1878 1462 1887 1479 ,
1906 1449 2005 1472 contra
2018 1441 2130 1473 did’tum
2144 1440 2256 1481 Regem
2267 1439 2329 1470 Ari-

1257 1485 1322 1526 giiae
1337 1483 1371 1513 &
1386 1481 1504 1512 Ducem
1513 1502 1523 1518 ‚
1538 1479 1657 1518 plurima
1671 1488 1759 1510 attem
1781 1479 1880 1509 taverit
1895 1477 2086 1519 Gravamina,
2099 1487 2165 1510 ante
2177 1479 2243 1511 haec
2255 1487 2329 1510 tem-

1258 1533 1346 1563 pora,
1361 1529 1409 1560 ut,
1427 1519 1572 1556 videlicet,
1586 1518 1672 1558 Jura,
1685 1518 1763 1557 Juris
1778 1518 1916 1555 renones,
1935 1519 1969 1551 &
1983 1518 2140 1552 Libertates
2154 1518 2328 1566 usurpando,

1259 1564 1293 1594 ὃς
1316 1569 1398 1592 terras
1419 1557 1607 1598 occupando,
1625 1558 1686 1588 tam
1705 1557 1777 1588 infra
1797 1555 1962 1596 Ducatum,
1980 1558 2067 1597 quarn
2089 1566 2164 1589 extra
2183 1559 2214 1588 in
2236 1556 2328 1588 Insula

1258 1599 1394 1632 oleronis
1413 1608 1420 1628 ε
1459 1596 1598 1635 Idemque
1618 1595 1684 1627 Rex
1698 1595 1842 1634 Franciae,
1859 1605 1907 1633 per
1921 1598 2071 1634 praefatum
2087 1596 2200 1636 Regem
2215 1595 2248 1628 &
2262 1595 2330 1626 Du-

1260 1650 1342 1677 cem,
1360 1637 1464 1676 pluries
1475 1636 1570 1667 debite
1582 1637 1617 1667 &
1630 1634 1763 1666 instanter
1774 1635 1936 1674 requiram,
1955 1643 1985 1667 ut
2000 1635 2161 1675 hujusmodi
2173 1634 2330 1666 Gravami-

1259 1690 1295 1711 na
1315 1686 1467 1715 revocare,
1485 1675 1518 1706 &
1539 1673 1573 1705 ad
1593 1673 1704 1705 Statum
1723 1673 1853 1704 debitum
1867 1673 1994 1711 redigere
2008 1675 2191 1715 dignaretur,
2207 1673 2331 1705 offeren-

1260 1727 1320 1750 tem
1333 1715 1360 1746 se
1376 1723 1520 1754 paratum,
1536 1713 1617 1754 super
1632 1712 1768 1756 omnibus
1802 1712 1912 1751 ipsum,
1927 1714 2035 1745 ratione
2047 1713 2180 1746 Ducatfis
2192 1712 2332 1757 praedirsti,

1260 1754 1516 1793 concernentibus,
1533 1752 1562 1782 in
1577 1750 1667 1782 Curia
1681 1750 1744 1791 sua,
1788 1760 1834 1780 are
1844 1749 1930 1789 Juri;

1296 1795 1393 1836 lpsum
1411 1793 1492 1836 super
1510 1793 1569 1823 hoc
1589 1790 1682 1822 audite
1702 1799 1764 1821 non
1783 1790 1890 1821 curavit
1903 1811 1913 1826 ,
1930 1787 1969 1820 set
1983 1812 1994 1828 ,
2012 1788 2187 1824 Gravamina
2204 1789 2334 1830 superad—

1261 1836 1329 1866 dens
1343 1855 1354 1870 ‚
1376 1835 1494 1871 quaelito
1513 1830 1614 1862 colore
1626 1852 1636 1868 ,
1662 1835 1799 1866 praetextu
1823 1827 1966 1867 cujusdam
1989 1827 2128 1862 Maleficii
2138 1853 2149 1870 ,
2167 1832 2196 1861 in
2217 1828 2331 1861 Bastida

1260 1872 1360 1906 Sancti
1373 1869 1548 1908 Sacerdotis,
1562 1868 1632 1899 infra
1643 1867 1755 1900 dastum
1771 1865 1941 1906 Ducatum,
1959 1876 1992 1898 ut
2005 1867 2127 1908 dicitur,
2144 1867 2308 1907 commissi,

1299 1909 1391 1951 Qiod
1433 1909 1562 1941 raefatum
1583 1906 1698 1946 Regem
1718 1907 1751 1938 &
1773 1905 1892 1937 Ducem
1907 1906 2003 1945 latuit,
2021 1916 2076 1938 nec
2093 1918 2220 1946 unquam
2231 1916 2266 1947 ap
2286 1916 2334 1937 ro-

1261 1952 1359 1989 bavit,
1377 1958 1405 1980 te
1430 1959 1445 1979 e
1467 1947 1556 1986 Deo,
1572 1947 1705 1986 quinimo
1727 1955 1777 1985 per
1802 1944 1865 1976 suos
1884 1943 2036 1984 Numeros,
2055 1946 2152 1977 Scelus
2172 1946 2239 1977 illud
2274 1954 2334 1976 ete-

1262 1990 1379 2059 stango,
1400 1986 1502 2027 optulit
1522 1986 1569 2025 se,
1592 1993 1678 2024 prout
1697 1984 1732 2015 ad
1753 1993 1820 2014 eum
1841 1984 1980 2023 pertinet,
2006 1984 2113 2016 ratione
2135 1984 2214 2024 loci,
2238 1985 2335 2016 severe

1415 2036 1428 2056 r
1450 2036 1480 2056 m

1261 2035 1469 2099 vesdeffinlltex
1488 2049 1634 2107 issranciae,
1651 2061 1754 2106 absque
1774 2060 1857 2106 culpa
1877 2060 1923 2091 vel
1940 2060 2110 2101 negligentia
2123 2060 2231 2102 praefati
2246 2060 2337 2100 Regis

1263 2107 1298 2139 &
1313 2105 1422 2142 Ducis,
1436 2101 1596 2142 hujusmodi
1609 2101 1725 2132 Sceleris
1738 2110 1777 2132 co
1797 2109 1935 2130 nitionem
1944 2121 1954 2137 ,
1968 2109 2033 2139 quae
2046 2100 2081 2131 ad
2096 2100 2185 2138 ipsum
2198 2110 2258 2131 non
2291 2110 2337 2130 er-

1263 2146 1365 2184 tinuit,
1383 2143 1542 2180 assumens,
1558 2139 1696 2171 Castrum
1717 2139 1753 2170 de
1809 2147 1878 2169 onte
1891 2138 2001 2178 pesato,
2019 2139 2100 2179 ipsius
2112 2139 2203 2180 Regis
2217 2140 2250 2171 δε
2299 2149 2334 2169 ιι-

1263 2185 1319 2224 cis,
1339 2182 1409 2214 infra
1423 2181 1536 2212 dietum
1551 2178 1699 2211 Ducatum
1711 2179 1793 2210 suum
1806 2178 1953 2215 situatum,
1972 2177 2031 2217 ipso
2045 2176 2133 2209 Duce
2146 2189 2205 2209 non
2217 2187 2323 2210 vocato

1263 2233 1318 2255 nec
1332 2233 1382 2264 per
1396 2220 1609 2252 contumaciam
1622 2219 1750 2256 absente,
1769 2226 1819 2257 per
1833 2217 1875 2255 se,
1895 2217 1953 2247 sine
1963 2216 2080 2248 Paribus
2095 2215 2193 2248 Curiae
2207 2217 2261 2248 suae
2271 2241 2281 2256 ,
2297 2227 2313 2248 a

1262 2262 1307 2301 id,
1323 2270 1353 2292 ut
1369 2259 1445 2299 Juris
1462 2259 1504 2290 est
1524 2259 1625 2297 moris,
1644 2257 1800 2295 vocandis,
1818 2264 1894 2286 extra
1913 2256 2015 2286 locum
2035 2255 2163 2287 debitum
2182 2265 2232 2296 per
2252 2256 2334 2287 suurn

1262 2300 1408 2341 perperam
1443 2297 1623 2329 ronunciavit
1635 2295 1773 2327 Arestum
1787 2295 1837 2325 sibi
1850 2295 1911 2325 fore
1924 2294 2126 2332 confiscatum,
2145 2295 2335 2326 incontinenti

1263 2338 1400 2369 mandans
1433 2347 1501 2367 uum
1523 2335 1688 2375 congregari
1706 2334 1893 2372 Exercitum,
1911 2333 1947 2364 ad
1968 2334 2189 2374 expugnandum
2202 2331 2335 2364 Castrum

1262 2378 1332 2409 diCti
1348 2377 1440 2408 Ducis
1456 2384 1659 2406 memoratum.

1300 2417 1373 2456 Qio
1387 2415 1484 2445 audito
1518 2414 1648 2453 praefatus
1662 2411 1728 2443 Rex
1742 2411 1776 2443 &
1788 2410 1860 2442 Dux
1872 2410 1933 2442 suos
1945 2410 2104 2455 solempnes
2115 2409 2152 2440 N
2153 2410 2253 2441 uncios
2272 2419 2336 2440 me-

1264 2464 1377 2487 morato
1397 2453 1477 2492 Regi
1490 2436 1618 2490 Franciae
1630 2451 1790 2489 mandavit,
1810 2460 1880 2481 cum
1893 2448 2042 2481 sufficienti
2056 2448 2217 2487 Potestate,
2235 2448 2333 2481 humi·

1262 2494 1324 2525 liter
1347 2501 1461 2534 petens,
1480 2492 1514 2522 &
1534 2492 1678 2531 requirens
1696 2489 1826 2531 quatinus
1844 2488 2003 2526 hujusmodi
2016 2487 2096 2517 suum
2110 2486 2276 2519 Exercitum
2290 2498 2334 2519 re-

1264 2543 1368 2564 vocare
1393 2531 1577 2569 dignaretur,
1593 2529 1715 2560 offerens
1734 2528 1761 2558 se
1781 2535 1912 2566 paratum
1931 2526 2011 2566 super
2037 2525 2180 2564 praedietis
2203 2526 2238 2557 &
2260 2526 2336 2565 aliis,

1264 2572 1374 2610 ipsum,
1393 2572 1502 2600 ratione
1516 2567 1664 2607 Ducatfis,
1683 2565 1912 2606 contingentibus
1947 2566 1976 2595 in
1989 2563 2080 2594 Curia
2090 2564 2154 2603 sua,
2170 2574 2269 2596 coram
2284 2564 2339 2595 Pa-

1265 2611 1340 2640 ribus
1361 2608 1500 2647 ejusdem,
1518 2606 1555 2637 ad
1574 2616 1646 2644 quos
1664 2606 1804 2646 pertinet,
1822 2603 1893 2634 stare
1927 2605 1988 2633 uri·
2010 2611 2107 2641 petens
2120 2603 2253 2634 instanter
2264 2604 2290 2634 se
2302 2603 2337 2634 ad

1267 2649 1326 2679 hoc
1349 2647 1484 2679 admitti:
1511 2646 1613 2685 optulit
1630 2645 1715 2675 etiam
1737 2643 1815 2674 idern
1840 2640 1904 2672 Rex
1922 2641 1956 2673 &
1976 2625 2065 2680 Dux,
2083 2641 2109 2672 se
2130 2651 2258 2680 paratum
2281 2642 2338 2673 effe

1268 2686 1469 2724 Homagium,
1487 2683 1523 2715 &
1543 2683 1595 2714 alia
1615 2682 1661 2714 sua
1680 2681 1806 2714 Deveria
1821 2681 1911 2711 facere
1922 2679 2000 2722 Regi
2014 2689 2192 2720 memorato,
2210 2682 2280 2712 dum
2298 2690 2339 2711 ta-

1268 2735 1338 2756 men
1359 2725 1481 2765 placeret
1501 2722 1551 2753 fibi
1571 2720 1732 2760 hujusmodi
1748 2720 1931 2751 Excercitum
1955 2721 2034 2749 suum
2049 2729 2202 2758 revocare,
2220 2728 2251 2750 ut
2263 2728 2340 2751 tutus

1267 2773 1361 2803 patere
1385 2761 1470 2801 poffit
1483 2760 1533 2791 sibi
1547 2760 1700 2798 Accessus,
1720 2769 1816 2798 petens
1831 2759 1883 2790 sibi
1897 2758 1932 2790 ad
1947 2756 1977 2788 id
1991 2766 2083 2789 certos
2098 2758 2176 2789 diem
2190 2759 2224 2790 δε
2238 2759 2340 2790 locum

1266 2813 1335 2834 cum
1346 2801 1444 2833 debita
1455 2800 1609 2831 Securitate
1623 2798 1757 2839 assignari.

1308 2841 1346 2873 Et
1358 2864 1368 2881 ,
1387 2842 1454 2871 licet
1471 2839 1577 2908 Bluries
1590 2838 1680 2877 ipsum
1696 2837 1846 2875 instanter,
1861 2846 1932 2868 cum
1946 2836 2030 2866 omni
2045 2836 2219 2876 reverentia,
2237 2836 2337 2877 praefii-

1266 2888 1309 2911 tus
1330 2880 1396 2911 Rex
1416 2879 1450 2910 &
1506 2887 1542 2909 ux
1564 2877 1737 2916 requisiverit
1751 2877 1786 2907 de
1800 2875 1957 2914 praediffls,
1974 2874 2123 2914 fuissetque
2136 2875 2244 2914 semper
2291 2885 2334 2904 ra-

1265 2927 1329 2958 tuS,
1345 2919 1424 2957 super
1445 2916 1588 2957 praedietis
1600 2939 1611 2955 ,
1627 2917 1656 2946 in
1677 2914 1767 2946 Curia
1785 2915 1857 2945 dieti
1881 2913 1969 2953 Regis
1989 2914 2134 2951 Franciae,
2149 2923 2246 2944 coram
2285 2914 2338 2943 ari-

1267 2960 1336 2997 bus,
1354 2957 1425 2989 stare
1439 2957 1519 2997 Juri,
1534 2956 1640 2994 sibique
1659 2953 1752 2985 facere
1772 2953 1957 2991 Homagium
1970 2957 2123 2984 (revocato
2134 2951 2214 2982 diesto
2229 2950 2336 2983 Excer-

1266 2998 1343 3035 citu)
1362 2998 1396 3029 &
1421 2994 1558 3037 quicquid
1579 2995 1649 3025 ultra
1668 2992 1800 3032 deberet,
1818 2993 1851 3024 &
1874 2992 1938 3023 haec
1956 2991 2115 3030 frequenter
2126 2990 2278 3032 *optulisset
2296 2992 2336 3021 ei-

1267 3036 1352 3109 (Ιὶξῐι-ης
1367 3035 1454 3079 'idem
1471 3044 1567 3104 tadrriiren
1586 3032 1654 3064 Rex
1672 3031 1802 3064 Francia:
1821 3040 1943 3062 annuere
1963 3038 2023 3060 non
2037 3036 2161 3067 curavrt,
2178 3038 2234 3060 nec
2253 3030 2335 3069 ipfius

1307 3085 1406 3106 uncios
1425 3084 1492 3105 exau
1537 3083 1562 3103 e.

1305 3113 1360 3152 Et,
1378 3113 1448 3144 cum
1467 3111 1598 3153 praesatus
1619 3109 1685 3141 Rex
1698 3110 1732 3142 &
1746 3109 1834 3147 Dux,
1849 3116 1899 3150 per
1910 3105 1972 3136 suos
1986 3105 2142 3149 Nuncios,
2158 3104 2241 3137 dicito
2259 3105 2335 3146 Regi

1268 3151 1411 3190 Franciae,
1429 3153 1504 3183 circa
1525 3149 1642 3181 Festum
1660 3148 1747 3179 sandi
1764 3147 1907 3186 johannis
1930 3143 2076 3188 Baptistae,
2095 3145 2200 3175 ultimo
2215 3147 2338 3185 praeteri-

1268 3200 1348 3229 tum,
1366 3191 1478 3228 missos,
1496 3199 1549 3226 pro
1564 3187 1611 3218 sua
1626 3186 1821 3224 excusatione,
1837 3193 1897 3223 quo
1909 3184 2002 3214 minus
2015 3183 2198 3223 Homagium
2212 3193 2281 3215 tunc
2296 3184 2338 3215 fa-

1267 3239 1334 3260 cere
1352 3230 1442 3268 poffet
1463 3228 1557 3259 eidem
1580 3226 1655 3264 Regi
1676 3224 1804 3255 Franciae
1817 3247 1826 3262 ,
1845 3222 1890 3255 vel
1909 3222 2047 3261 deberet,
2072 3223 2194 3262 proponi
2214 3222 2337 3260 fecisset,

1268 3269 1331 3298 ttim
1352 3269 1416 3306 quia
1427 3291 1438 3306 ,
1455 3274 1601 3303 nunquam
1618 3264 1653 3294 ad
1675 3263 1704 3293 id
1722 3271 1859 3301 vocatus,
1875 3269 1929 3292 nec
1944 3261 2039 3293 debite
2054 3262 2255 3300 praemunitio,
2272 3269 2336 3291 tum

1268 3307 1349 3346 quia,
1368 3306 1428 3344 ipso
1441 3304 1526 3343 Rege
1538 3302 1561 3332 F
1563 3304 1664 3333 ranciae
1678 3301 1859 3333 Excercitum
1875 3298 2008 3331 hostilem
2023 3301 2056 3332 ὃς
2070 3300 2235 3339 guerrinum
2267 3309 2340 3330 con-

1269 3352 1310 3375 tra
1324 3343 1416 3382 ipsum
1431 3345 1460 3373 iri
1472 3342 1522 3373 suo
1537 3341 1671 3380 Ducatu,
1690 3341 1728 3372 sic
1742 3341 1880 3376 ducente,
1900 3346 1972 3369 tutus
1985 3340 2035 3371 sibi
2055 3348 2115 3370 non
2127 3347 2217 3377 pateat
2260 3338 2337 3367 cces-

155 3393 344 3431 multipliciter
363 3391 432 3422 Nos
446 3416 454 3427 ,
480 3391 513 3421 &
534 3388 643 3420 nostros
659 3401 668 3426 3
691 3389 723 3418 ὃ(
745 3387 827 3417 nobis
849 3386 966 3416 relatum
988 3385 1020 3416 sit
1038 3385 1119 3424 quod
1139 3385 1222 3425 aliqui
1271 3382 1336 3421 sus3
1383 3391 1460 3413 eteris
1476 3380 1619 3412 humiliter
1640 3380 1792 3420 quatenus,
1809 3377 1920 3411 attentis
1942 3376 2244 3409 Confoederationibus
2261 3376 2336 3418 inter

156 3433 258 3470 etiam,
276 3431 311 3462 de
334 3430 468 3469 Collegit)
486 3428 664 3466 Cardinales,
682 3427 762 3466 ipsius
778 3425 864 3463 Regis
879 3425 1026 3462 injuriam,
1044 3427 1074 3454 in
1090 3424 1142 3454 hac
1178 3435 1223 3454 ar·
1270 3431 1333 3459 eos,
1372 3423 1507 3490 ilgnaretur
1529 3419 1565 3450 ab
1586 3419 1743 3458 hujusmodi
1753 3416 1910 3462 ⁴Violentiis
1930 3417 2076 3457 desistere,
2094 3417 2127 3448 δε
2148 3415 2228 3445 suum
2243 3411 2338 3451 huius-

157 3479 187 3502 te
201 3493 210 3508 ,
230 3469 432 3501 Affertionibus
446 3492 455 3508 ,
471 3478 532 3497 non
551 3467 639 3504 veris,
658 3475 756 3496 coram
778 3463 911 3494 Domino
932 3463 1044 3493 summo
1066 3463 1152 3493 Ponti
1172 3472 1224 3501 ce,
1272 3460 1353 3490 modi
1401 3461 1538 3490 xercitum
1559 3468 1693 3489 revocare
1708 3481 1718 3497 ,
1744 3457 1850 3497 sibique
1871 3454 2047 3487 Terminum
2067 3460 2279 3493 competentem
2301 3453 2336 3483 &

156 3509 267 3547 palliare
286 3510 433 3545 nitantur,
471 3504 673 3544 praetendendo
694 3503 782 3541 ipsum
800 3510 899 3533 contra
920 3512 972 3532 nos
992 3501 1063 3538 juste
1081 3501 1224 3532 Guerram

159 3547 298 3586 movisse,
316 3558 350 3577 eo
372 3545 450 3583 quod
465 3545 514 3576 libi
529 3544 710 3582 Homagium
726 3552 784 3572 tion
798 3542 918 3571 fecimus
931 3541 976 3570 die
991 3541 1024 3571 &
1038 3540 1124 3578 loco,
1142 3548 1172 3570 ut
1186 3540 1227 3569 as-

160 3586 251 3616 serunt
267 3609 276 3623 ,
301 3585 459 3616 constitutis
487 3595 493 3613 z
539 3582 577 3613 Et
599 3581 764 3612 solicitando
786 3580 875 3618 ipsum
898 3579 1061 3609 Dominum
1084 3579 1227 3608 summum

164 3622 355 3663 Pontificem,
373 3632 404 3654 ut
426 3623 506 3662 ipsius
525 3621 611 3660 Regis
631 3621 755 3659 facium,
772 3620 801 3649 in
819 3617 983 3659 praemissis,
1001 3618 1170 3656 approbare,
1189 3618 1229 3646 ei-

164 3662 351 3728 qufqaffiste‘e
363 3662 530 3700 dignaretur.

238 3710 270 3729 os

205 3724 360 3780 Veriiatem
379 3739 411 3769 δε
432 3738 562 3769 ordinem
583 3737 621 3767 rei
635 3735 720 3777 gestie
730 3761 739 3774 ‚
755 3745 808 3773 pro
822 3734 1008 3765 declaratione
1023 3731 1126 3763 nostrae
1141 3731 1229 3762 Inno-

166 3783 287 3813 centoe,
305 3777 339 3807 ad
361 3778 481 3807 vestram
502 3778 632 3806 notitiam
654 3776 793 3806 deducere
812 3775 957 3810 cupientes
979 3782 984 3800 z
1021 3771 1064 3801 Ac
1084 3771 1120 3800 de
1139 3770 1230 3801 vestra

166 3813 321 3856 sinceritate
340 3815 512 3845 confidentes
525 3839 535 3853 ,
551 3815 647 3853 quod,
663 3815 779 3844 veritate
802 3811 933 3851 cognita,
949 3810 1015 3840 zelo
1037 3809 1126 3840 velitis
1140 3808 1227 3847 Justi-

166 3858 233 3888 txae,
248 3851 318 3881 fustis
335 3852 563 3892 Suggestionibus
578 3853 717 3890 resistere,
735 3861 768 3881 ac
778 3874 786 3889 ,
805 3860 859 3888 pro
873 3851 984 3881 honore
1000 3848 1098 3879 nostro
1113 3848 1228 3878 conser-

167 3889 279 3925 vandO,
298 3893 402 3920 caeteris
417 3892 515 3921 nostris
528 3892 664 3922 benivolis
677 3892 710 3922 &
722 3891 820 3920 amicis
833 3899 920 3927 opem
933 3889 1024 3926 ferre,

209 3926 289 3971 Rem
312 3927 447 3966 Gestam,
463 3930 491 3958 iri
515 3930 639 3967 quadam
659 3929 689 3960 C
699 3939 717 3960 a
727 3937 778 3959 DU
789 3937 809 3957 L
822 3939 837 3957 A
849 3951 858 3965 ,
878 3928 959 3957 scribi
979 3924 1174 3956 mandavimus
1188 3923 1228 3954 se·

170 3967 279 4002 riarim,
299 3966 332 3996 &
349 3976 413 3996 eam
435 3968 513 3997 vobis
533 3969 668 3998 mittimus
681 3967 859 4007 praesentibus
874 3965 1063 4001 interclusam,
1083 3972 1146 3994 toto
1163 3972 1229 3992 cor·

170 4005 212 4036 dis
230 4004 365 4036 desiderio
382 4013 523 4045 expertam
538 4004 770 4037 Benevolentiam
781 4004 903 4036 vestram
915 4004 1115 4042 deprecantes,
1131 4009 1229 4042 quate-

1274 3498 1388 3530 Locum
1410 3507 1504 3530 turum
1518 3497 1670 3537 affignare,
1688 3506 1747 3536 quo
1761 3497 1857 3527 secure
1871 3494 1891 3515 ¹¹²
1905 3495 2040 3527 accedere
2052 3492 2141 3533 postet
2152 3498 2208 3533 pro·
2219 3488 2335 3534 Homa-
2347 3502 2361 3518 α
2388 3503 2442 3532 1v·

1272 3539 1320 3576 gio
1343 3538 1489 3575 faciendo,
1506 3537 1586 3576 quod
1608 3546 1686 3568 nunc
1705 3544 1813 3577 paratus
1826 3536 1900 3566 foret
1912 3534 2022 3573 facere,
2039 3532 2121 3563 omni
2134 3529 2264 3567 legitimo
2278 3538 2334 3559 im-
2348 3549 2411 3569 ιω,

1273 3575 1436 3614 pedimento
1451 3575 1572 3606 cessante
1586 3586 1593 3605 ι

1309 3614 1394 3645 Dum
1413 3615 1508 3649 ,uidem
1535 3613 1649 3645 Nuncii
1671 3612 1825 3652 instarent,
1842 3612 1918 3653 apud
1940 3611 2052 3650 Regem
2073 3614 2265 3652 memoratum
2284 3616 2338 3643 pro

1275 3654 1432 3692 praedietis,
1441 3653 1569 3694 praefatus
1584 3652 1650 3683 Rex
1665 3654 1698 3684 &
1715 3652 1783 3683 Dux
1798 3651 1993 3689 (Apostolicae
2005 3645 2164 3690 Smffltam
2175 3644 2255 3674 sacris
2269 3644 2338 3675 Sua-

1275 3692 1397 3723 1ionibus
1409 3714 1418 3730 ,
1436 3702 1486 3732 per
1500 3715 1510 3729 ,
1526 3691 1656 3722 nobilem
1677 3692 1770 3722 virum
1783 3714 1794 3730 ,
1813 3690 1977 3721 Dominum
1997 3686 2034 3717 de
2053 3683 2194 3729 SulliacO,
2212 3693 2259 3720 per
2278 3683 2338 3713 san-

1275 3729 1429 3761 ciiffimum
1446 3739 1568 3769 patrem,
1587 3729 1754 3761 Dominum
1770 3729 1899 3760 nostrum
1914 3725 2037 3763 Papam,
2052 3723 2103 3753 sibi
2117 3721 2252 3766 missum,
2269 3720 2338 3752 hor-

1274 3777 1346 3799 tatus
1364 3768 1444 3800 Pacis
1459 3770 1535 3800 viam
1549 3778 1598 3809 per
1610 3779 1729 3799 omnem
1743 3769 1865 3799 modum
1879 3761 2082 3805 ampleffl).ad
2095 3759 2288 3804 ¹exhibendum
2302 3762 2336 3792 ὃς

1273 3808 1437 3838 faciendum
1458 3807 1540 3839 dieto
1561 3806 1634 3847 Regi
1657 3808 1784 3839 Franciae
1804 3812 1925 3837 onmem
1946 3800 2148 3832 obedientiam
2162 3821 2173 3837 ,
2191 3798 2338 3830 Reveren-

1273 3847 1340 3876 tiam
1355 3869 1365 3884 ,
1381 3847 1415 3877 &
1436 3845 1591 3879 Honorem
1606 3869 1616 3886 ,
1635 3847 1669 3877 ὃς
1692 3856 1761 3877 cum
1781 3854 1818 3875 eo
1836 3843 1911 3880 pacis
1925 3842 1994 3871 inire
2006 3838 2195 3876 Traetatum,
2212 3836 2274 3868 suos
2290 3838 2336 3868 so-

1271 3885 1397 3922 lempnes
1418 3883 1554 3916 Nuncios
1567 3908 1577 3924 ,
1588 3885 1782 3916 venerabilem
1796 3905 1806 3921 ,
1823 3881 1929 3912 scilicet
1941 3901 1952 3916 ‚
1975 3877 2104 3908 Patrem.
2114 3902 2119 3908 .
2130 3900 2136 3906 .
2148 3876 2336 3916 Episcopum

1272 3922 1514 3963 Norwicensem,
1534 3924 1568 3955 &
1581 3924 1651 3954 alios
1662 3923 1810 3962 Magnates
1823 3920 1860 3950 de
1872 3919 1978 3956 Regno
1990 3916 2057 3954 su0,
2076 3925 2109 3945 ac
2125 3917 2212 3946 etiarn
2223 3916 2336 3948 dietum

1273 3960 1437 3992 Dominum
1463 3962 1499 3995 de
1526 3962 1650 3993 Sulliaco
1675 3962 1767 3992 eidem
1787 3958 1862 3996 Regi
1887 3955 2012 3986 Franciae
2037 3953 2175 3985 destinare
2196 3955 2320 3986 decrevit
2330 3977 2340 3992 ,

1273 4001 1446 4042 praemitrens
1460 4010 1531 4035 cum
1544 4000 1647 4035 Literis
1660 3999 1711 4031 suis
1723 3994 1917 4036 deprecatoriis
1931 3994 2013 4027 dieto
2025 3992 2101 4034 Regi
2117 3993 2141 4027 F
2142 3996 2244 4064 ranciase
2259 3993 2335 4024 Cur-

2238 4041 2335 4069 orem,
