2562 4279
50 234 128 267 Anu.
143 240 184 272 D,

72 281 158 317 1338.

50 324 116 351 Edv.
137 333 163 360 3.

50 553 69 573 ’ἕ
82 556 116 581 V.
131 553 177 588 69.

43 1697 120 1730 Ann.
137 1697 178 1729 D.

66 1738 149 1777 1338.

44 1782 97 1804 An.
119 1785 160 1804 12.

42 1819 180 1889 aaa

44 1895 75 1918 Σ.
94 1901 119 1927 3.
134 1899 159 1928 p.

45 1939 170 1969 2.m-.19.

45 3290 121 3321 Arm.
135 3291 175 3322 D.

74 3332 156 3369 1338.

71 3379 94 3396 n.
119 3379 159 3396 12.

45 3428 121 3472 im]

201 151 253 196 3'0

240 225 276 257 Et
292 227 373 257 etiam
394 223 530 255 arestandi
548 223 582 254 δε
603 221 748 262 capiendi,
766 227 799 251 ac
813 219 935 250 Prisonis
949 218 1050 250 nostris
1064 216 1260 262 mancipandi,

200 275 301 295 omnes
316 266 374 294 illos
389 287 398 302 ,
423 274 495 301 quos
510 264 537 292 in
551 260 715 300 praemissis,
733 267 784 301 aut
800 268 901 289 eorum
915 258 1029 296 aliquo,
1044 267 1201 288 contrarios
1215 265 1263 300 'in-

200 304 329 333 veneritis
343 311 389 332 aut
405 301 587 337 Rebelles,in
602 299 706 329 eisdem
721 297 840 327 Prilonis
855 306 1013 328 moraturos
1029 295 1176 335 quousque
1188 293 1261 325 aliud

201 342 237 372 de
251 342 312 379 ipsis
326 341 487 371 duxerimus
499 337 742 369 demandandum:
1243 371 1248 376 .

238 380 277 410 Et
291 380 422 410 volumus
443 378 521 416 quod
541 387 571 407 tu
593 376 719 415 (praefate
740 374 924 411 Vicecomes)
948 373 1085 404 omnibus
1102 373 1135 404 ὃς
1148 370 1262 416 singulis

200 428 299 448 eorum
309 440 318 455 ,
337 418 373 447 de
394 418 497 455 quibus
513 415 647 453 praedicta
660 413 798 444 victualia
817 421 898 450 capta
911 413 1040 450 fuerunt,
1058 412 1093 442 &
1108 412 1209 449 quibus
1223 409 1260 439 de

200 465 252 494 eu,
272 456 349 492 quod
371 456 406 485 ab
425 456 463 485 eis
484 454 521 485 sic
543 462 656 492 captum
671 451 780 490 existit,
797 451 930 482 nondum
940 451 981 481 est
993 451 1190 493 Satisfa&um‚
1207 458 1260 494 pro

201 494 259 524 rata
274 495 432 532 Portionis,
450 493 518 523 inde
532 504 547 523 a
561 492 691 531 quolibet
707 501 807 522 eorum
822 499 912 528 captae
930 512 939 527 ,
957 489 993 519 de
1006 489 1136 533 Exitibus·
1148 487 1261 518 Ballivae

199 541 271 570 tuae,
290 533 308 551 ²*
328 542 462 571 quatenus
477 531 635 568 sufficiunt,
655 539 770 560 necnon
784 539 837 569 pro
850 529 986 565 Cariagio
998 529 1032 559 ὅτ.
1046 527 1196 558 Dchtione
1211 536 1261 556 eo-

199 570 331 601 rumdem
355 571 529 601 Vic'tualium
551 570 638 609 usque
660 567 761 599 Castra
776 592 785 606 ,
810 567 915 598 Villam
932 589 942 605 ,
968 568 1002 598 &
1016 566 1096 597 Loca
1129 566 1260 602 raedicta,

198 618 246 646 per
260 609 349 640 visum
363 610 396 640 &
410 609 607 640 testimonium
621 607 750 638 vestrum
766 606 887 645 (praefati
897 606 1042 645 Johannes
1057 607 1091 637 &
1121 604 1258 640 ohannes)

199 647 246 679 vel
266 647 395 678 vestrum
409 649 542 687 alicujus,
558 647 663 684 solvas,
1157 683 1161 687 ι

237 685 291 724 Et,
312 687 331 716 si
346 686 442 716 Exitus
458 686 618 726 hujusmodi
633 685 666 715 ad
682 684 709 715 id
725 694 785 715 non
800 683 938 714 sufficiant
950 707 960 723 ,
985 691 1054 714 tunc
1066 681 1176 722 singulis
1191 680 1259 712 Ho-

198 725 322 755 minibus
335 725 474 763 praediffls
491 726 568 755 diem
582 724 687 755 essendi
705 723 739 754 ad
761 722 942 754 Scaccarium
965 721 1094 752 nostruin
1108 744 1117 760 ‚
1132 719 1206 764 apud
1220 719 1260 749 E-

198 763 322 801 borum,
338 766 368 794 in
383 763 503 796 Octabis
516 764 613 795 Sanffi
629 762 779 793 Michaelis
793 763 926 800 proximo
937 761 1053 798 futuris,
1071 759 1106 789 ad
1121 769 1260 803 reeipien-

196 801 267 830 dum
283 801 309 833 id
335 803 412 840 quod
427 804 543 834 cuilibet
566 813 685 840 eorum,
698 803 774 840 juxta
788 809 876 838 partes
890 800 1124 835 Indenturiimm,
1143 807 1172 827 in
1188 807 1261 841 prie-

195 839 281 870 miss'is
302 840 491 873 faciendarum
507 864 517 880 ,
538 841 635 871 deberi
655 841 806 879 contigerit
827 838 945 869 inveniri
961 860 970 875 ,
997 837 1115 874 affignes
1130 848 1139 874 ι,
1157 837 1261 874 qulbus

194 886 280 916 tunc,
298 879 401 918 absque
414 880 538 911 ulteriori
550 880 699 917 dilatione,
717 878 895 909 Solutionein
918 885 1135 919 competentem
1147 874 1258 904 ibidem

194 916 272 954 fieri,
291 928 406 949 necnon
422 921 474 950 tibi
489 919 524 950 de
540 929 593 957 eo,
611 918 689 955 quod
705 918 763 947 tam
780 926 832 954 pro
848 916 930 946 dictis
945 914 1122 945 Victualibus
1135 913 1258 957 solutum

195 955 301 994 fuerit,
328 958 415 995 quarn
438 968 489 996 pro
513 956 682 988 eorumdem
702 955 849 985 Duclione
872 955 905 985 &
925 952 1080 991 Cariagio,
1100 962 1150 996 per
1163 950 1261 982 Testi-

197 995 332 1025 monium
352 996 541 1034 supradictum
556 1021 565 1034 ,
592 995 704 1025 solveris
717 1017 726 1033 ,
745 994 869 1024 debitam
884 992 1101 1029 allocationem,
1119 1001 1147 1020 in
1164 989 1261 1020 Corn-

196 1041 270 1076 poto
284 1043 353 1073 tuo,
371 1036 407 1066 de
420 1035 547 1066 Exitibus
565 1032 724 1072 praediffls,
743 1033 778 1064 ad
793 1033 869 1062 idem
884 1031 1066 1063 Scaccarium
1076 1054 1085 1070 ,
1103 1030 1207 1060 habere
1220 1029 1261 1060 fa-

196 1081 322 1102 cremus:

237 1110 439 1142 Mandavimus
465 1113 550 1142 etiam
576 1109 698 1149 praefatis
722 1109 933 1148 Receptoribus
958 1110 992 1140 &
1016 1107 1237 1139 Constabulariis
1251 1132 1262 1145 ,

198 1149 278 1187 quod
292 1149 429 1181 victualia
443 1150 594 1188 praedicta,
610 1150 649 1180 eis
662 1159 712 1188 per
726 1159 779 1179 vos
788 1173 797 1187 ,
814 1149 858 1178 seu
876 1147 1062 1185 Deputandos
1081 1157 1096 1177 a
1110 1146 1212 1185 vobis,
1230 1147 1260 1176 in

197 1186 290 1217 forma
312 1189 446 1225 praediista
467 1189 608 1220 liberanda
621 1211 631 1227 ,
655 1198 671 1217 a
689 1188 772 1218 vobis
804 1187 848 1217 vel
863 1186 1043 1224 Deputandis
1058 1197 1074 1216 a
1088 1185 1190 1223 vobis,
1211 1195 1261 1223 per

197 1224 361 1258 ludentia-as
377 1227 522 1266 praedieias
537 1229 670 1266 recipiant
685 1211 869 1256 custodienda
883 1226 912 1255 in
926 1225 1021 1256 forma
1034 1224 1196 1264 supradieta.

231 1302 322 1333 Teste
337 1302 479 1335 Edwardo
498 1305 585 1335 Duce
600 1304 763 1334 Cornubiae
777 1303 810 1333 &
827 1300 946 1331 Comite
959 1300 1097 1339 Cestriae,
1117 1301 1190 1332 Filio
1206 1311 1260 1332 no-

196 1340 257 1411 sgg
265 1342 432 1418 ἕέῗῖιιτὲε),
451 1343 581 1374 Custode
601 1343 712 1381 Angliae
726 1365 736 1380 ,
759 1340 831 1380 apud
852 1340 1116 1378 Norbamptoniam
1130 1363 1139 1378 ‚
1157 1341 1262 1371 triceli-

530 1461 582 1488 Per
597 1459 679 1498 ipfion
693 1457 829 1498 Custodem
843 1454 881 1492 όν
897 1464 984 1486 totum
1001 1455 1155 1486 Concilium.

297 1590 354 1620 Pro
370 1585 497 1621 Robeato
512 1587 549 1620 de
564 1590 671 1621 Artois
681 1612 691 1628 ,
709 1588 800 1633 sitper
810 1585 956 1632 solutione
974 1584 1166 1616 Annuitatis.

203 1669 289 1726 RE
300 1670 330 1702 X
349 1672 550 1711 Thesaurario,
569 1674 602 1705 &
619 1671 772 1703 Bai-onibus
786 1670 854 1708 suis,
871 1669 907 1700 de
923 1669 1088 1708 Scaccario,
1106 1667 1244 1711 Salutem.⁴

293 1709 389 1749 Cum,
410 1722 460 1750 per
474 1712 581 1743 Literas
593 1711 699 1742 nostras
714 1710 844 1740 Patentes
853 1732 862 1747 ,
880 1709 916 1739 de
927 1707 1013 1747 gratia
1027 1710 1123 1737 nol‘tra
1137 1706 1245 1743 speciali
1253 1726 1263 1747 ἓ

201 1746 236 1776 &
258 1749 286 1778 in
307 1750 441 1781 auxilium
462 1750 676 1782 Sustentationis
690 1774 700 1786 ,
727 1748 834 1778 Dilecti
851 1749 884 1778 δε
900 1747 1000 1778 Fidelis
1014 1746 1119 1783 nostri,
1139 1745 1262 1788 Roberti

200 1784 237 1815 de
254 1786 375 1826 Artoys,
393 1789 614 1820 concesserimus
628 1790 653 1819 ei
668 1788 857 1824 Odtingentas
874 1785 989 1822 Libras,
1005 1783 1195 1823 percipiendas
1208 1787 1262 1813 lin—

201 1823 269 1862 gulis
289 1826 380 1857 Annis
394 1850 403 1865 ‚
430 1827 579 1866 videlicet,
599 1826 824 1866 Qadringeiitas
852 1824 951 1854 Libras
962 1823 997 1854 ad
1013 1823 1193 1865 Scaccarium
1208 1831 1261 1851 no-

202 1862 292 1894 strum
306 1866 340 1895 ad
356 1865 473 1896 Festum
488 1866 584 1896 Sancti
595 1865 744 1896 Michaelis
760 1864 892 1902 proximo
904 1863 1092 1900 futurum,&
1102 1860 1261 1904 Reliduum

200 1903 363 1933 earumdem
380 1904 622 1942 Ot‘lingentarum
637 1904 788 1934 Librarum
802 1903 831 1932 in
844 1902 900 1932 aliis
916 1903 997 1931 certis
1012 1901 1100 1939 locis,
1116 1901 1144 1930 in
1161 1899 1262 1944 luiterus

198 1941 301 1970 nostris
318 1942 458 1979 praediecis
471 1945 625 1980 contentis,
643 1942 777 1981 quamdiu
795 1942 878 1972 nobis
892 1940 1043 1979 placuerit,
1062 1947 1145 1977 prout
1160 1947 1191 1968 in
1209 1948 1261 1968 eis-

198 1977 263 2009 dem
282 1980 381 2011 Literis
396 1982 503 2021 plenius
518 1983 697 2019 continetur,
1139 2017 1144 2022 ι

236 2018 326 2049 Vobis
351 2019 515 2051 mandamus
531 2044 540 2059 ,
566 2021 644 2059 quod
662 2019 755 2050 eidem
770 2018 905 2049 Roberto
926 2017 1014 2048 distas
1035 2016 1262 2056 Quadringentas

200 2056 316 2096 Libras,
337 2059 373 2088 sic
397 2060 430 2089 ad
447 2060 627 2090 Scaccarium
648 2059 817 2097 praedictum
830 2081 839 2095 ,
857 2057 890 2087 ad
907 2056 1018 2087 dictum
1032 2056 1148 2086 Festum
1163 2057 1261 2087 Sanffl

196 2095 376 2166 ἓῐίρὴεείίεέ
394 2098 586 2167 percipiendas
597 2123 606 2137 ,
628 2096 709 2136 super
729 2098 831 2128 Firmis
850 2096 1004 2133 subscriptis
1018 2118 1028 2134 ,
1046 2096 1075 2125 in
1087 2095 1182 2126 forma
1196 2095 1260 2127 sub-

226 2144 309 2173 ripta,
328 2147 357 2166 vi
378 2147 393 2166 e
405 2147 460 2168 icet

234 2173 378 2205 Ducentas
399 2161 512 2207 Mar'cas
533 2176 600 2207 inde
616 2177 695 2216 snper
712 2174 826 2213 Firma,
846 2184 932 2212 quarn
948 2173 1031 2204 Prior
1046 2172 1082 2204 de
1098 2173 1258 2213 Okeburn,

195 2212 342 2251 Sexaginta
357 2213 438 2245 libras
457 2216 537 2253 super
552 2215 575 2246 F
578 2215 649 2246 irrnii
665 2224 751 2253 quam
766 2214 847 2244 Prior
859 2214 896 2244 de
913 2212 1019 2243 Monte
1039 2212 1136 2243 Acuto
1175 2215 1258 2252 quin-

195 2253 330 2290 quaginta
343 2252 456 2284 Mamas
469 2254 549 2291 super
562 2254 642 2284 firma
655 2263 741 2292 quam
755 2253 836 2283 Prior
850 2252 963 2283 Sanclae
979 2251 1127 2281 Trinitatis
1143 2238 1233 2283 libor.

232 2290 339 2330 Viginti
354 2291 465 2323 Marcas
481 2293 559 2330 super
578 2293 690 2330 Firma,
707 2302 793 2330 quam
808 2291 892 2321 Prior
907 2290 943 2320 de
957 2291 1051 2321 Ponte
1065 2289 1187 2329 Fracto,

232 2329 347 2361 Decem
363 2330 474 2362 Marcas
488 2331 568 2369 super
582 2331 693 2369 Firma,
711 2340 798 2369 quam
811 2329 893 2360 Prior
907 2328 942 2359 de
956 2328 1048 2368 Blida,

233 2368 366 2405 Triginta
386 2371 420 2400 &
441 2370 549 2408 septem
570 2370 668 2400 Libras
684 2392 693 2407 ‚
718 2370 751 2400 &
773 2368 875 2399 decem
891 2368 1004 2398 Solidos
1019 2392 1029 2406 ,
1047 2367 1124 2408 super
1141 2367 1256 2407 Firma,

197 2416 283 2445 quam
299 2407 380 2438 Prior
393 2409 429 2438 de
442 2408 559 2438 Panfeld
574 2409 607 2439 ὃς
618 2408 727 2438 Wenes
736 2431 745 2445 ‚

235 2445 343 2485 Viginti
358 2447 457 2476 Libras
467 2447 548 2484 super
564 2445 677 2484 Firma,
697 2456 782 2484 quam
796 2445 879 2475 Prior
893 2444 930 2475 de
943 2444 1078 2483 Pritellis,

233 2483 348 2516 Decem
366 2485 462 2516 Libras
478 2485 557 2522 super
570 2484 681 2522 Firma,
701 2495 785 2522 quam
801 2483 884 2513 Prior
897 2483 934 2513 de
948 2483 1029 2522 Sele,

235 2524 451 2563 Qiinquaginta
474 2523 584 2553 Marcas
606 2523 684 2561 super
708 2522 804 2554 Firma
820 2545 829 2561 ,
854 2532 941 2560 quam
962 2521 1046 2553 Prior
1066 2522 1103 2553 de
1121 2522 1256 2554 Tlieford

199 2561 506 2640 Mgtmgffiiiuriria’ginta
517 2601 551 2631 ὃς
565 2599 644 2630 Duas
659 2599 815 2638 Libras‚&
830 2598 944 2630 Decem
959 2599 1087 2638 Solidos,
1104 2600 1183 2639 super
1195 2600 1256 2631 Fir-

196 2641 260 2679 ma,
280 2649 366 2679 quarn
376 2611 462 2669 cPrior
476 2638 512 2669 de
528 2639 755 2678 Wylmyngton,

234 2680 347 2716 Nobis,
366 2688 418 2716 pro
441 2676 583 2708 Custodia
603 2676 783 2708 Prioratuum
804 2675 1008 2715 praedietorum
1022 2700 1032 2715 ‚
1051 2678 1083 2708 δε
1097 2677 1255 2708 Terrarum

194 2718 229 2749 ad
243 2729 290 2749 eos
304 2717 488 2755 spectantium
498 2739 508 2755 ,
525 2726 614 2756 nuper
628 2717 656 2746 in
673 2726 790 2746 manum
804 2715 930 2745 nostram
945 2725 979 2745 ex
993 2717 1075 2746 certis
1088 2716 1173 2746 caulis
1188 2726 1256 2754 cap-

194 2766 291 2788 torum
301 2779 310 2794 ‚
325 2755 428 2786 eisdem
445 2754 587 2785 Prioribus
603 2765 651 2793 per
664 2765 715 2785 nos
730 2754 881 2785 commista
891 2778 900 2792 ,
919 2754 1035 2784 reddere
1049 2763 1195 2792 tenentur,

234 2795 282 2825 De
298 2794 376 2824 dicto
390 2793 533 2824 Termino
555 2794 649 2824 Sancti
672 2793 822 2823 Michaelis
839 2792 965 2829 affignari
981 2793 1103 2830 faciatis,
1121 2794 1158 2823 ira
1174 2793 1254 2831 quod

195 2833 270 2864 nulla
291 2832 349 2863 Affi
372 2833 448 2862 natio
466 2833 521 2862 aliis
537 2856 546 2870 ,
561 2832 597 2862 de
611 2832 714 2862 eisdem
729 2832 872 2871 Summis,
890 2832 969 2872 super
985 2831 1084 2862 Firmis
1097 2831 1254 2871 praedictis,

194 2872 232 2902 de
247 2872 350 2903 eodem
396 2871 523 2909 ermino,
542 2871 692 2909 aliqualiter
707 2870 753 2901 fiat
769 2871 813 2901 seu
830 2870 1011 2902 concedatur.

194 2995 214 3026 g
236 2946 327 3017 {feste
348 2945 477 2978 Custode
499 2947 609 2987 Angliae
627 2946 699 2985 apud
715 2947 980 2987 Norhamptoniarn
995 2971 1004 2986 ,
1030 2948 1125 2985 primo
1139 2946 1185 2979 die
1197 2947 1257 2980 Au-

216 2997 232 3018 u
260 2997 276 3018 i.

561 3065 615 3093 Per
628 3062 709 3103 ipficm
724 3067 825 3094 Ducem
841 3062 879 3099 όν
891 3070 979 3093 totum
990 3062 1143 3095 Concilium.

506 3189 601 3233 Super
616 3186 764 3220 Solutione
779 3186 939 3220 antedifla.

198 3272 283 3331 RE
294 3271 322 3302 X
349 3272 550 3316 Thesaurario‚
570 3273 604 3304 &
620 3271 788 3303 Camerariis
801 3271 870 3310 suis,
885 3271 1020 3316 Salutem.

288 3310 385 3348 Cum,
404 3322 452 3349 per
469 3311 575 3341 Litei‘as
591 3311 698 3342 nostras
718 3311 867 3348 Parentes,
884 3311 920 3341 de
941 3311 1026 3350 gratia
1041 3310 1139 3342 nostra
1153 3312 1255 3349 specia-

195 3348 233 3387 li,
253 3351 281 3379 in
297 3350 444 3380 Auxilium
458 3350 672 3380 Sustentationi's
718 3349 829 3380 Dileeti
840 3351 872 3380 ὅ(
887 3349 987 3380 Fidelis
1005 3350 1110 3387 nostri,
1131 3350 1252 3382 Roberti

195 3387 231 3418 de
251 3387 372 3427 Artoys,
390 3389 609 3419 concesierimus
631 3389 658 3418 ei
679 3373 871 3426 Cffingentas
894 3388 993 3418 Libras
1009 3411 1019 3427 ,
1045 3388 1254 3427 percipiendas,

195 3425 305 3456 sin‘rulis
320 3427 409 3457 Annis
419 3451 427 3465 ,
445 3426 578 3458 videlicet
587 3451 596 3465 ,

195 3451 444 3533 Ngffiinquaginta
474 3465 572 3495 Libras
600 3464 635 3495 de
664 3464 710 3496 illa
738 3465 855 3504 Firma,
881 3475 967 3504 quam
987 3464 1068 3496 Prior
1087 3464 1124 3496 de
1143 3465 1251 3496 Sandio

195 3540 266 3608 MEt
282 3526 492 3609 (Ziinquaginta
507 3541 621 3573 Marcas
634 3541 670 3572 de
684 3541 732 3572 illa
749 3541 861 3580 Firma,
879 3551 964 3580 quam
978 3541 1061 3572 Prior
1077 3541 1252 3573 deTheford

232 3589 531 3650 gnffiogismziii’nuatim
553 3618 667 3649 reddere
684 3627 814 3649 tenentur
837 3628 890 3656 pro
912 3618 1051 3649 Custodia
1070 3618 1251 3649 Prioratuum

168 3655 175 3663 ⁶
194 3656 397 3691 praedictorum
412 3680 422 3695 ,
449 3660 481 3688 &
504 3658 661 3688 Terrarum
683 3658 717 3688 &
737 3657 988 3688 Tenementorum
1009 3657 1044 3686 ad
1061 3667 1109 3688 eos
1124 3657 1252 3694 specstan—

194 3693 263 3722 tium
279 3716 288 3731 ,
314 3705 378 3732 quae
391 3719 400 3732 ,
425 3696 577 3725 occasione
596 3695 719 3726 Guerrae
733 3720 741 3733 ,
769 3698 841 3726 inter
861 3695 929 3726 Nos
948 3697 982 3727 ὃς
1002 3696 1065 3725 illos
1080 3695 1116 3726 de
1131 3695 1249 3726 Francia

194 3737 296 3773 motae,
315 3742 394 3770 capta
409 3733 469 3763 sunt
483 3735 510 3763 in
527 3733 651 3764 Manum
665 3733 808 3773 nostram,

232 3766 269 3810 bt
291 3769 447 3812 Reliduum
466 3771 604 3802 diclarum
626 3773 867 3812 OCtingentarum
888 3771 1039 3803 Librarum
1052 3773 1080 3802 in
1094 3772 1152 3802 aliis
1167 3773 1250 3803 certis

193 3804 279 3848 lociS,
297 3816 326 3835 in
340 3808 421 3850 literis
435 3810 537 3839 nostris
551 3810 690 3848 praedictis
704 3813 862 3850 contentis,
880 3811 1015 3849 quamdiu
1030 3811 1113 3842 nobis
1135 3810 1249 3849 placue-

195 3850 230 3872 rit
265 3844 309 3873 vel
324 3845 400 3888 aliter
411 3846 446 3876 de
461 3847 531 3878 statu
547 3850 596 3878 suo
609 3849 768 3879 duxerimus
781 3851 988 3887 ordinandum,
1119 3852 1249 3886 inex-&²⁶²³

228 3866 286 3924 Et,
304 3891 363 3925 per·
375 3883 479 3914 diversa
500 3886 597 3916 Brevia
614 3887 725 3924 nostra,
743 3888 970 3918 mandaverimus
982 3887 1129 3919 Prioribus
1146 3886 1249 3925 praedi-

194 3918 264 3962 &183
282 3919 426 3962 Vldelicet,
445 3923 579 3965 pflrtedicto
595 3925 685 3955 Priori
699 3925 734 3955 de
748 3925 836 3956 Santo
851 3926 956 3957 Neoto
969 3949 979 3966 ,
997 3926 1078 3965 quod
1091 3926 1146 3965 ipse
1160 3925 1248 3956 dictas

194 3958 411 4001 Quinquaginta
432 3958 528 4002 Libras
544 3984 553 3998 ,
578 3963 611 3992 ὃς
634 3963 750 4000 praefato
771 3963 862 3994 Priori
874 3965 911 3994 de
926 3964 1079 4002 Theford,
1097 3964 1177 4002 quod
1193 3966 1250 4002 ipse

193 3996 280 4026 dictas
302 3995 514 4038 Qiinquaginta
534 3998 645 4029 Marcas
659 4023 669 4038 ,
692 4001 728 4032 de
744 4001 845 4032 Firmis
865 4002 918 4032 suis
938 4003 1094 4041 praedietis,
1112 4002 1149 4032 de
1162 4002 1249 4034 Festo

191 4033 306 4065 Paschae
328 4038 461 4071 proximo
481 4038 621 4071 praeterito
634 4060 645 4076 ,
667 4038 830 4079 solverent,
850 4041 929 4078 quta
943 4049 1082 4079 tenorem,
1091 4039 1250 4072 Literarum

165 4091 170 4094 -
191 4071 352 4103 nostrarum
367 4071 566 4110 praedidtarum
572 4096 583 4112 ,

611 125 1410 178 CONVEN‘TIONES‚

1495 126 1894 179 LiTERAE,

1337 213 1383 245 Ac
1403 213 1489 244 iidem
1512 212 1625 244 Priores
1646 213 1986 257 nobishretornaverint',
2009 210 2165 257 videlicet,
2179 212 2270 244 distus
2289 212 2373 244 Prior
2389 204 2466 236 Ann-
2479 205 2523 238 D·

1300 250 1337 296 de
1359 252 1467 296 Sanc‘to
1490 252 1612 291 Neoto,
1632 253 1713 293 qu’od
1736 252 1793 290 lpse
1810 252 1837 282 V
1840 254 1985 296 icecomiti
2001 250 2194 296 Cantebrigize
2207 273 2219 296 ,
2235 253 2269 283 &
2283 250 2372 296 Hun-
2417 246 2502 285 1338·

1303 299 1451 335 tingtoniae
1465 315 1474 329 ,
1501 292 1534 322 δε
1549 291 1691 333 Magistro
1713 292 1747 322 ὃς
1762 290 1923 335 Scolaribiis
1937 287 2263 357 nostrzCantebrigiae,
2276 290 2314 334 ,δε
2327 290 2373 320 ἀι·
2387 286 2457 313 Edv·
2477 294 2503 322 3-

1301 329 1365 397 33¹3
1374 328 2035 437 ,fissili0lssissffi¹eisslz¹5affiffig53”slfssfflos
2050 328 2371 411 ssssisssssfiff‘havgssfacr‘ss

1301 414 1500 444 contingentes
1514 431 1524 445 ,
1548 416 1651 437 virtute
1694 406 1880 437 ‘Iandatorum
1900 404 2067 436 nostrorum
2082 429 2091 442 ,
2110 415 2149 435 eis
2162 405 2229 436 inde
2241 405 2370 437 directo-

1312 454 1377 512 ruffi
1391 453 1455 476 ante
1467 447 1665 484 receptionem
1679 445 1824 476 distorum
1838 444 1973 475 Brevium
1986 443 2154 474 nostrorum
2167 443 2332 484 solverunt,

1378 493 1411 512 os

1338 507 1475 552 Volei’ites
1492 521 1584 552 eidem
1599 522 1733 553 Roberto
1747 546 1757 560 ,
1782 521 1818 552 de
1833 521 1974 559 praedicitis
1987 521 2199 561 Qiaterviginti
2214 521 2248 553 &
2262 521 2374 554 Tribus

1301 559 1415 598 Libris,
1432 560 1486 591 Sex
1501 560 1619 599 Solidis,
1637 561 1671 591 ὃς
1687 560 1770 591 ocio
1786 560 1933 598 Deiiariis‚
1952 560 2093 598 satisfieri,

1340 598 1432 628 Vobis
1454 599 1620 629 mandamus
1641 599 1719 637 quod
1737 599 1830 630 eidem
1854 599 1989 629 Roberto
2004 622 2014 636 ,
2038 598 2084 629 vel
2106 597 2164 635 ejus
2180 599 2208 628 in
2223 598 2276 629 hac
2290 607 2368 639 parte

1299 636 1471 675 Attornato,
1488 637 1581 668 dictos
1597 638 1809 676 Qaterviginti
1831 638 1864 668 ὃς
1877 638 1949 668 Tres
1967 637 2064 667 Libras
2079 659 2090 675 ‚
2115 637 2170 667 Sex
2184 637 2312 676 Solidos,
2331 639 2366 670 &

1301 675 1383 705 Osto
1404 675 1542 706 Denarios
1555 698 1566 714 ,
1589 675 1626 705 de
1640 675 1788 706 Thesauro
1812 675 1910 706 nostro
1924 699 1934 714 ,
1953 676 2009 706 fine
2023 675 2159 706 dilatione
2173 675 2262 714 solvi,
2279 677 2326 707 vel
2341 678 2369 708 ei

1301 714 1367 744 inde
1382 722 1597 752 competentem
1615 713 1841 751 Assignationem
1856 716 1885 744 iu
1898 715 1967 745 locis
1983 737 1993 753 ‚
2012 715 2060 745 ubi
2073 713 2124 744 sibi
2140 715 2177 745 de
2191 713 2321 746 Denariis
2336 716 2370 746 il-

1300 752 1332 781 lis
1351 752 1476 782 celeriter
1496 751 1616 783 satisfieri
1635 754 1757 790 poterit,
1776 754 1879 787 habere
1903 753 2027 792 faciatis,
2045 752 2140 792 aliquo
2159 751 2300 784 Mandato
2314 764 2369 785 no—

1300 790 1359 821 stro
1368 814 1378 829 ,
1396 791 1478 822 vobis
1493 792 1523 821 in
1537 792 1711 821 contrarium
1726 790 1836 822 direisto
1845 816 1855 829 ,
1873 802 1934 822 non
1946 792 2088 823 obstante.

1299 867 1425 943 gu'Epste
1438 866 1569 898 Custode
1582 867 1693 907 Angliie
1705 867 1779 906 apud
1791 867 2060 907 Norharnptoniam
2076 891 2087 908 ,
2105 868 2230 900 secundo
2248 869 2294 900 die
2307 869 2369 901 Au-

1667 985 1722 1014 Per
1733 981 1816 1024 ipfiam
1827 987 1931 1014 Ducem
1945 981 1984 1019 ὦ·
2001 990 2089 1014 totum
2105 984 2259 1016 Concilium.

1300 1106 1359 1141 Ad
1373 1110 1413 1141 E.
1438 1110 1546 1154 Regem
1571 1111 1728 1141 Scotorum
1740 1109 1832 1155 fitper
1858 1105 1997 1151 Custodia
2016 1110 2052 1140 V
2051 1109 2105 1140 illae
2120 1111 2225 1143 Sanni
2240 1108 2366 1157 Johan-

1523 1160 1588 1199 nis,
1612 1155 1728 1190 ‘Thomae
1747 1155 1888 1205 Ughtred
1906 1156 2131 1191 committenda.

2382 1231 2459 1263 Ann.
2476 1232 2519 1265 D.

2405 1267 2491 1312 1338.

2382 1315 2436 1338 An.
2456 1322 2499 1339 ιι.

1298 1239 1442 1298 REX,
1463 1240 1517 1272 Ma
1540 1242 1629 1274 nifico
1649 1241 1802 1283 principi,
1821 1242 1958 1274 Domino
1980 1241 2135 1282 Edwardo,
2166 1243 2244 1283 Regi
2257 1243 2363 1277 Scoto-

1374 1290 1439 1310 rum
1461 1279 1514 1311 Illu
1543 1282 1588 1319 ri,
1615 1281 1837 1322 Consanguineo
1851 1281 1900 1312 suo
1915 1281 2076 1321 carissimo,
2094 1281 2240 1322 Salutem,
2257 1283 2310 1323 &,
2327 1284 2362 1316 ad

1298 1325 1384 1356 vota,
1401 1318 1540 1350 successus
1553 1319 1700 1358 prosperos
1714 1331 1748 1352 ac
1765 1321 1868 1352 felices.

1334 1356 1417 1388 Cum
1433 1381 1454 1401 ,-
1469 1367 1524 1402 pro
1543 1359 1583 1388 rei
1602 1359 1727 1399 publicae
1743 1383 1753 1398 ,
1773 1369 1807 1390 ac
1826 1359 1987 1391 vestrorum
2000 1360 2035 1391 &
2049 1358 2216 1390 nostrorum
2231 1359 2366 1392 Subdito-
2384 1354 2414 1377 Ε·
2437 1359 2462 1387 3·

1299 1404 1362 1425 rum
1379 1418 1390 1434 ,
1415 1396 1533 1427 utilitate
1555 1398 1588 1428 &
1601 1398 1765 1429 commodo
1799 1398 1836 1429 de
1849 1397 1988 1429 Concilio
2002 1398 2121 1436 nostro,
2140 1399 2366 1430 ordinaverimus
2386 1392 2453 1416 3⁶⁰¹·
2470 1396 2511 1414 ¹²·

1299 1434 1397 1501 guod,
1418 1434 1548 1478 Dilectus
1559 1436 1593 1466 &
1608 1421 1836 1481 Fidelis'nosier,
1855 1437 1986 1481 Thomas
1995 1436 2132 1483 Ughtred
2144 1437 2244 1468 habeat
2257 1436 2367 1469 Custo-
2391 1431 2421 1454 E.
2438 1436 2463 1463 3·
2473 1434 2510 1453 ”⁹⁴

1321 1472 1474 1519 ¹²¹¹LV¹Hae
1487 1474 1583 1504 Sandb
1594 1473 1733 1513 Johannis
1748 1475 1785 1506 de
1798 1475 1887 1507 Perrh
1901 1485 1930 1505 in
1944 1475 2043 1506 Scotia
2058 1499 2068 1514 ,
2084 1485 2139 1514 pro
2155 1476 2290 1507 securiori
2305 1477 2368 1508 Cu·
2391 1467 2420 1493 ⁶·
2437 1466 2463 1493 d·

1301 1511 1393 1555 stodia
1407 1513 1528 1550 partium
1542 1513 1669 1552 illarum,
1687 1514 1721 1545 &
1734 1514 1894 1553 repulsione
1907 1513 2074 1546 nostrorum
2088 1515 2122 1546 &
2136 1514 2298 1546 vestrorum
2310 1515 2369 1546 Ini-

1301 1560 1447 1580 micorum
1460 1551 1566 1582 ibidem
1573 1575 1583 1591 ‚

1338 1588 1472 1619 Vestram
1492 1591 1659 1622 Amicitiam
1682 1593 1851 1630 requirimus
1866 1617 1876 1631 ,
1903 1593 1937 1624 &
1957 1601 2090 1631 rogamus
2105 1615 2115 1630 ,
2153 1593 2261 1624 uatinus
2275 1592 2369 1624 eidem

1299 1627 1428 1672 Thomae
1444 1627 1615 1660 Custodiam
1630 1628 1716 1660 Villae
1731 1631 1894 1671 praedicstae,
1912 1640 1962 1670 per
1978 1631 2086 1662 Literas
2098 1632 2146 1662 vel
2162 1641 2204 1662 ras
2218 1630 2367 1671 Parentes,

1300 1675 1331 1696 in
1346 1666 1441 1697 forma
1456 1666 1567 1706 debita,
1586 1670 1717 1700 commiti
1733 1669 1858 1708 faciatis,

1338 1704 1447 1748 Dantes
1459 1706 1572 1737 ulterius
1608 1717 1659 1745 per
1671 1715 1803 1739 tenorem
1819 1708 1977 1739 Literarum
1989 1718 2103 1747 earum,
2122 1708 2257 1740 universis
2271 1709 2305 1741 &
2314 1709 2371 1740 sin-

1301 1743 1378 1788 gulls'
1393 1744 1518 1775 sabaitis
1538 1729 1635 1789 vpi’iris
1650 1768 1660 1783 ‚
1681 1746 1718 1776 de
1737 1746 1812 1778 ¹viiia
1826 1747 1962 1785 praedieta
1975 1771 1986 1786 ‚
2009 1758 2043 1778 ac
2059 1749 2182 1786 partibus
2196 1748 2266 1779 uina
2280 1747 2368 1780 Mare

1299 1781 1424 1826 Scotiae,
1442 1782 1521 1820 quod
1535 1783 1630 1826 eidem
1645 1784 1795 1824 Thomae,
1813 1794 1948 1824 tanquam
1967 1786 2091 1818 Custodi
2104 1785 2188 1817 Villae
2202 1786 2367 1827 praedictae,

1298 1821 1332 1851 ὃς
1352 1829 1474 1865 partium
1497 1821 1685 1859 adjacentium
1699 1847 1710 1861 ,
1735 1824 1765 1854 in
1780 1825 1931 1862 omnibus,
1947 1833 2012 1862 quae
2025 1820 2060 1857 ad
2072 1824 2176 1855 salvam
2190 1826 2225 1856 &
2240 1825 2367 1857 securam

1299 1858 1470 1889 Custodiam
1485 1860 1667 1899 earumdem,
1685 1871 1717 1892 ac
1734 1862 1923 1900 repulsionem
1938 1862 2085 1894 dictorum
2097 1862 2292 1894 Inimicorurn
2311 1874 2366 1895 no-

1299 1897 1479 1967 strgnssmb&
1500 1898 1662 1930 vestrorum
1678 1924 1689 1937 ,
1713 1902 1854 1938 pertinere
1874 1910 2028 1941 poterunt,
2045 1911 2158 1940 pareant
2173 1902 2367 1934 &intendant

1299 1946 1329 1967 ut
1362 1946 1377 1967 e
1399 1947 1414 1967 e
1436 1946 1496 1968 unt.

1336 2013 1426 2045 Teste
1439 2014 1582 2047 Edwardo
1598 2014 1685 2046 Duce
1703 2015 1864 2048 Cornubiae
1885 2018 1918 2048 &
1931 2016 2052 2048 Comite
2065 2015 2204 2055 Cestriae,
2222 2016 2296 2047 Filio
2309 2027 2365 2048 no-

1297 2051 1522 2132 ἓὲοΑῗέ-Ξῇῑῗιο
1534 2079 1545 2092 ,
1570 2052 1702 2085 Custode
1719 2054 1849 2096 Angliae,
1874 2056 1947 2096 apud
1964 2055 2248 2094 Norbamptoniam,
2263 2064 2366 2095 quarto

2040 2172 2094 2201 Per
2107 2168 2261 2202 Concilium.

1297 2298 1345 2331 De
1362 2297 1476 2331 Eodem
1499 2298 1619 2333 Thema
1637 2302 1864 2334 Locnmtenente
1882 2296 2064 2345 Justiciarii
2084 2300 2184 2331 Scotiae
2199 2295 2364 2341 constituto.
2410 2328 2419 2332 ,

1295 2383 1382 2441 RE
1392 2383 1422 2414 X
1431 2408 1440 2422 ,
1461 2383 1580 2415 Dilecto
1593 2385 1626 2416 &
1640 2384 1729 2415 Fideli
1743 2384 1810 2423 suo,
1826 2383 1958 2415 Henrico
1974 2382 2010 2413 de
2022 2382 2102 2414 Bello
2116 2382 2241 2421 Monte,
2256 2380 2362 2413 Comi-
2383 2374 2461 2407 Ann-
2470 2374 2514 2407 DJ

1333 2424 1386 2490 Cti
1401 2423 1437 2453 de
1451 2422 1588 2462 Boghan,
1607 2433 1640 2454 ac
1650 2423 1813 2463 Justiciario
1827 2423 1953 2461 Scotiae,
1971 2421 2106 2453 Salutem.
2382 2423 2436 2481 Aln3
2442 2415 2488 2481 3¹}-

1365 2471 1415 2492 um
2430 2475 2436 2481 ι
2488 2475 2495 2482 ι

1332 2498 1391 2530 Pro
1411 2484 1568 2539 &pulsione
1587 2501 1747 2533 Scotorum
1762 2525 1772 2539 ,
1798 2499 1988 2531 Inimicorum
2010 2500 2044 2530 δε
2065 2497 2231 2529 Rebellium
2245 2495 2362 2528 nostro-
2381 2496 2420 2536 E..
2435 2501 2460 2528 3·

1294 2547 1358 2568 rum
1373 2562 1383 2577 ,
1406 2550 1440 2570 ac
1459 2539 1533 2570 salva
1551 2541 1585 2571 δε
1609 2539 1705 2570 secura
1725 2539 1856 2570 custodia
1879 2538 1962 2569 Villae
1990 2538 2027 2568 de
2045 2536 2152 2567 Sancto
2171 2534 2305 2574 Johanne
2324 2535 2362 2566 de
2382 2530 2487 2559 Ibidem.

1294 2577 1398 2616 Perth,
1417 2580 1451 2609 &
1467 2579 1589 2616 partium
1602 2578 1808 2617 adjacentium,
2092 2613 2097 2618 ι
2288 2613 2292 2618 ,
2343 2613 2348 2618 q

1330 2615 1379 2646 De
1400 2615 1540 2647 Concilio
1560 2617 1661 2647 nostro
1681 2616 1904 2647 ordinaverimus
1925 2613 2004 2652 quod
2021 2636 2032 2651 ,
2057 2612 2190 2644 Dilectus
2211 2613 2246 2644 δε
2261 2611 2364 2643 Fidelis

1293 2654 1389 2684 noster
1403 2677 1413 2693 ‚
1437 2655 1569 2685 Thomas
1585 2654 1722 2692 Ughtred
1743 2654 1844 2684 habeat
1864 2652 2035 2683 Custodiam
2058 2651 2142 2682 Villae
2164 2651 2312 2689 praedietae
2325 2652 2361 2683 &

1292 2693 1414 2730 partium
1429 2693 1594 2723 earumdem
1603 2716 1614 2732 ‚

1330 2731 1349 2749 ²*
1369 2730 1407 2761 Et
1420 2733 1614 2770 rogaverimus
1629 2753 1638 2769 ,
1655 2729 1793 2761 diledfflm
1810 2729 2064 2766 Consanguineum
2079 2727 2230 2767 nostrum,
2247 2727 2361 2759 Domi·
2381 2730 2397 2747 ⁴*
2416 2733 2451 2760 V.
2462 2734 2508 2766 71.

1292 2778 1362 2799 num
1377 2768 1553 2800 Edwardum
1567 2794 1576 2808 ,
1600 2770 1715 2809 Regem
1729 2768 1835 2799 Scotiae
1855 2768 1992 2798 illustrem
2001 2791 2011 2806 ,
2029 2767 2107 2805 quod
2119 2766 2216 2798 eidem
2228 2766 2362 2798 Thomae

1293 2807 1465 2854 Custodiam
1477 2808 1659 2877 prifieldic'tam,
1679 2817 1728 2846 per
1744 2808 1851 2839 Literas
1870 2807 1927 2837 suas
1943 2806 2074 2837 Parentes
2092 2829 2103 2845 ,
2121 2807 2151 2836 in
2163 2805 2261 2837 forma
2278 2805 2360 2836 debi-

1293 2854 1321 2877 ta
1355 2855 1500 2877 committi
1541 2856 1595 2878 ciat

1330 2869 1376 2915 Ἀρ
1398 2885 1547 2924 expediens
1570 2869 1656 2917 lit’&
1676 2884 1789 2916 necesse
1808 2883 1886 2923 quod
1907 2883 2058 2922 praedie'tus
2077 2882 2209 2914 Thomas
2225 2881 2360 2914 officium

1295 2923 1422 2955 vestrum
1437 2947 1446 2963 ,
1472 2925 1502 2954 in
1523 2925 1644 2968 partibus
1664 2924 1821 2962 praedictis,
1836 2925 1865 2953 in
1879 2922 2002 2954 absentia
2015 2921 2125 2960 vestra,
2143 2931 2289 2953 excercmt
2304 2932 2360 2960 pro

1290 2962 1395 3001 justitia
1409 2963 1588 3001 querentibus
1602 2962 1776 3001 exhibenda,
1793 2963 1828 2994 ὃς
1841 2961 2068 3000 delinquentibus
2099 2961 2178 2999 juxta
2195 2970 2297 2991 eorum
2309 2960 2360 2991 de-

1294 3002 1411 3040 merita,
1428 3001 1594 3041 puniendis,
1612 3011 1740 3040 paceque
1756 3002 1786 3031 in
1801 3001 1900 3032 melius
1915 3000 2059 3031 reforman
2080 2999 2115 3036 a,

1332 3039 1424 3070 Vobis
1446 3039 1621 3071 Mandamus
1634 3064 1645 3079 ,
1669 3049 1798 3087 rogantes
1814 3063 1824 3078 ,
1842 3039 1973 3078 quatinus
1987 3038 2078 3082 ipsum
2090 3036 2242 3080 Thomam
2256 3036 2356 3068 locum

1293 3077 1422 3109 vestrum
1445 3088 1590 3110 tenentem
1609 3080 1638 3108 in
1652 3078 1726 3110 Villa
1742 3078 1892 3116 praedicta,
1909 3078 1943 3109 &
1960 3077 2085 3116 partibus
2094 3075 2206 3120 ⁶Scotiae
2221 3075 2357 3120 transma-

1293 3118 1376 3156 rinis,
1395 3127 1445 3155 per
1466 3117 1572 3148 Literas
1596 3117 1698 3149 vestras
1718 3117 1865 3155 patentes,
1882 3118 1912 3146 in
1926 3114 2023 3146 forma
2036 3113 2148 3158 debita,
2162 3113 2355 3152 constituam,

1294 3155 1460 3225 cciiimflplena
1473 3156 1611 3225 poteffadtie
1626 3156 1747 3187 faciendi
1762 3156 1802 3223 &t
1809 3153 1978 3223 effla&
1993 3162 2090 3184 omnia
2101 3153 2136 3184 &
2148 3152 2271 3193 singula,
2289 3162 2355 3192 quae

1291 3204 1306 3224 a
1339 3205 1357 3225 o
1393 3204 1471 3225 cium
1485 3203 1542 3233 prae
1564 3205 1572 3224 i
1605 3205 1653 3226 um
1667 3202 1789 3232 poterim
1814 3203 1834 3233 p
1923 3202 1935 3222 r
1954 3215 1960 3222 .

1330 3270 1419 3302 Teste
1434 3279 1464 3302 ut
1479 3270 1567 3308 supra.

2022 3348 2077 3377 Per
2091 3344 2244 3377 Concilium.

1311 3491 1404 3535 Super
1428 3490 1532 3521 Minis
1547 3488 1636 3522 Auri
1663 3491 1700 3526 ὠ*
1719 3490 1868 3536 Argenti,
1892 3500 1928 3521 ac
1947 3486 2101 3534 Thefhuro
2115 3483 2282 3532 absc'ondito
2301 3486 2334 3517 in

1662 3539 1816 3570 Comitam
1834 3539 1984 3571 Deveniae.

1290 3621 1426 3683 REX
1453 3622 1605 3660 omnibus,
1621 3621 1657 3651 ad
1674 3622 1832 3660 quos,&c.
1850 3622 1985 3653 Salutem.
2334 3655 2340 3662 ,
2375 3620 2504 3653 Ann.D.⁴

1389 3659 1470 3691 Cum
1519 3671 1568 3698 per
1596 3660 1701 3690 Literas
1725 3660 1833 3691 nostras
1856 3660 2004 3698 patentes,
2021 3655 2290 3691 concefferimus&
2305 3654 2355 3700 Li-
2398 3662 2483 3702 1338.

1288 3701 1412 3729 centiam
1433 3683 1594 3729 dederimus
1607 3723 1616 3736 ,
1641 3708 1695 3737 pro
1716 3700 1800 3729 nobis
1813 3724 1822 3738 ‚
1839 3700 1873 3731 ὃς
1888 3699 2059 3730 Haeredibus
2071 3696 2191 3734 nostris,
2209 3693 2350 3738 Praelatis,
2369 3703 2423 3728 An.
2441 3709 2484 3728 12.

1288 3735 1452 3767 Comitibus
1465 3760 1476 3776 ‚
1501 3736 1655 3768 Batonibus
1669 3761 1678 3775 ,
1696 3747 1729 3767 ac
1741 3739 1850 3768 caeteris
1865 3737 2062 3774 Hominibus,
2080 3735 2117 3766 de
2131 3734 2350 3777 Communitate
2367 3742 2397 3766 Ε.
2416 3747 2442 3775 3.

1287 3774 1453 3806 Comitatus
1475 3774 1618 3806 Devoniae
1634 3798 1644 3814 ,
1669 3785 1703 3806 ac
1715 3786 1817 3806 eorum
1832 3776 2002 3806 Haeredibus
2016 3775 2050 3806 ὅτ.
2065 3771 2297 3816 successoribus,
2314 3773 2349 3804 &
2366 3780 2424 3805 Pat.
2442 3780 2488 3805 ης

1287 3813 1362 3851 aliis,
1384 3814 1488 3844 Terras
1501 3815 1535 3845 δε
1550 3814 1732 3844 Tenementa
1745 3814 1852 3844 ibidem
1867 3814 2049 3850 habentibus,
2067 3812 2101 3843 &
2115 3810 2350 3853 habituris,qu0d
2366 3818 2396 3842 Ε.
2417 3823 2444 3851 3.
2457 3820 2484 3852 p.

1286 3849 1341 3888 Ipfi
1375 3853 1409 3883 &
1423 3862 1525 3883 eorum
1538 3852 1637 3890 singuli
1653 3877 1662 3890 ,
1690 3852 1793 3883 Solum
1815 3853 1896 3883 suum
1920 3851 2090 3889 Proprium,
2112 3857 2164 3892 pro
2178 3847 2264 3892 Mina
2279 3849 2350 3879 Auri
2367 3862 2394 3882 2.
2408 3861 2446 3881 m.
2457 3861 2486 3887 4.

1287 3890 1322 3958 ᾖ
1338 3875 1474 3958 &gg-inti,
1493 3891 1526 3922 &
1542 3901 1597 3929 pro
1612 3885 1762 3921 Thesauro
1777 3886 2139 3928 Abscondit02quaerendis
2154 3887 2188 3918 &
2202 3888 2352 3918 invenien-

1317 3937 1329 3957 s
1415 3939 1462 3959 ere

1351 3975 1362 3996 t
1377 3952 1482 3998 dietam
1498 3966 1613 3998 Minam
1629 3967 1748 3998 Auri&
1763 3966 1806 3998 Ar
1825 3967 1897 4004 enti,
1915 3974 1964 4003 per
1976 3962 2074 3994 Visum
2087 3963 2121 3993 &
2136 3962 2353 3995 Testimonium

1289 4004 1433 4042 cujusdam
1451 4004 1583 4043 Clerici,
1607 4015 1659 4042 per
1674 4005 1746 4036 Nos
1766 3976 1961 4039 veffHaeredae
1972 4000 2086 4033 nostros
2099 4000 2135 4033 ad
2149 4001 2209 4040 hoc
2219 4002 2358 4042 depunun-

1291 4042 1338 4082 di,
1357 4051 1476 4083 purgare
1488 4045 1523 4077 &
1537 4043 1723 4082 perafflaare,
2312 4075 2358 4110 Ac
