<?xml version="1.0" encoding="UTF-8"?>
<!DOCTYPE html PUBLIC "-//W3C//DTD XHTML 1.0 Transitional//EN"
    "http://www.w3.org/TR/xhtml1/DTD/xhtml1-transitional.dtd">
<html xmlns="http://www.w3.org/1999/xhtml" xml:lang="en" lang="en">
 <head>
  <title>
</title>
<meta http-equiv="Content-Type" content="text/html;charset=utf-8" />
  <meta name='ocr-system' content='tesseract 3.04.00' />
  <meta name='ocr-capabilities' content='ocr_page ocr_carea ocr_par ocr_line ocrx_word'/>
</head>
<body>
  <div class='ocr_page' id='page_1' title='image "./fderaconventione02ryme_0274.png"; bbox 0 0 2562 4279; ppageno 0'>
   <div class='ocr_carea' id='block_1_1' title="bbox 227 165 1289 405">
    <p class='ocr_par' dir='ltr' id='par_1_1' title="bbox 227 165 1289 253">
     <span class='ocr_line' id='line_1_1' title="bbox 227 165 1289 216; baseline -0.012 -7"><span class='ocrx_word' id='word_1_1' title='bbox 227 177 321 208; x_wconf 87' lang='lat' dir='ltr'>inferri</span> <span class='ocrx_word' id='word_1_2' title='bbox 334 174 495 216; x_wconf 81' lang='lat' dir='ltr'>permittatis</span> <span class='ocrx_word' id='word_1_3' title='bbox 512 170 644 209; x_wconf 86' lang='lat' dir='ltr'>Injuriam</span> <span class='ocrx_word' id='word_1_4' title='bbox 660 191 669 207; x_wconf 90' lang='lat'>,</span> <span class='ocrx_word' id='word_1_5' title='bbox 688 167 853 199; x_wconf 87' lang='lat' dir='ltr'>Molestiam</span> <span class='ocrx_word' id='word_1_6' title='bbox 865 190 876 207; x_wconf 82' lang='lat'>,</span> <span class='ocrx_word' id='word_1_7' title='bbox 892 167 1078 206; x_wconf 86' lang='lat' dir='ltr'>Dampnum,</span> <span class='ocrx_word' id='word_1_8' title='bbox 1093 165 1289 206; x_wconf 86' lang='lat' dir='ltr'>Impedimen-</span> 
     </span>
     <span class='ocr_line' id='line_1_2' title="bbox 228 208 856 253; baseline -0.025 -6"><span class='ocrx_word' id='word_1_9' title='bbox 228 225 289 247; x_wconf 89' lang='lat' dir='ltr'>tum</span> <span class='ocrx_word' id='word_1_10' title='bbox 303 214 430 253; x_wconf 79' lang='lat' dir='ltr'>aliquod,</span> <span class='ocrx_word' id='word_1_11' title='bbox 448 212 493 242; x_wconf 88' lang='lat' dir='ltr'>seu</span> <span class='ocrx_word' id='word_1_12' title='bbox 508 208 670 239; x_wconf 85' lang='lat' dir='ltr'>Gravamen</span> <span class='ocrx_word' id='word_1_13' title='bbox 682 219 693 250; x_wconf 46' lang='grc' dir='ltr'><strong>ᾗ</strong></span> <span class='ocrx_word' id='word_1_14' title='bbox 851 245 856 250; x_wconf 33' lang='grc' dir='ltr'>ι</span> 
     </span>
    </p>

    <p class='ocr_par' dir='ltr' id='par_1_2' title="bbox 227 242 1287 405">
     <span class='ocr_line' id='line_1_3' title="bbox 267 242 1286 291; baseline -0.013 -6"><span class='ocrx_word' id='word_1_15' title='bbox 267 255 316 284; x_wconf 79' lang='lat' dir='ltr'>Set</span> <span class='ocrx_word' id='word_1_16' title='bbox 337 253 424 291; x_wconf 86' lang='lat' dir='ltr'>ipsum</span> <span class='ocrx_word' id='word_1_17' title='bbox 448 250 530 280; x_wconf 81' lang='lat' dir='ltr'>nobis</span> <span class='ocrx_word' id='word_1_18' title='bbox 543 271 551 283; x_wconf 83' lang='lat'>,</span> <span class='ocrx_word' id='word_1_19' title='bbox 567 247 603 276; x_wconf 87' lang='lat' dir='ltr'>sic</span> <span class='ocrx_word' id='word_1_20' title='bbox 618 245 758 275; x_wconf 86' lang='lat' dir='ltr'>redditum</span> <span class='ocrx_word' id='word_1_21' title='bbox 775 267 785 283; x_wconf 90' lang='lat'>,</span> <span class='ocrx_word' id='word_1_22' title='bbox 802 245 835 275; x_wconf 92' lang='lat'>&amp;</span> <span class='ocrx_word' id='word_1_23' title='bbox 850 255 879 274; x_wconf 92' lang='lat' dir='ltr'>in</span> <span class='ocrx_word' id='word_1_24' title='bbox 894 242 1070 284; x_wconf 59' lang='lat' dir='ltr'>Conduffl,</span> <span class='ocrx_word' id='word_1_25' title='bbox 1086 252 1156 282; x_wconf 85' lang='lat' dir='ltr'>pace</span> <span class='ocrx_word' id='word_1_26' title='bbox 1171 243 1204 273; x_wconf 90' lang='lat'>&amp;</span> <span class='ocrx_word' id='word_1_27' title='bbox 1219 252 1286 281; x_wconf 89' lang='lat' dir='ltr'>pro-</span> 
     </span>
     <span class='ocr_line' id='line_1_4' title="bbox 229 281 1286 322; baseline -0.012 1"><span class='ocrx_word' id='word_1_28' title='bbox 229 293 354 322; x_wconf 66' lang='lat' dir='ltr'>teiftione</span> <span class='ocrx_word' id='word_1_29' title='bbox 377 288 472 320; x_wconf 79' lang='lat' dir='ltr'>nostra</span> <span class='ocrx_word' id='word_1_30' title='bbox 491 286 671 322; x_wconf 87' lang='lat' dir='ltr'>existentem,</span> <span class='ocrx_word' id='word_1_31' title='bbox 689 284 722 314; x_wconf 87' lang='lat'>&amp;</span> <span class='ocrx_word' id='word_1_32' title='bbox 736 284 765 313; x_wconf 93' lang='lat' dir='ltr'>in</span> <span class='ocrx_word' id='word_1_33' title='bbox 779 282 920 313; x_wconf 73' lang='lat' dir='ltr'>Custodia</span> <span class='ocrx_word' id='word_1_34' title='bbox 936 292 984 320; x_wconf 90' lang='lat' dir='ltr'>per</span> <span class='ocrx_word' id='word_1_35' title='bbox 1004 292 1057 312; x_wconf 91' lang='lat' dir='ltr'>nos</span> <span class='ocrx_word' id='word_1_36' title='bbox 1078 281 1286 319; x_wconf 85' lang='lat' dir='ltr'>commissum,</span> 
     </span>
     <span class='ocr_line' id='line_1_5' title="bbox 229 320 1287 361; baseline -0.011 0"><span class='ocrx_word' id='word_1_37' title='bbox 229 333 265 361; x_wconf 80' lang='lat' dir='ltr'>ab</span> <span class='ocrx_word' id='word_1_38' title='bbox 279 330 360 360; x_wconf 90' lang='lat' dir='ltr'>omni</span> <span class='ocrx_word' id='word_1_39' title='bbox 373 325 511 357; x_wconf 73' lang='lat' dir='ltr'>Violentic&#39;i</span> <span class='ocrx_word' id='word_1_40' title='bbox 527 347 536 361; x_wconf 89' lang='lat'>,</span> <span class='ocrx_word' id='word_1_41' title='bbox 553 324 691 361; x_wconf 82' lang='lat' dir='ltr'>Dainpno</span> <span class='ocrx_word' id='word_1_42' title='bbox 703 346 713 360; x_wconf 88' lang='lat'>,</span> <span class='ocrx_word' id='word_1_43' title='bbox 731 322 764 353; x_wconf 90' lang='lat'>&amp;</span> <span class='ocrx_word' id='word_1_44' title='bbox 787 322 991 361; x_wconf 91' lang='lat' dir='ltr'>Inquietatione</span> <span class='ocrx_word' id='word_1_45' title='bbox 1005 331 1057 359; x_wconf 86' lang='lat' dir='ltr'>pro</span> <span class='ocrx_word' id='word_1_46' title='bbox 1070 321 1174 350; x_wconf 86' lang='lat' dir='ltr'>viribus</span> <span class='ocrx_word' id='word_1_47' title='bbox 1190 320 1287 350; x_wconf 84' lang='lat' dir='ltr'>defen-</span> 
     </span>
     <span class='ocr_line' id='line_1_6' title="bbox 227 358 1287 405; baseline -0.01 -6"><span class='ocrx_word' id='word_1_48' title='bbox 227 370 313 405; x_wconf 68' lang='lat' dir='ltr'>datis,</span> <span class='ocrx_word' id='word_1_49' title='bbox 331 367 378 403; x_wconf 85' lang='lat'>&amp;‚</span> <span class='ocrx_word' id='word_1_50' title='bbox 399 365 418 395; x_wconf 89' lang='lat' dir='ltr'>si</span> <span class='ocrx_word' id='word_1_51' title='bbox 431 363 498 403; x_wconf 85' lang='lat' dir='ltr'>quid</span> <span class='ocrx_word' id='word_1_52' title='bbox 512 364 538 392; x_wconf 92' lang='lat' dir='ltr'>ei</span> <span class='ocrx_word' id='word_1_53' title='bbox 554 361 728 392; x_wconf 70' lang='lat' dir='ltr'>forisfactum</span> <span class='ocrx_word' id='word_1_54' title='bbox 741 361 840 399; x_wconf 87' lang='lat' dir='ltr'>fuerit,</span> <span class='ocrx_word' id='word_1_55' title='bbox 858 360 886 391; x_wconf 91' lang='lat' dir='ltr'>id</span> <span class='ocrx_word' id='word_1_56' title='bbox 901 361 943 398; x_wconf 91' lang='lat' dir='ltr'>ei,</span> <span class='ocrx_word' id='word_1_57' title='bbox 961 360 1019 390; x_wconf 86' lang='lat' dir='ltr'>sine</span> <span class='ocrx_word' id='word_1_58' title='bbox 1032 359 1166 389; x_wconf 87' lang='lat' dir='ltr'>dilatione</span> <span class='ocrx_word' id='word_1_59' title='bbox 1179 358 1287 398; x_wconf 65' lang='lat' dir='ltr'>aliqua,</span> 
     </span>
    </p>
   </div>
   <div class='ocr_carea' id='block_1_2' title="bbox 223 404 943 481">
    <p class='ocr_par' dir='ltr' id='par_1_3' title="bbox 223 404 943 481">
     <span class='ocr_line' id='line_1_7' title="bbox 223 404 490 438; baseline -0.026 0"><span class='ocrx_word' id='word_1_60' title='bbox 223 405 365 438; x_wconf 86' lang='lat' dir='ltr'>emendari</span> <span class='ocrx_word' id='word_1_61' title='bbox 378 404 490 433; x_wconf 59' lang='lat' dir='ltr'>faciatis.</span> 
     </span>
     <span class='ocr_line' id='line_1_8' title="bbox 263 437 943 481; baseline -0.01 -7"><span class='ocrx_word' id='word_1_62' title='bbox 263 443 297 475; x_wconf 86' lang='lat' dir='ltr'>In</span> <span class='ocrx_word' id='word_1_63' title='bbox 312 443 403 481; x_wconf 86' lang='lat' dir='ltr'>cujus,</span> <span class='ocrx_word' id='word_1_64' title='bbox 421 442 480 472; x_wconf 71' lang='lat' dir='ltr'>&amp;o</span> <span class='ocrx_word' id='word_1_65' title='bbox 496 449 545 478; x_wconf 87' lang='lat' dir='ltr'>per</span> <span class='ocrx_word' id='word_1_66' title='bbox 558 448 648 474; x_wconf 83' lang='lat' dir='ltr'>unum</span> <span class='ocrx_word' id='word_1_67' title='bbox 663 437 782 471; x_wconf 86' lang='lat' dir='ltr'>Annum</span> <span class='ocrx_word' id='word_1_68' title='bbox 794 437 943 468; x_wconf 84' lang='lat' dir='ltr'>duraturas.</span> 
     </span>
    </p>
   </div>
   <div class='ocr_carea' id='block_1_3' title="bbox 74 158 210 264">
    <p class='ocr_par' dir='ltr' id='par_1_4' title="bbox 74 158 210 264">
     <span class='ocr_line' id='line_1_9' title="bbox 74 158 210 189; baseline -0.022 0"><span class='ocrx_word' id='word_1_69' title='bbox 74 158 153 189; x_wconf 76' lang='lat' dir='ltr'>Ann.</span> <span class='ocrx_word' id='word_1_70' title='bbox 168 158 210 188; x_wconf 94' lang='lat' dir='ltr'>D.</span> 
     </span>
     <span class='ocr_line' id='line_1_10' title="bbox 98 204 181 237; baseline -0.012 -11"><span class='ocrx_word' id='word_1_71' title='bbox 98 204 181 237; x_wconf 80' lang='lat'>1321.</span> 
     </span>
     <span class='ocr_line' id='line_1_11' title="bbox 74 238 186 264; baseline 0.009 -2"><span class='ocrx_word' id='word_1_72' title='bbox 74 238 141 264; x_wconf 69' lang='lat' dir='ltr'>Edv.</span> <span class='ocrx_word' id='word_1_73' title='bbox 161 246 186 264; x_wconf 73' lang='grc' dir='ltr'>ι..</span> 
     </span>
    </p>
   </div>
   <div class='ocr_carea' id='block_1_4' title="bbox 261 511 1229 628">
    <p class='ocr_par' dir='ltr' id='par_1_5' title="bbox 261 511 1229 628">
     <span class='ocr_line' id='line_1_12' title="bbox 261 511 1229 557; baseline -0.009 -7"><span class='ocrx_word' id='word_1_74' title='bbox 261 518 350 550; x_wconf 87' lang='lat' dir='ltr'>Teste</span> <span class='ocrx_word' id='word_1_75' title='bbox 365 517 448 556; x_wconf 82' lang='lat' dir='ltr'>Rege</span> <span class='ocrx_word' id='word_1_76' title='bbox 457 515 532 557; x_wconf 87' lang='lat' dir='ltr'>apud</span> <span class='ocrx_word' id='word_1_77' title='bbox 545 514 851 553; x_wconf 87' lang='lat' dir='ltr'>Westmonasterium,</span> <span class='ocrx_word' id='word_1_78' title='bbox 869 514 975 544; x_wconf 65' lang='lat' dir='ltr'>octavo</span> <span class='ocrx_word' id='word_1_79' title='bbox 989 512 1035 543; x_wconf 91' lang='lat' dir='ltr'>die</span> <span class='ocrx_word' id='word_1_80' title='bbox 1049 511 1229 543; x_wconf 87' lang='lat' dir='ltr'>Decembris.</span> 
     </span>
     <span class='ocr_line' id='line_1_13' title="bbox 914 589 1180 628; baseline -0.015 -8"><span class='ocrx_word' id='word_1_81' title='bbox 914 592 968 620; x_wconf 85' lang='lat' dir='ltr'>Per</span> <span class='ocrx_word' id='word_1_82' title='bbox 981 589 1062 628; x_wconf 77' lang='lat' dir='ltr'>ipsum</span> <span class='ocrx_word' id='word_1_83' title='bbox 1075 591 1180 626; x_wconf 79' lang='lat' dir='ltr'>Regem.</span> 
     </span>
    </p>
   </div>
   <div class='ocr_carea' id='block_1_5' title="bbox 289 665 1285 743">
    <p class='ocr_par' dir='ltr' id='par_1_6' title="bbox 289 665 1285 743">
     <span class='ocr_line' id='line_1_14' title="bbox 289 665 1285 707; baseline -0.011 -3"><span class='ocrx_word' id='word_1_84' title='bbox 289 672 439 704; x_wconf 86' lang='lat' dir='ltr'>Onsimiles</span> <span class='ocrx_word' id='word_1_85' title='bbox 454 671 560 702; x_wconf 87' lang='lat' dir='ltr'>Literas</span> <span class='ocrx_word' id='word_1_86' title='bbox 572 670 657 701; x_wconf 87' lang='lat' dir='ltr'>habet</span> <span class='ocrx_word' id='word_1_87' title='bbox 669 668 764 707; x_wconf 87' lang='lat' dir='ltr'>Hugo</span> <span class='ocrx_word' id='word_1_88' title='bbox 779 668 805 699; x_wconf 90' lang='lat' dir='ltr'>le</span> <span class='ocrx_word' id='word_1_89' title='bbox 825 666 980 706; x_wconf 79' lang='lat' dir='ltr'>Despenser</span> <span class='ocrx_word' id='word_1_90' title='bbox 995 665 1115 703; x_wconf 82' lang='lat' dir='ltr'>Senior,</span> <span class='ocrx_word' id='word_1_91' title='bbox 1130 674 1179 702; x_wconf 80' lang='lat' dir='ltr'>per</span> <span class='ocrx_word' id='word_1_92' title='bbox 1194 674 1285 694; x_wconf 91' lang='lat' dir='ltr'>unum</span> 
     </span>
     <span class='ocr_line' id='line_1_15' title="bbox 301 711 582 743; baseline -0.014 0"><span class='ocrx_word' id='word_1_93' title='bbox 301 714 420 743; x_wconf 88' lang='lat' dir='ltr'>Annum</span> <span class='ocrx_word' id='word_1_94' title='bbox 434 711 582 742; x_wconf 86' lang='lat' dir='ltr'>duraturas.</span> 
     </span>
    </p>
   </div>
   <div class='ocr_carea' id='block_1_6' title="bbox 223 674 280 736">
    <p class='ocr_par' dir='ltr' id='par_1_7' title="bbox 223 674 280 736">
     <span class='ocr_line' id='line_1_16' title="bbox 223 674 280 736; baseline 0 0"><span class='ocrx_word' id='word_1_95' title='bbox 223 674 280 736; x_wconf 91' lang='lat' dir='ltr'>C</span> 
     </span>
    </p>
   </div>
   <div class='ocr_carea' id='block_1_7' title="bbox 259 781 1098 829">
    <p class='ocr_par' dir='ltr' id='par_1_8' title="bbox 259 781 1098 829">
     <span class='ocr_line' id='line_1_17' title="bbox 259 781 1098 829; baseline -0.014 -8"><span class='ocrx_word' id='word_1_96' title='bbox 259 789 350 822; x_wconf 91' lang='lat' dir='ltr'>Teste</span> <span class='ocrx_word' id='word_1_97' title='bbox 364 788 448 829; x_wconf 86' lang='lat' dir='ltr'>Rege</span> <span class='ocrx_word' id='word_1_98' title='bbox 459 786 533 828; x_wconf 86' lang='lat' dir='ltr'>apud</span> <span class='ocrx_word' id='word_1_99' title='bbox 548 785 784 823; x_wconf 83' lang='lat' dir='ltr'>Cirencestriam,</span> <span class='ocrx_word' id='word_1_100' title='bbox 802 783 848 813; x_wconf 83' lang='lat'>26.</span> <span class='ocrx_word' id='word_1_101' title='bbox 862 782 907 813; x_wconf 89' lang='lat' dir='ltr'>die</span> <span class='ocrx_word' id='word_1_102' title='bbox 920 781 1098 812; x_wconf 83' lang='lat' dir='ltr'>Decembris.</span> 
     </span>
    </p>
   </div>
   <div class='ocr_carea' id='block_1_8' title="bbox 882 856 1152 898">
    <p class='ocr_par' dir='ltr' id='par_1_9' title="bbox 882 856 1152 898">
     <span class='ocr_line' id='line_1_18' title="bbox 882 856 1152 898; baseline -0.015 -9"><span class='ocrx_word' id='word_1_103' title='bbox 882 861 935 889; x_wconf 85' lang='lat' dir='ltr'>Per</span> <span class='ocrx_word' id='word_1_104' title='bbox 952 856 1033 898; x_wconf 68' lang='lat' dir='ltr'>ipsimi</span> <span class='ocrx_word' id='word_1_105' title='bbox 1049 859 1152 894; x_wconf 76' lang='lat' dir='ltr'>Regem.</span> 
     </span>
    </p>
   </div>
   <div class='ocr_carea' id='block_1_9' title="bbox 217 931 1282 1136">
    <p class='ocr_par' dir='ltr' id='par_1_10' title="bbox 217 931 1282 1136">
     <span class='ocr_line' id='line_1_19' title="bbox 219 931 1280 1004; baseline -0.013 -28"><span class='ocrx_word' id='word_1_106' title='bbox 219 942 276 1004; x_wconf 87' lang='lat' dir='ltr'>E</span> <span class='ocrx_word' id='word_1_107' title='bbox 286 943 318 974; x_wconf 88' lang='lat' dir='ltr'>T</span> <span class='ocrx_word' id='word_1_108' title='bbox 337 943 506 974; x_wconf 79' lang='lat' dir='ltr'>Mandatum</span> <span class='ocrx_word' id='word_1_109' title='bbox 522 941 562 972; x_wconf 89' lang='lat' dir='ltr'>est</span> <span class='ocrx_word' id='word_1_110' title='bbox 574 938 801 972; x_wconf 85' lang='lat' dir='ltr'>Vicecomitibiis</span> <span class='ocrx_word' id='word_1_111' title='bbox 810 938 857 975; x_wconf 86' lang='lat'>‚&amp;</span> <span class='ocrx_word' id='word_1_112' title='bbox 870 936 1002 966; x_wconf 86' lang='lat' dir='ltr'>omnibus</span> <span class='ocrx_word' id='word_1_113' title='bbox 1016 934 1072 964; x_wconf 87' lang='lat' dir='ltr'>aliis</span> <span class='ocrx_word' id='word_1_114' title='bbox 1084 933 1210 970; x_wconf 59' lang='lat' dir='ltr'>Bsilivis,</span> <span class='ocrx_word' id='word_1_115' title='bbox 1219 931 1280 962; x_wconf 86' lang='lat' dir='ltr'>Mi-</span> 
     </span>
     <span class='ocr_line' id='line_1_20' title="bbox 298 973 1282 1021; baseline -0.014 -8"><span class='ocrx_word' id='word_1_116' title='bbox 298 982 404 1021; x_wconf 86' lang='lat' dir='ltr'>nistris,</span> <span class='ocrx_word' id='word_1_117' title='bbox 421 983 454 1013; x_wconf 87' lang='lat'>&amp;</span> <span class='ocrx_word' id='word_1_118' title='bbox 469 982 593 1011; x_wconf 81' lang='lat' dir='ltr'>fidelibus</span> <span class='ocrx_word' id='word_1_119' title='bbox 608 980 694 1017; x_wconf 82' lang='lat' dir='ltr'>Regis</span> <span class='ocrx_word' id='word_1_120' title='bbox 705 1001 713 1014; x_wconf 82' lang='lat'>,</span> <span class='ocrx_word' id='word_1_121' title='bbox 732 980 790 1007; x_wconf 65' lang='lat' dir='ltr'>tam</span> <span class='ocrx_word' id='word_1_122' title='bbox 811 975 881 1005; x_wconf 84' lang='lat' dir='ltr'>infra</span> <span class='ocrx_word' id='word_1_123' title='bbox 895 974 1049 1004; x_wconf 86' lang='lat' dir='ltr'>Libertates</span> <span class='ocrx_word' id='word_1_124' title='bbox 1063 996 1073 1011; x_wconf 89' lang='lat'>,</span> <span class='ocrx_word' id='word_1_125' title='bbox 1090 973 1174 1012; x_wconf 63' lang='lat' dir='ltr'>quam</span> <span class='ocrx_word' id='word_1_126' title='bbox 1185 980 1282 1015; x_wconf 76' lang='lat' dir='ltr'>exrra,</span> 
     </span>
     <span class='ocr_line' id='line_1_21' title="bbox 219 1009 1282 1060; baseline -0.01 -10"><span class='ocrx_word' id='word_1_127' title='bbox 219 1021 254 1050; x_wconf 84' lang='lat' dir='ltr'>ad</span> <span class='ocrx_word' id='word_1_128' title='bbox 266 1031 356 1060; x_wconf 89' lang='lat' dir='ltr'>quos,</span> <span class='ocrx_word' id='word_1_129' title='bbox 371 1022 431 1052; x_wconf 67' lang='lat' dir='ltr'>&amp;o</span> <span class='ocrx_word' id='word_1_130' title='bbox 453 1020 566 1049; x_wconf 79' lang='lat' dir='ltr'>firmiter</span> <span class='ocrx_word' id='word_1_131' title='bbox 583 1015 774 1056; x_wconf 87' lang='lat' dir='ltr'>injungendo,</span> <span class='ocrx_word' id='word_1_132' title='bbox 793 1012 1040 1056; x_wconf 38' lang='lat' dir='ltr'>quod-praemissa,</span> <span class='ocrx_word' id='word_1_133' title='bbox 1055 1021 1108 1054; x_wconf 84' lang='lat' dir='ltr'>pro</span> <span class='ocrx_word' id='word_1_134' title='bbox 1122 1010 1203 1040; x_wconf 67' lang='lat' dir='ltr'>dictis</span> <span class='ocrx_word' id='word_1_135' title='bbox 1216 1009 1282 1053; x_wconf 79' lang='lat' dir='ltr'>Hu-</span> 
     </span>
     <span class='ocr_line' id='line_1_22' title="bbox 217 1048 1282 1098; baseline -0.011 -9"><span class='ocrx_word' id='word_1_136' title='bbox 217 1068 294 1098; x_wconf 87' lang='lat' dir='ltr'>gone</span> <span class='ocrx_word' id='word_1_137' title='bbox 309 1061 340 1090; x_wconf 88' lang='lat'>&amp;</span> <span class='ocrx_word' id='word_1_138' title='bbox 357 1059 499 1097; x_wconf 87' lang='lat' dir='ltr'>Hugone,</span> <span class='ocrx_word' id='word_1_139' title='bbox 517 1058 613 1087; x_wconf 88' lang='lat' dir='ltr'>omnia</span> <span class='ocrx_word' id='word_1_140' title='bbox 624 1057 656 1087; x_wconf 89' lang='lat'>&amp;</span> <span class='ocrx_word' id='word_1_141' title='bbox 669 1055 771 1095; x_wconf 84' lang='lat' dir='ltr'>singula</span> <span class='ocrx_word' id='word_1_142' title='bbox 784 1077 793 1093; x_wconf 83' lang='lat'>,</span> <span class='ocrx_word' id='word_1_143' title='bbox 812 1054 840 1082; x_wconf 93' lang='lat' dir='ltr'>in</span> <span class='ocrx_word' id='word_1_144' title='bbox 860 1052 968 1090; x_wconf 78' lang='lat' dir='ltr'>imgulls</span> <span class='ocrx_word' id='word_1_145' title='bbox 981 1050 1069 1088; x_wconf 87' lang='lat' dir='ltr'>locis,</span> <span class='ocrx_word' id='word_1_146' title='bbox 1084 1049 1155 1079; x_wconf 87' lang='lat' dir='ltr'>infra</span> <span class='ocrx_word' id='word_1_147' title='bbox 1169 1048 1282 1079; x_wconf 79' lang='lat' dir='ltr'>Ballivas</span> 
     </span>
     <span class='ocr_line' id='line_1_23' title="bbox 220 1089 1280 1136; baseline -0.012 -8"><span class='ocrx_word' id='word_1_148' title='bbox 220 1098 291 1136; x_wconf 85' lang='lat' dir='ltr'>suas,</span> <span class='ocrx_word' id='word_1_149' title='bbox 309 1098 355 1127; x_wconf 92' lang='lat' dir='ltr'>ubi</span> <span class='ocrx_word' id='word_1_150' title='bbox 369 1096 480 1128; x_wconf 75' lang='lat' dir='ltr'>necesse</span> <span class='ocrx_word' id='word_1_151' title='bbox 494 1097 592 1134; x_wconf 81' lang='lat' dir='ltr'>suerit,</span> <span class='ocrx_word' id='word_1_152' title='bbox 610 1095 754 1135; x_wconf 85' lang='lat' dir='ltr'>publicent</span> <span class='ocrx_word' id='word_1_153' title='bbox 769 1102 802 1122; x_wconf 86' lang='lat' dir='ltr'>ae</span> <span class='ocrx_word' id='word_1_154' title='bbox 818 1090 986 1127; x_wconf 82' lang='lat' dir='ltr'>observent,</span> <span class='ocrx_word' id='word_1_155' title='bbox 1000 1089 1034 1120; x_wconf 89' lang='lat'>&amp;</span> <span class='ocrx_word' id='word_1_156' title='bbox 1048 1113 1058 1128; x_wconf 85' lang='lat'>,</span> <span class='ocrx_word' id='word_1_157' title='bbox 1076 1096 1214 1127; x_wconf 87' lang='lat' dir='ltr'>quantum</span> <span class='ocrx_word' id='word_1_158' title='bbox 1227 1096 1280 1125; x_wconf 86' lang='lat' dir='ltr'>po·</span> 
     </span>
    </p>
   </div>
   <div class='ocr_carea' id='block_1_10' title="bbox 222 1130 867 1174">
    <p class='ocr_par' dir='ltr' id='par_1_11' title="bbox 222 1130 867 1174">
     <span class='ocr_line' id='line_1_24' title="bbox 222 1130 867 1174; baseline -0.011 -8"><span class='ocrx_word' id='word_1_159' title='bbox 222 1144 332 1174; x_wconf 89' lang='lat' dir='ltr'>terunt,</span> <span class='ocrx_word' id='word_1_160' title='bbox 350 1136 451 1166; x_wconf 83' lang='lat' dir='ltr'>faciant</span> <span class='ocrx_word' id='word_1_161' title='bbox 466 1135 589 1166; x_wconf 86' lang='lat' dir='ltr'>similiter</span> <span class='ocrx_word' id='word_1_162' title='bbox 603 1133 741 1165; x_wconf 87' lang='lat' dir='ltr'>observari</span> <span class='ocrx_word' id='word_1_163' title='bbox 754 1131 789 1161; x_wconf 91' lang='lat' dir='ltr'>ab</span> <span class='ocrx_word' id='word_1_164' title='bbox 803 1130 867 1160; x_wconf 87' lang='lat' dir='ltr'>aliis.</span> 
     </span>
    </p>
   </div>
   <div class='ocr_carea' id='block_1_11' title="bbox 249 1211 1138 1323">
    <p class='ocr_par' dir='ltr' id='par_1_12' title="bbox 249 1211 1138 1323">
     <span class='ocr_line' id='line_1_25' title="bbox 249 1211 483 1252; baseline 0 -9"><span class='ocrx_word' id='word_1_165' title='bbox 249 1211 338 1244; x_wconf 88' lang='lat' dir='ltr'>Teste</span> <span class='ocrx_word' id='word_1_166' title='bbox 353 1220 384 1244; x_wconf 92' lang='lat' dir='ltr'>ut</span> <span class='ocrx_word' id='word_1_167' title='bbox 398 1213 483 1252; x_wconf 84' lang='lat' dir='ltr'>supra.</span> 
     </span>
     <span class='ocr_line' id='line_1_26' title="bbox 869 1283 1138 1323; baseline -0.015 -9"><span class='ocrx_word' id='word_1_168' title='bbox 869 1286 922 1314; x_wconf 83' lang='lat' dir='ltr'>Per</span> <span class='ocrx_word' id='word_1_169' title='bbox 939 1283 1021 1323; x_wconf 72' lang='lat' dir='ltr'>i&#39;pficm</span> <span class='ocrx_word' id='word_1_170' title='bbox 1034 1284 1138 1319; x_wconf 80' lang='lat' dir='ltr'>Regem.</span> 
     </span>
    </p>
   </div>
   <div class='ocr_carea' id='block_1_12' title="bbox 517 1407 975 1458">
    <p class='ocr_par' dir='ltr' id='par_1_13' title="bbox 517 1407 975 1458">
     <span class='ocr_line' id='line_1_27' title="bbox 517 1407 975 1458; baseline -0.015 -11"><span class='ocrx_word' id='word_1_171' title='bbox 517 1412 575 1447; x_wconf 86' lang='lat' dir='ltr'>Ad</span> <span class='ocrx_word' id='word_1_172' title='bbox 596 1415 730 1458; x_wconf 67' lang='lat' dir='ltr'>Papam,</span> <span class='ocrx_word' id='word_1_173' title='bbox 756 1409 791 1443; x_wconf 84' lang='lat' dir='ltr'>de</span> <span class='ocrx_word' id='word_1_174' title='bbox 807 1407 975 1443; x_wconf 60' lang='lat' dir='ltr'>Crede-ntia.</span> 
     </span>
    </p>
   </div>
   <div class='ocr_carea' id='block_1_13' title="bbox 52 1492 1275 2005">
    <p class='ocr_par' dir='ltr' id='par_1_14' title="bbox 52 1492 1275 2005">
     <span class='ocr_line' id='line_1_28' title="bbox 57 1492 1109 1561; baseline -0.011 -27"><span class='ocrx_word' id='word_1_175' title='bbox 57 1492 134 1523; x_wconf 60' lang='lat' dir='ltr'><strong>Arm·</strong></span> <span class='ocrx_word' id='word_1_176' title='bbox 145 1492 186 1524; x_wconf 85' lang='lat' dir='ltr'>D·</span> <span class='ocrx_word' id='word_1_177' title='bbox 209 1499 257 1561; x_wconf 84' lang='lat' dir='ltr'>P</span> <span class='ocrx_word' id='word_1_178' title='bbox 266 1500 365 1533; x_wconf 87' lang='lat' dir='ltr'>APAE</span> <span class='ocrx_word' id='word_1_179' title='bbox 384 1500 449 1532; x_wconf 82' lang='lat' dir='ltr'>Rex</span> <span class='ocrx_word' id='word_1_180' title='bbox 463 1500 565 1530; x_wconf 87' lang='lat' dir='ltr'>devota</span> <span class='ocrx_word' id='word_1_181' title='bbox 580 1498 685 1537; x_wconf 89' lang='lat' dir='ltr'>pedum</span> <span class='ocrx_word' id='word_1_182' title='bbox 699 1495 791 1527; x_wconf 87' lang='lat' dir='ltr'>oscula</span> <span class='ocrx_word' id='word_1_183' title='bbox 803 1496 959 1525; x_wconf 88' lang='lat' dir='ltr'>beatorum.</span> <span class='ocrx_word' id='word_1_184' title='bbox 1001 1532 1007 1537; x_wconf 24' lang='grc' dir='ltr'><strong><em>ᾖ</em></strong></span> <span class='ocrx_word' id='word_1_185' title='bbox 1104 1533 1109 1537; x_wconf 33' lang='grc'>1</span> 
     </span>
     <span class='ocr_line' id='line_1_29' title="bbox 76 1530 1274 1580; baseline -0.01 -8"><span class='ocrx_word' id='word_1_186' title='bbox 76 1540 160 1571; x_wconf 82' lang='lat'>¹321·</span> <span class='ocrx_word' id='word_1_187' title='bbox 311 1540 454 1580; x_wconf 83' lang='lat' dir='ltr'>Quaedam</span> <span class='ocrx_word' id='word_1_188' title='bbox 470 1538 614 1578; x_wconf 86' lang='lat' dir='ltr'>Negotia,</span> <span class='ocrx_word' id='word_1_189' title='bbox 631 1536 700 1567; x_wconf 87' lang='lat' dir='ltr'>Nos</span> <span class='ocrx_word' id='word_1_190' title='bbox 716 1559 726 1575; x_wconf 83' lang='lat'>,</span> <span class='ocrx_word' id='word_1_191' title='bbox 744 1536 778 1565; x_wconf 84' lang='lat'>&amp;</span> <span class='ocrx_word' id='word_1_192' title='bbox 794 1533 895 1564; x_wconf 86' lang='lat' dir='ltr'>statum</span> <span class='ocrx_word' id='word_1_193' title='bbox 911 1533 1007 1570; x_wconf 81' lang='lat' dir='ltr'>Regni</span> <span class='ocrx_word' id='word_1_194' title='bbox 1023 1530 1110 1562; x_wconf 88' lang='lat' dir='ltr'>nostri</span> <span class='ocrx_word' id='word_1_195' title='bbox 1124 1531 1274 1569; x_wconf 86' lang='lat' dir='ltr'>specialiter</span> 
     </span>
     <span class='ocr_line' id='line_1_30' title="bbox 52 1571 1274 1620; baseline -0.011 -7"><span class='ocrx_word' id='word_1_196' title='bbox 52 1573 106 1598; x_wconf 78' lang='lat' dir='ltr'>An.</span> <span class='ocrx_word' id='word_1_197' title='bbox 130 1581 173 1608; x_wconf 86' lang='lat'>¹5·</span> <span class='ocrx_word' id='word_1_198' title='bbox 210 1581 417 1620; x_wconf 78' lang='lat' dir='ltr'>contingentia,</span> <span class='ocrx_word' id='word_1_199' title='bbox 435 1588 499 1616; x_wconf 84' lang='lat' dir='ltr'>quae</span> <span class='ocrx_word' id='word_1_200' title='bbox 511 1576 612 1608; x_wconf 89' lang='lat' dir='ltr'>nostris</span> <span class='ocrx_word' id='word_1_201' title='bbox 623 1575 760 1605; x_wconf 80' lang='lat' dir='ltr'>desideriis</span> <span class='ocrx_word' id='word_1_202' title='bbox 773 1572 904 1603; x_wconf 78' lang='lat' dir='ltr'>obnixius</span> <span class='ocrx_word' id='word_1_203' title='bbox 918 1572 1073 1609; x_wconf 72' lang='lat' dir='ltr'>inbzerent,</span> <span class='ocrx_word' id='word_1_204' title='bbox 1092 1571 1274 1608; x_wconf 81' lang='lat' dir='ltr'>injunximus,</span> 
     </span>
     <span class='ocr_line' id='line_1_31' title="bbox 53 1608 1275 1651; baseline -0.012 1"><span class='ocrx_word' id='word_1_205' title='bbox 53 1613 85 1636; x_wconf 80' lang='lat' dir='ltr'>E.</span> <span class='ocrx_word' id='word_1_206' title='bbox 107 1618 132 1636; x_wconf 79' lang='lat'>²·</span> <span class='ocrx_word' id='word_1_207' title='bbox 209 1619 316 1650; x_wconf 68' lang='lat' dir='ltr'>dilectis</span> <span class='ocrx_word' id='word_1_208' title='bbox 329 1620 362 1650; x_wconf 72' lang='grc' dir='ltr'>ὃς</span> <span class='ocrx_word' id='word_1_209' title='bbox 375 1617 502 1648; x_wconf 87' lang='lat' dir='ltr'>fidelibus</span> <span class='ocrx_word' id='word_1_210' title='bbox 514 1614 629 1651; x_wconf 84' lang='lat' dir='ltr'>nostris,</span> <span class='ocrx_word' id='word_1_211' title='bbox 648 1612 794 1650; x_wconf 78' lang='lat' dir='ltr'>Magistro</span> <span class='ocrx_word' id='word_1_212' title='bbox 805 1611 928 1650; x_wconf 85' lang='lat' dir='ltr'>Johanni</span> <span class='ocrx_word' id='word_1_213' title='bbox 949 1610 985 1640; x_wconf 91' lang='lat' dir='ltr'>de</span> <span class='ocrx_word' id='word_1_214' title='bbox 1001 1609 1157 1648; x_wconf 84' lang='lat' dir='ltr'>Stratford,</span> <span class='ocrx_word' id='word_1_215' title='bbox 1173 1608 1275 1639; x_wconf 86' lang='lat' dir='ltr'>Archi-</span> 
     </span>
     <span class='ocr_line' id='line_1_32' title="bbox 181 1646 1274 1693; baseline -0.012 -4"><span class='ocrx_word' id='word_1_216' title='bbox 181 1671 186 1676; x_wconf 92' lang='lat'>·</span> <span class='ocrx_word' id='word_1_217' title='bbox 209 1658 332 1689; x_wconf 84' lang='lat' dir='ltr'>diacono</span> <span class='ocrx_word' id='word_1_218' title='bbox 347 1656 527 1693; x_wconf 82' lang='lat' dir='ltr'>Londoniae,</span> <span class='ocrx_word' id='word_1_219' title='bbox 547 1652 687 1692; x_wconf 84' lang='lat' dir='ltr'>Magistro</span> <span class='ocrx_word' id='word_1_220' title='bbox 700 1650 862 1681; x_wconf 78' lang='lat' dir='ltr'>willielmo</span> <span class='ocrx_word' id='word_1_221' title='bbox 876 1650 911 1679; x_wconf 90' lang='lat' dir='ltr'>de</span> <span class='ocrx_word' id='word_1_222' title='bbox 924 1649 966 1678; x_wconf 81' lang='lat' dir='ltr'>w</span> <span class='ocrx_word' id='word_1_223' title='bbox 969 1647 1048 1679; x_wconf 87' lang='lat' dir='ltr'>eston</span> <span class='ocrx_word' id='word_1_224' title='bbox 1058 1671 1067 1683; x_wconf 84' lang='lat'>.,</span> <span class='ocrx_word' id='word_1_225' title='bbox 1079 1648 1152 1686; x_wconf 87' lang='lat' dir='ltr'>Juris</span> <span class='ocrx_word' id='word_1_226' title='bbox 1173 1646 1274 1678; x_wconf 91' lang='lat' dir='ltr'>Civilis</span> 
     </span>
     <span class='ocr_line' id='line_1_33' title="bbox 208 1686 1272 1734; baseline -0.012 -6"><span class='ocrx_word' id='word_1_227' title='bbox 208 1695 416 1728; x_wconf 81' lang='lat' dir='ltr'>Profefforibus</span> <span class='ocrx_word' id='word_1_228' title='bbox 428 1719 438 1734; x_wconf 91' lang='lat'>,</span> <span class='ocrx_word' id='word_1_229' title='bbox 456 1694 490 1725; x_wconf 91' lang='lat'>&amp;</span> <span class='ocrx_word' id='word_1_230' title='bbox 509 1692 669 1723; x_wconf 84' lang='lat' dir='ltr'>Willielmo</span> <span class='ocrx_word' id='word_1_231' title='bbox 683 1690 720 1721; x_wconf 88' lang='lat' dir='ltr'>de</span> <span class='ocrx_word' id='word_1_232' title='bbox 742 1689 846 1727; x_wconf 89' lang='lat' dir='ltr'>Deen,</span> <span class='ocrx_word' id='word_1_233' title='bbox 866 1687 979 1725; x_wconf 86' lang='lat' dir='ltr'>Militi,</span> <span class='ocrx_word' id='word_1_234' title='bbox 997 1687 1030 1717; x_wconf 83' lang='lat'>&amp;</span> <span class='ocrx_word' id='word_1_235' title='bbox 1045 1687 1068 1716; x_wconf 84' lang='lat' dir='ltr'>F</span> <span class='ocrx_word' id='word_1_236' title='bbox 1071 1686 1272 1729; x_wconf 33' lang='lat' dir='ltr'>ratri-‚Iohanni</span> 
     </span>
     <span class='ocr_line' id='line_1_34' title="bbox 207 1726 1271 1768; baseline -0.012 -2"><span class='ocrx_word' id='word_1_237' title='bbox 207 1734 244 1766; x_wconf 93' lang='lat' dir='ltr'>de</span> <span class='ocrx_word' id='word_1_238' title='bbox 264 1735 426 1765; x_wconf 78' lang='lat' dir='ltr'>wrotham</span> <span class='ocrx_word' id='word_1_239' title='bbox 447 1731 660 1763; x_wconf 87' lang='lat' dir='ltr'>Poenitentiario</span> <span class='ocrx_word' id='word_1_240' title='bbox 679 1729 732 1766; x_wconf 85' lang='lat' dir='ltr'>(de</span> <span class='ocrx_word' id='word_1_241' title='bbox 746 1736 867 1768; x_wconf 84' lang='lat' dir='ltr'>quorum</span> <span class='ocrx_word' id='word_1_242' title='bbox 885 1726 1012 1756; x_wconf 81' lang='lat' dir='ltr'>fidelitate</span> <span class='ocrx_word' id='word_1_243' title='bbox 1025 1726 1144 1763; x_wconf 82' lang='lat' dir='ltr'>probata</span> <span class='ocrx_word' id='word_1_244' title='bbox 1163 1726 1196 1755; x_wconf 73' lang='grc' dir='ltr'>δε</span> <span class='ocrx_word' id='word_1_245' title='bbox 1215 1734 1271 1754; x_wconf 91' lang='lat' dir='ltr'>cir-</span> 
     </span>
     <span class='ocr_line' id='line_1_35' title="bbox 205 1763 1271 1812; baseline -0.011 -7"><span class='ocrx_word' id='word_1_246' title='bbox 205 1773 419 1812; x_wconf 71' lang='lat' dir='ltr'>cumspefflone</span> <span class='ocrx_word' id='word_1_247' title='bbox 438 1769 558 1809; x_wconf 71' lang='lat' dir='ltr'>provida</span> <span class='ocrx_word' id='word_1_248' title='bbox 578 1769 614 1800; x_wconf 83' lang='lat' dir='ltr'>ad</span> <span class='ocrx_word' id='word_1_249' title='bbox 633 1768 747 1808; x_wconf 89' lang='lat' dir='ltr'>plenum</span> <span class='ocrx_word' id='word_1_250' title='bbox 767 1765 959 1800; x_wconf 85' lang='lat' dir='ltr'>confidimus)</span> <span class='ocrx_word' id='word_1_251' title='bbox 984 1763 1084 1795; x_wconf 86' lang='lat' dir='ltr'>vestrae</span> <span class='ocrx_word' id='word_1_252' title='bbox 1105 1763 1271 1794; x_wconf 63' lang='lat' dir='ltr'>Bentitudini</span> 
     </span>
     <span class='ocr_line' id='line_1_36' title="bbox 203 1809 1214 1850; baseline -0.013 -7"><span class='ocrx_word' id='word_1_253' title='bbox 203 1812 326 1844; x_wconf 76' lang='lat' dir='ltr'>seriosius</span> <span class='ocrx_word' id='word_1_254' title='bbox 341 1809 516 1850; x_wconf 78' lang='lat' dir='ltr'>exponenda.</span> <span class='ocrx_word' id='word_1_255' title='bbox 844 1843 848 1848; x_wconf 25' lang='grc' dir='ltr'>ι</span> <span class='ocrx_word' id='word_1_256' title='bbox 997 1842 1003 1847; x_wconf 28' lang='lat'><strong>⁹</strong></span> <span class='ocrx_word' id='word_1_257' title='bbox 1209 1841 1214 1846; x_wconf 24' lang='grc' dir='ltr'><strong>Α</strong></span> 
     </span>
     <span class='ocr_line' id='line_1_37' title="bbox 244 1841 1270 1886; baseline -0.011 -5"><span class='ocrx_word' id='word_1_258' title='bbox 244 1850 352 1881; x_wconf 76' lang='lat' dir='ltr'>Vestrae</span> <span class='ocrx_word' id='word_1_259' title='bbox 372 1851 458 1886; x_wconf 74' lang='lat' dir='ltr'>igitur</span> <span class='ocrx_word' id='word_1_260' title='bbox 479 1846 624 1879; x_wconf 71' lang='lat' dir='ltr'>Sanffitati</span> <span class='ocrx_word' id='word_1_261' title='bbox 645 1845 754 1875; x_wconf 90' lang='lat' dir='ltr'>devotis</span> <span class='ocrx_word' id='word_1_262' title='bbox 772 1842 904 1880; x_wconf 88' lang='lat' dir='ltr'>precibus</span> <span class='ocrx_word' id='word_1_263' title='bbox 917 1841 1102 1879; x_wconf 87' lang='lat' dir='ltr'>supplicamus</span> <span class='ocrx_word' id='word_1_264' title='bbox 1117 1864 1127 1880; x_wconf 86' lang='lat'>,</span> <span class='ocrx_word' id='word_1_265' title='bbox 1141 1849 1270 1880; x_wconf 87' lang='lat' dir='ltr'>quatinus</span> 
     </span>
     <span class='ocr_line' id='line_1_38' title="bbox 201 1880 1268 1927; baseline -0.009 -9"><span class='ocrx_word' id='word_1_266' title='bbox 201 1890 339 1927; x_wconf 64' lang='lat' dir='ltr'>praefatis,</span> <span class='ocrx_word' id='word_1_267' title='bbox 352 1888 495 1926; x_wconf 81' lang='lat' dir='ltr'>johanni,</span> <span class='ocrx_word' id='word_1_268' title='bbox 514 1884 676 1916; x_wconf 79' lang='lat' dir='ltr'>willielmo</span> <span class='ocrx_word' id='word_1_269' title='bbox 690 1883 723 1913; x_wconf 84' lang='lat'>&amp;</span> <span class='ocrx_word' id='word_1_270' title='bbox 739 1881 917 1918; x_wconf 74' lang='lat' dir='ltr'>willielmo,</span> <span class='ocrx_word' id='word_1_271' title='bbox 933 1881 965 1910; x_wconf 75' lang='grc' dir='ltr'>δε</span> <span class='ocrx_word' id='word_1_272' title='bbox 980 1880 1091 1910; x_wconf 91' lang='lat' dir='ltr'>duobus</span> <span class='ocrx_word' id='word_1_273' title='bbox 1105 1889 1222 1918; x_wconf 88' lang='lat' dir='ltr'>eorum,</span> <span class='ocrx_word' id='word_1_274' title='bbox 1237 1880 1268 1909; x_wconf 90' lang='lat' dir='ltr'>in</span> 
     </span>
     <span class='ocr_line' id='line_1_39' title="bbox 199 1917 1268 1967; baseline -0.009 -10"><span class='ocrx_word' id='word_1_275' title='bbox 199 1929 264 1966; x_wconf 83' lang='lat' dir='ltr'>hiis,</span> <span class='ocrx_word' id='word_1_276' title='bbox 283 1937 346 1967; x_wconf 61' lang='lat' dir='ltr'>quae</span> <span class='ocrx_word' id='word_1_277' title='bbox 361 1927 428 1965; x_wconf 84' lang='lat' dir='ltr'>ipsi,</span> <span class='ocrx_word' id='word_1_278' title='bbox 446 1926 491 1957; x_wconf 89' lang='lat' dir='ltr'>vel</span> <span class='ocrx_word' id='word_1_279' title='bbox 505 1924 565 1955; x_wconf 89' lang='lat' dir='ltr'>duo</span> <span class='ocrx_word' id='word_1_280' title='bbox 580 1932 680 1953; x_wconf 87' lang='lat' dir='ltr'>eorum</span> <span class='ocrx_word' id='word_1_281' title='bbox 695 1921 795 1951; x_wconf 79' lang='lat' dir='ltr'>vestrae</span> <span class='ocrx_word' id='word_1_282' title='bbox 808 1919 997 1956; x_wconf 64' lang='lat' dir='ltr'>Clementiae,</span> <span class='ocrx_word' id='word_1_283' title='bbox 1016 1928 1049 1948; x_wconf 86' lang='lat' dir='ltr'>ex</span> <span class='ocrx_word' id='word_1_284' title='bbox 1063 1927 1139 1956; x_wconf 81' lang='lat' dir='ltr'>parte</span> <span class='ocrx_word' id='word_1_285' title='bbox 1151 1917 1246 1948; x_wconf 72' lang='lat' dir='ltr'>nostra</span> <span class='ocrx_word' id='word_1_286' title='bbox 1258 1941 1268 1956; x_wconf 93' lang='lat'>,</span> 
     </span>
     <span class='ocr_line' id='line_1_40' title="bbox 199 1956 1268 2005; baseline -0.009 -9"><span class='ocrx_word' id='word_1_287' title='bbox 199 1967 374 2004; x_wconf 79' lang='lat' dir='ltr'>exposuerint</span> <span class='ocrx_word' id='word_1_288' title='bbox 390 1964 454 1994; x_wconf 64' lang='lat' dir='ltr'>viva</span> <span class='ocrx_word' id='word_1_289' title='bbox 468 1972 559 2001; x_wconf 86' lang='lat' dir='ltr'>voce,</span> <span class='ocrx_word' id='word_1_290' title='bbox 576 1960 732 2005; x_wconf 80' lang='lat' dir='ltr'>dignemini</span> <span class='ocrx_word' id='word_1_291' title='bbox 751 1958 838 1990; x_wconf 85' lang='lat' dir='ltr'>fidem</span> <span class='ocrx_word' id='word_1_292' title='bbox 848 1957 994 1988; x_wconf 85' lang='lat' dir='ltr'>indubiam</span> <span class='ocrx_word' id='word_1_293' title='bbox 1005 1956 1153 1996; x_wconf 87' lang='lat' dir='ltr'>adhibere,</span> <span class='ocrx_word' id='word_1_294' title='bbox 1172 1957 1206 1988; x_wconf 88' lang='lat'>&amp;</span> <span class='ocrx_word' id='word_1_295' title='bbox 1220 1966 1268 1987; x_wconf 84' lang='lat' dir='ltr'>ex-</span> 
     </span>
    </p>
   </div>
   <div class='ocr_carea' id='block_1_14' title="bbox 199 1999 637 2044">
    <p class='ocr_par' dir='ltr' id='par_1_15' title="bbox 199 1999 637 2044">
     <span class='ocr_line' id='line_1_41' title="bbox 199 1999 637 2044; baseline -0.016 -8"><span class='ocrx_word' id='word_1_296' title='bbox 199 2004 329 2044; x_wconf 85' lang='lat' dir='ltr'>ponenda</span> <span class='ocrx_word' id='word_1_297' title='bbox 343 2003 485 2044; x_wconf 75' lang='lat' dir='ltr'>gratiosius</span> <span class='ocrx_word' id='word_1_298' title='bbox 500 1999 637 2032; x_wconf 85' lang='lat' dir='ltr'>exaudire.</span> 
     </span>
    </p>
   </div>
   <div class='ocr_carea' id='block_1_15' title="bbox 233 2082 1013 2208">
    <p class='ocr_par' dir='ltr' id='par_1_16' title="bbox 233 2082 1013 2208">
     <span class='ocr_line' id='line_1_42' title="bbox 235 2082 493 2121; baseline -0.004 -8"><span class='ocrx_word' id='word_1_299' title='bbox 235 2082 412 2121; x_wconf 82' lang='lat' dir='ltr'>Conservet,</span> <span class='ocrx_word' id='word_1_300' title='bbox 432 2082 493 2113; x_wconf 84' lang='lat' dir='ltr'>&amp;c-</span> 
     </span>
     <span class='ocr_line' id='line_1_43' title="bbox 233 2151 1013 2208; baseline -0.012 -18"><span class='ocrx_word' id='word_1_301' title='bbox 233 2159 300 2191; x_wconf 85' lang='lat' dir='ltr'>Dat.</span> <span class='ocrx_word' id='word_1_302' title='bbox 317 2159 389 2199; x_wconf 84' lang='lat' dir='ltr'>apud</span> <span class='ocrx_word' id='word_1_303' title='bbox 403 2155 694 2208; x_wconf 68' lang='lat' dir='ltr'>westmonasterium</span> <span class='ocrx_word' id='word_1_304' title='bbox 704 2178 713 2194; x_wconf 86' lang='lat'>,</span> <span class='ocrx_word' id='word_1_305' title='bbox 733 2155 760 2186; x_wconf 82' lang='lat'>8.</span> <span class='ocrx_word' id='word_1_306' title='bbox 773 2154 819 2185; x_wconf 92' lang='lat' dir='ltr'>die</span> <span class='ocrx_word' id='word_1_307' title='bbox 833 2151 1013 2183; x_wconf 83' lang='lat' dir='ltr'>Decembris.</span> 
     </span>
    </p>
   </div>
   <div class='ocr_carea' id='block_1_16' title="bbox 190 2226 1265 2430">
    <p class='ocr_par' dir='ltr' id='par_1_17' title="bbox 190 2226 1265 2430">
     <span class='ocr_line' id='line_1_44' title="bbox 264 2226 1262 2272; baseline -0.013 -3"><span class='ocrx_word' id='word_1_308' title='bbox 264 2237 417 2269; x_wconf 88' lang='lat' dir='ltr'>Onsimiles</span> <span class='ocrx_word' id='word_1_309' title='bbox 433 2236 537 2267; x_wconf 78' lang='lat' dir='ltr'>Literae</span> <span class='ocrx_word' id='word_1_310' title='bbox 558 2235 627 2264; x_wconf 81' lang='lat' dir='ltr'>fiunt</span> <span class='ocrx_word' id='word_1_311' title='bbox 640 2234 689 2264; x_wconf 84' lang='lat' dir='ltr'>sub</span> <span class='ocrx_word' id='word_1_312' title='bbox 703 2231 867 2262; x_wconf 82' lang='lat' dir='ltr'>nominibus</span> <span class='ocrx_word' id='word_1_313' title='bbox 882 2253 892 2268; x_wconf 93' lang='lat'>,</span> <span class='ocrx_word' id='word_1_314' title='bbox 910 2227 1083 2259; x_wconf 80' lang='lat' dir='ltr'>Venerabilis</span> <span class='ocrx_word' id='word_1_315' title='bbox 1091 2226 1202 2272; x_wconf 64' lang='lat' dir='ltr'>Patris,</span> <span class='ocrx_word' id='word_1_316' title='bbox 1219 2226 1262 2271; x_wconf 83' lang='lat' dir='ltr'>R.</span> 
     </span>
     <span class='ocr_line' id='line_1_45' title="bbox 272 2265 1263 2313; baseline -0.012 -6"><span class='ocrx_word' id='word_1_317' title='bbox 272 2275 486 2307; x_wconf 78' lang='lat' dir='ltr'>antoniensis</span> <span class='ocrx_word' id='word_1_318' title='bbox 498 2273 650 2313; x_wconf 77' lang='lat' dir='ltr'>Episcopi,</span> <span class='ocrx_word' id='word_1_319' title='bbox 669 2272 701 2302; x_wconf 64' lang='grc' dir='ltr'>δε</span> <span class='ocrx_word' id='word_1_320' title='bbox 716 2271 878 2304; x_wconf 56' lang='lat' dir='ltr'>dierorum,</span> <span class='ocrx_word' id='word_1_321' title='bbox 895 2268 1114 2311; x_wconf 79' lang='lat' dir='ltr'>Archidiaconi,</span> <span class='ocrx_word' id='word_1_322' title='bbox 1135 2266 1168 2296; x_wconf 87' lang='lat'><strong>&amp;</strong></span> <span class='ocrx_word' id='word_1_323' title='bbox 1185 2265 1263 2296; x_wconf 86' lang='lat' dir='ltr'>Wil-</span> 
     </span>
     <span class='ocr_line' id='line_1_46' title="bbox 193 2303 1263 2350; baseline -0.013 -3"><span class='ocrx_word' id='word_1_324' title='bbox 193 2316 280 2347; x_wconf 86' lang='lat' dir='ltr'>lielmi</span> <span class='ocrx_word' id='word_1_325' title='bbox 295 2309 330 2345; x_wconf 74' lang='lat' dir='ltr'>de</span> <span class='ocrx_word' id='word_1_326' title='bbox 344 2315 386 2344; x_wconf 85' lang='lat' dir='ltr'>w</span> <span class='ocrx_word' id='word_1_327' title='bbox 388 2313 469 2344; x_wconf 91' lang='lat' dir='ltr'>eston</span> <span class='ocrx_word' id='word_1_328' title='bbox 479 2335 488 2350; x_wconf 92' lang='lat'>,</span> <span class='ocrx_word' id='word_1_329' title='bbox 505 2313 577 2350; x_wconf 86' lang='lat' dir='ltr'>Juris</span> <span class='ocrx_word' id='word_1_330' title='bbox 589 2311 688 2341; x_wconf 83' lang='lat' dir='ltr'>Civilis</span> <span class='ocrx_word' id='word_1_331' title='bbox 704 2308 916 2343; x_wconf 76' lang='lat' dir='ltr'>Profefforum,</span> <span class='ocrx_word' id='word_1_332' title='bbox 933 2306 974 2334; x_wconf 86' lang='lat' dir='ltr'>W</span> <span class='ocrx_word' id='word_1_333' title='bbox 978 2306 1098 2342; x_wconf 89' lang='lat' dir='ltr'>illielmi,</span> <span class='ocrx_word' id='word_1_334' title='bbox 1116 2305 1150 2335; x_wconf 66' lang='grc' dir='ltr'>ὃς</span> <span class='ocrx_word' id='word_1_335' title='bbox 1162 2303 1263 2334; x_wconf 84' lang='lat' dir='ltr'>Fratris</span> 
     </span>
     <span class='ocr_line' id='line_1_47' title="bbox 190 2344 1265 2393; baseline -0.013 -8"><span class='ocrx_word' id='word_1_336' title='bbox 190 2354 328 2393; x_wconf 73' lang='lat' dir='ltr'>johannis</span> <span class='ocrx_word' id='word_1_337' title='bbox 347 2353 383 2383; x_wconf 93' lang='lat' dir='ltr'>de</span> <span class='ocrx_word' id='word_1_338' title='bbox 409 2351 566 2382; x_wconf 79' lang='lat' dir='ltr'>wrotham</span> <span class='ocrx_word' id='word_1_339' title='bbox 583 2372 593 2388; x_wconf 89' lang='lat'>,</span> <span class='ocrx_word' id='word_1_340' title='bbox 617 2349 741 2380; x_wconf 85' lang='lat' dir='ltr'>Domini</span> <span class='ocrx_word' id='word_1_341' title='bbox 762 2347 846 2384; x_wconf 81' lang='lat' dir='ltr'>Papae</span> <span class='ocrx_word' id='word_1_342' title='bbox 868 2344 1071 2375; x_wconf 84' lang='lat' dir='ltr'>Poenitentiarii</span> <span class='ocrx_word' id='word_1_343' title='bbox 1086 2366 1096 2380; x_wconf 94' lang='lat'>,</span> <span class='ocrx_word' id='word_1_344' title='bbox 1123 2351 1243 2379; x_wconf 82' lang='lat' dir='ltr'>quatuor</span> <span class='ocrx_word' id='word_1_345' title='bbox 1251 2365 1265 2381; x_wconf 84' lang='lat'>,.</span> 
     </span>
     <span class='ocr_line' id='line_1_48' title="bbox 193 2381 1262 2430; baseline -0.011 -6"><span class='ocrx_word' id='word_1_346' title='bbox 193 2394 298 2430; x_wconf 84' lang='lat' dir='ltr'>trium,</span> <span class='ocrx_word' id='word_1_347' title='bbox 315 2393 348 2423; x_wconf 87' lang='lat'>&amp;</span> <span class='ocrx_word' id='word_1_348' title='bbox 362 2391 485 2421; x_wconf 89' lang='lat' dir='ltr'>duorum</span> <span class='ocrx_word' id='word_1_349' title='bbox 499 2389 639 2426; x_wconf 87' lang='lat' dir='ltr'>ipsorum,</span> <span class='ocrx_word' id='word_1_350' title='bbox 654 2395 776 2425; x_wconf 89' lang='lat' dir='ltr'>quorum</span> <span class='ocrx_word' id='word_1_351' title='bbox 786 2408 795 2422; x_wconf 89' lang='lat'>,</span> <span class='ocrx_word' id='word_1_352' title='bbox 808 2385 875 2414; x_wconf 86' lang='lat' dir='ltr'>alter</span> <span class='ocrx_word' id='word_1_353' title='bbox 894 2383 1039 2413; x_wconf 72' lang='lat' dir='ltr'>dierorum</span> <span class='ocrx_word' id='word_1_354' title='bbox 1049 2404 1058 2419; x_wconf 93' lang='lat'>,</span> <span class='ocrx_word' id='word_1_355' title='bbox 1077 2381 1262 2413; x_wconf 85' lang='lat' dir='ltr'>Archidiaco-</span> 
     </span>
    </p>
   </div>
   <div class='ocr_carea' id='block_1_17' title="bbox 194 2425 795 2470">
    <p class='ocr_par' dir='ltr' id='par_1_18' title="bbox 194 2425 795 2470">
     <span class='ocr_line' id='line_1_49' title="bbox 194 2425 795 2470; baseline -0.017 -7"><span class='ocrx_word' id='word_1_356' title='bbox 194 2433 225 2462; x_wconf 91' lang='lat' dir='ltr'>ni</span> <span class='ocrx_word' id='word_1_357' title='bbox 243 2432 276 2463; x_wconf 68' lang='grc' dir='ltr'>ὃ(</span> <span class='ocrx_word' id='word_1_358' title='bbox 293 2429 446 2470; x_wconf 85' lang='lat' dir='ltr'>Willielmi</span> <span class='ocrx_word' id='word_1_359' title='bbox 459 2428 495 2459; x_wconf 92' lang='lat' dir='ltr'>de</span> <span class='ocrx_word' id='word_1_360' title='bbox 510 2428 550 2458; x_wconf 91' lang='lat' dir='ltr'>W</span> <span class='ocrx_word' id='word_1_361' title='bbox 554 2427 650 2464; x_wconf 80' lang='lat' dir='ltr'>eston,</span> <span class='ocrx_word' id='word_1_362' title='bbox 670 2425 701 2456; x_wconf 90' lang='lat' dir='ltr'>sit</span> <span class='ocrx_word' id='word_1_363' title='bbox 715 2433 795 2455; x_wconf 85' lang='lat' dir='ltr'>unus.</span> 
     </span>
    </p>
   </div>
   <div class='ocr_carea' id='block_1_18' title="bbox 346 2495 1037 2516">
    <p class='ocr_par' dir='ltr' id='par_1_19' title="bbox 346 2495 1037 2516">
     <span class='ocr_line' id='line_1_50' title="bbox 346 2495 1037 2516; baseline 0 0"><span class='ocrx_word' id='word_1_364' title='bbox 346 2495 1037 2516; x_wconf 95' lang='lat' dir='ltr'> </span> 
     </span>
    </p>
   </div>
   <div class='ocr_carea' id='block_1_19' title="bbox 41 2545 1068 2599">
    <p class='ocr_par' dir='ltr' id='par_1_20' title="bbox 41 2545 1068 2599">
     <span class='ocr_line' id='line_1_51' title="bbox 41 2545 1068 2599; baseline -0.01 -10"><span class='ocrx_word' id='word_1_365' title='bbox 41 2559 61 2579; x_wconf 66' lang='lat'>¹*</span> <span class='ocrx_word' id='word_1_366' title='bbox 84 2561 139 2589; x_wconf 83' lang='lat'>111.</span> <span class='ocrx_word' id='word_1_367' title='bbox 381 2554 409 2581; x_wconf 54' lang='lat'>³&amp;</span> <span class='ocrx_word' id='word_1_368' title='bbox 434 2555 482 2589; x_wconf 91' lang='lat' dir='ltr'>De</span> <span class='ocrx_word' id='word_1_369' title='bbox 496 2554 650 2599; x_wconf 80' lang='lat' dir='ltr'>Negotiis,</span> <span class='ocrx_word' id='word_1_370' title='bbox 675 2562 742 2583; x_wconf 73' lang='lat' dir='ltr'>cum</span> <span class='ocrx_word' id='word_1_371' title='bbox 762 2552 865 2595; x_wconf 66' lang='lat' dir='ltr'>Papa,</span> <span class='ocrx_word' id='word_1_372' title='bbox 891 2545 1068 2580; x_wconf 62' lang='lat' dir='ltr'>trafflmdis.</span> 
     </span>
    </p>
   </div>
   <div class='ocr_carea' id='block_1_20' title="bbox 36 2608 1259 3864">
    <p class='ocr_par' dir='ltr' id='par_1_21' title="bbox 38 2608 944 2704">
     <span class='ocr_line' id='line_1_52' title="bbox 38 2608 108 2634; baseline 0 0"><span class='ocrx_word' id='word_1_373' title='bbox 38 2608 108 2634; x_wconf 86' lang='lat'><strong>909·</strong></span> 
     </span>
     <span class='ocr_line' id='line_1_53' title="bbox 38 2635 944 2704; baseline -0.015 -28"><span class='ocrx_word' id='word_1_374' title='bbox 38 2637 118 2667; x_wconf 77' lang='lat' dir='ltr'><strong>Ann·</strong></span> <span class='ocrx_word' id='word_1_375' title='bbox 135 2636 179 2667; x_wconf 85' lang='lat' dir='ltr'>D·</span> <span class='ocrx_word' id='word_1_376' title='bbox 195 2642 244 2704; x_wconf 85' lang='lat' dir='ltr'>P</span> <span class='ocrx_word' id='word_1_377' title='bbox 253 2642 355 2673; x_wconf 84' lang='lat' dir='ltr'>APAE</span> <span class='ocrx_word' id='word_1_378' title='bbox 375 2641 440 2672; x_wconf 73' lang='lat' dir='ltr'>Rex</span> <span class='ocrx_word' id='word_1_379' title='bbox 453 2639 554 2671; x_wconf 90' lang='lat' dir='ltr'>devota</span> <span class='ocrx_word' id='word_1_380' title='bbox 567 2638 673 2677; x_wconf 88' lang='lat' dir='ltr'>pedum</span> <span class='ocrx_word' id='word_1_381' title='bbox 686 2636 778 2666; x_wconf 86' lang='lat' dir='ltr'>oscula</span> <span class='ocrx_word' id='word_1_382' title='bbox 791 2635 944 2664; x_wconf 76' lang='lat' dir='ltr'>beatorum.</span> 
     </span>
    </p>

    <p class='ocr_par' dir='ltr' id='par_1_22' title="bbox 36 2669 1259 2912">
     <span class='ocr_line' id='line_1_54' title="bbox 65 2669 1258 2715; baseline -0.013 0"><span class='ocrx_word' id='word_1_383' title='bbox 65 2684 152 2714; x_wconf 83' lang='lat'>1321·</span> <span class='ocrx_word' id='word_1_384' title='bbox 299 2681 356 2712; x_wconf 84' lang='lat' dir='ltr'>Etsi</span> <span class='ocrx_word' id='word_1_385' title='bbox 377 2681 477 2711; x_wconf 84' lang='lat' dir='ltr'>vestrae</span> <span class='ocrx_word' id='word_1_386' title='bbox 496 2677 681 2710; x_wconf 65' lang='lat' dir='ltr'>SanCtiss&#39;imae</span> <span class='ocrx_word' id='word_1_387' title='bbox 701 2674 861 2705; x_wconf 70' lang='lat' dir='ltr'>Parcrnitati</span> <span class='ocrx_word' id='word_1_388' title='bbox 880 2672 1011 2715; x_wconf 79' lang='lat' dir='ltr'>Negotia</span> <span class='ocrx_word' id='word_1_389' title='bbox 1022 2693 1031 2708; x_wconf 87' lang='lat'>‚</span> <span class='ocrx_word' id='word_1_390' title='bbox 1049 2669 1134 2708; x_wconf 87' lang='lat' dir='ltr'>Nos,</span> <span class='ocrx_word' id='word_1_391' title='bbox 1152 2669 1184 2701; x_wconf 73' lang='grc' dir='ltr'>δε</span> <span class='ocrx_word' id='word_1_392' title='bbox 1198 2669 1258 2714; x_wconf 64' lang='lat' dir='ltr'>Sta7</span> 
     </span>
     <span class='ocr_line' id='line_1_55' title="bbox 37 2708 1258 2751; baseline -0.011 0"><span class='ocrx_word' id='word_1_393' title='bbox 37 2717 92 2742; x_wconf 58' lang='lat' dir='ltr'>Aa·</span> <span class='ocrx_word' id='word_1_394' title='bbox 112 2724 154 2750; x_wconf 89' lang='lat'>¹5·</span> <span class='ocrx_word' id='word_1_395' title='bbox 197 2728 259 2750; x_wconf 89' lang='lat' dir='ltr'>tum</span> <span class='ocrx_word' id='word_1_396' title='bbox 273 2719 374 2750; x_wconf 80' lang='lat' dir='ltr'>Terrae</span> <span class='ocrx_word' id='word_1_397' title='bbox 392 2718 496 2748; x_wconf 67' lang='lat' dir='ltr'>nostrae</span> <span class='ocrx_word' id='word_1_398' title='bbox 517 2718 623 2748; x_wconf 83' lang='lat' dir='ltr'>Scotiae</span> <span class='ocrx_word' id='word_1_399' title='bbox 643 2715 781 2751; x_wconf 74' lang='lat' dir='ltr'>tangentia</span> <span class='ocrx_word' id='word_1_400' title='bbox 796 2735 805 2749; x_wconf 92' lang='lat'>,</span> <span class='ocrx_word' id='word_1_401' title='bbox 825 2721 873 2749; x_wconf 78' lang='lat' dir='ltr'>pei·</span> <span class='ocrx_word' id='word_1_402' title='bbox 893 2710 1048 2747; x_wconf 89' lang='lat' dir='ltr'>Nuncios,</span> <span class='ocrx_word' id='word_1_403' title='bbox 1067 2718 1153 2746; x_wconf 85' lang='lat' dir='ltr'>quos,</span> <span class='ocrx_word' id='word_1_404' title='bbox 1172 2708 1258 2739; x_wconf 91' lang='lat' dir='ltr'>veluti</span> 
     </span>
     <span class='ocr_line' id='line_1_56' title="bbox 37 2747 1259 2794; baseline -0.013 -3"><span class='ocrx_word' id='word_1_405' title='bbox 37 2757 68 2780; x_wconf 76' lang='lat' dir='ltr'>E.</span> <span class='ocrx_word' id='word_1_406' title='bbox 85 2762 111 2780; x_wconf 88' lang='lat'>2-</span> <span class='ocrx_word' id='word_1_407' title='bbox 198 2759 314 2788; x_wconf 89' lang='lat' dir='ltr'>honoris</span> <span class='ocrx_word' id='word_1_408' title='bbox 326 2757 413 2788; x_wconf 88' lang='lat' dir='ltr'>nostri</span> <span class='ocrx_word' id='word_1_409' title='bbox 428 2757 515 2794; x_wconf 86' lang='lat' dir='ltr'>Regii</span> <span class='ocrx_word' id='word_1_410' title='bbox 529 2754 651 2785; x_wconf 86' lang='lat' dir='ltr'>fervidos</span> <span class='ocrx_word' id='word_1_411' title='bbox 667 2752 830 2788; x_wconf 72' lang='lat' dir='ltr'>Zelatoies,</span> <span class='ocrx_word' id='word_1_412' title='bbox 845 2749 880 2780; x_wconf 90' lang='lat' dir='ltr'>ad</span> <span class='ocrx_word' id='word_1_413' title='bbox 894 2758 981 2787; x_wconf 86' lang='lat' dir='ltr'>partes</span> <span class='ocrx_word' id='word_1_414' title='bbox 992 2748 1048 2778; x_wconf 88' lang='lat' dir='ltr'>illas</span> <span class='ocrx_word' id='word_1_415' title='bbox 1061 2748 1126 2778; x_wconf 63' lang='lat' dir='ltr'>alias</span> <span class='ocrx_word' id='word_1_416' title='bbox 1135 2747 1259 2777; x_wconf 72' lang='lat' dir='ltr'>destina-</span> 
     </span>
     <span class='ocr_line' id='line_1_57' title="bbox 36 2786 1258 2836; baseline -0.013 -6"><span class='ocrx_word' id='word_1_417' title='bbox 36 2795 108 2819; x_wconf 82' lang='lat' dir='ltr'>Rom.</span> <span class='ocrx_word' id='word_1_418' title='bbox 138 2801 178 2827; x_wconf 82' lang='lat'>¹5·</span> <span class='ocrx_word' id='word_1_419' title='bbox 198 2797 261 2836; x_wconf 89' lang='lat' dir='ltr'>stis,</span> <span class='ocrx_word' id='word_1_420' title='bbox 279 2797 378 2827; x_wconf 78' lang='lat' dir='ltr'>seriose</span> <span class='ocrx_word' id='word_1_421' title='bbox 391 2796 513 2835; x_wconf 79' lang='lat' dir='ltr'>exposita</span> <span class='ocrx_word' id='word_1_422' title='bbox 525 2793 680 2830; x_wconf 79' lang='lat' dir='ltr'>extiterint,</span> <span class='ocrx_word' id='word_1_423' title='bbox 697 2800 725 2821; x_wconf 92' lang='lat' dir='ltr'>ut</span> <span class='ocrx_word' id='word_1_424' title='bbox 739 2792 891 2827; x_wconf 71' lang='lat' dir='ltr'>speramus,</span> <span class='ocrx_word' id='word_1_425' title='bbox 907 2797 959 2827; x_wconf 88' lang='lat' dir='ltr'>pro</span> <span class='ocrx_word' id='word_1_426' title='bbox 972 2786 1095 2824; x_wconf 88' lang='lat' dir='ltr'>ipsorum</span> <span class='ocrx_word' id='word_1_427' title='bbox 1106 2795 1200 2816; x_wconf 87' lang='lat' dir='ltr'>tamen</span> <span class='ocrx_word' id='word_1_428' title='bbox 1213 2787 1258 2815; x_wconf 87' lang='lat' dir='ltr'>in-</span> 
     </span>
     <span class='ocr_line' id='line_1_58' title="bbox 37 2824 1256 2872; baseline -0.012 -4"><span class='ocrx_word' id='word_1_429' title='bbox 37 2834 70 2857; x_wconf 76' lang='lat' dir='ltr'>E.</span> <span class='ocrx_word' id='word_1_430' title='bbox 91 2840 116 2857; x_wconf 87' lang='lat'>2·</span> <span class='ocrx_word' id='word_1_431' title='bbox 195 2837 363 2866; x_wconf 80' lang='lat' dir='ltr'>formatione</span> <span class='ocrx_word' id='word_1_432' title='bbox 386 2834 507 2872; x_wconf 72' lang='lat' dir='ltr'>pleniori</span> <span class='ocrx_word' id='word_1_433' title='bbox 520 2856 530 2871; x_wconf 86' lang='lat'>,</span> <span class='ocrx_word' id='word_1_434' title='bbox 547 2831 679 2871; x_wconf 82' lang='lat' dir='ltr'>quosdam</span> <span class='ocrx_word' id='word_1_435' title='bbox 701 2830 736 2859; x_wconf 89' lang='lat' dir='ltr'>de</span> <span class='ocrx_word' id='word_1_436' title='bbox 756 2827 873 2858; x_wconf 85' lang='lat' dir='ltr'>Nostris</span> <span class='ocrx_word' id='word_1_437' title='bbox 891 2826 926 2856; x_wconf 89' lang='lat' dir='ltr'>ad</span> <span class='ocrx_word' id='word_1_438' title='bbox 948 2825 1069 2856; x_wconf 89' lang='lat' dir='ltr'>vestram</span> <span class='ocrx_word' id='word_1_439' title='bbox 1083 2824 1256 2867; x_wconf 64' lang='lat' dir='ltr'>praesentiam</span> 
     </span>
     <span class='ocr_line' id='line_1_59' title="bbox 37 2862 1255 2912; baseline -0.013 -5"><span class='ocrx_word' id='word_1_440' title='bbox 37 2877 75 2895; x_wconf 75' lang='lat'>&#39;⁷’-</span> <span class='ocrx_word' id='word_1_441' title='bbox 95 2877 138 2896; x_wconf 73' lang='lat'>12·</span> <span class='ocrx_word' id='word_1_442' title='bbox 190 2874 376 2912; x_wconf 87' lang='lat' dir='ltr'>disposuimus</span> <span class='ocrx_word' id='word_1_443' title='bbox 390 2896 400 2911; x_wconf 88' lang='lat'>,</span> <span class='ocrx_word' id='word_1_444' title='bbox 419 2881 483 2903; x_wconf 83' lang='lat' dir='ltr'>ante</span> <span class='ocrx_word' id='word_1_445' title='bbox 497 2871 559 2900; x_wconf 78' lang='lat' dir='ltr'>liaec</span> <span class='ocrx_word' id='word_1_446' title='bbox 579 2878 709 2905; x_wconf 82' lang='lat' dir='ltr'>tempora</span> <span class='ocrx_word' id='word_1_447' title='bbox 723 2891 732 2906; x_wconf 86' lang='lat'>,</span> <span class='ocrx_word' id='word_1_448' title='bbox 749 2865 874 2896; x_wconf 78' lang='lat' dir='ltr'>direxisse</span> <span class='ocrx_word' id='word_1_449' title='bbox 890 2877 900 2902; x_wconf 86' lang='lat'>·,</span> <span class='ocrx_word' id='word_1_450' title='bbox 917 2865 954 2895; x_wconf 86' lang='lat' dir='ltr'>set</span> <span class='ocrx_word' id='word_1_451' title='bbox 968 2889 977 2902; x_wconf 82' lang='lat'>,</span> <span class='ocrx_word' id='word_1_452' title='bbox 997 2863 1162 2904; x_wconf 81' lang='lat' dir='ltr'>quibuidam</span> <span class='ocrx_word' id='word_1_453' title='bbox 1177 2862 1255 2893; x_wconf 88' lang='lat' dir='ltr'>Tur-</span> 
     </span>
    </p>

    <p class='ocr_par' dir='ltr' id='par_1_23' title="bbox 187 2903 1254 2990">
     <span class='ocr_line' id='line_1_60' title="bbox 188 2903 1254 2949; baseline -0.012 -5"><span class='ocrx_word' id='word_1_454' title='bbox 188 2913 349 2943; x_wconf 83' lang='lat' dir='ltr'>barionibus</span> <span class='ocrx_word' id='word_1_455' title='bbox 365 2911 434 2941; x_wconf 86' lang='lat' dir='ltr'>infra</span> <span class='ocrx_word' id='word_1_456' title='bbox 449 2909 585 2949; x_wconf 80' lang='lat' dir='ltr'>Regnum</span> <span class='ocrx_word' id='word_1_457' title='bbox 599 2907 727 2937; x_wconf 89' lang='lat' dir='ltr'>nostrum</span> <span class='ocrx_word' id='word_1_458' title='bbox 741 2915 774 2934; x_wconf 79' lang='lat' dir='ltr'>ex</span> <span class='ocrx_word' id='word_1_459' title='bbox 789 2905 934 2942; x_wconf 86' lang='lat' dir='ltr'>inopinato</span> <span class='ocrx_word' id='word_1_460' title='bbox 952 2903 1174 2941; x_wconf 80' lang='lat' dir='ltr'>emergentibus,</span> <span class='ocrx_word' id='word_1_461' title='bbox 1193 2912 1254 2932; x_wconf 92' lang='lat' dir='ltr'>non</span> 
     </span>
     <span class='ocr_line' id='line_1_61' title="bbox 187 2942 1108 2990; baseline -0.015 -7"><span class='ocrx_word' id='word_1_462' title='bbox 187 2953 347 2990; x_wconf 82' lang='lat' dir='ltr'>potuimus,</span> <span class='ocrx_word' id='word_1_463' title='bbox 362 2950 438 2990; x_wconf 84' lang='lat' dir='ltr'>quod</span> <span class='ocrx_word' id='word_1_464' title='bbox 453 2948 699 2988; x_wconf 78' lang='lat' dir='ltr'>proposueramus,</span> <span class='ocrx_word' id='word_1_465' title='bbox 716 2944 796 2974; x_wconf 77' lang='lat' dir='ltr'>citius</span> <span class='ocrx_word' id='word_1_466' title='bbox 811 2942 926 2973; x_wconf 65' lang='lat' dir='ltr'>effeetui</span> <span class='ocrx_word' id='word_1_467' title='bbox 941 2944 1108 2979; x_wconf 87' lang='lat' dir='ltr'>mancipare.</span> 
     </span>
    </p>

    <p class='ocr_par' dir='ltr' id='par_1_24' title="bbox 186 2978 1252 3473">
     <span class='ocr_line' id='line_1_62' title="bbox 225 2978 1252 3026; baseline -0.011 -5"><span class='ocrx_word' id='word_1_468' title='bbox 225 2989 336 3020; x_wconf 90' lang='lat' dir='ltr'>Eisdem</span> <span class='ocrx_word' id='word_1_469' title='bbox 379 2988 542 3026; x_wconf 88' lang='lat' dir='ltr'>disponente</span> <span class='ocrx_word' id='word_1_470' title='bbox 565 2985 700 3014; x_wconf 91' lang='lat' dir='ltr'>Domino</span> <span class='ocrx_word' id='word_1_471' title='bbox 715 3006 725 3020; x_wconf 96' lang='lat'>,</span> <span class='ocrx_word' id='word_1_472' title='bbox 744 2982 940 3019; x_wconf 83' lang='lat' dir='ltr'>incipientibus</span> <span class='ocrx_word' id='word_1_473' title='bbox 961 2982 1015 3017; x_wconf 82' lang='lat' dir='ltr'>jam</span> <span class='ocrx_word' id='word_1_474' title='bbox 1029 2979 1128 3017; x_wconf 74' lang='lat' dir='ltr'>sedari,</span> <span class='ocrx_word' id='word_1_475' title='bbox 1144 2989 1197 3020; x_wconf 91' lang='lat' dir='ltr'>pro</span> <span class='ocrx_word' id='word_1_476' title='bbox 1209 2978 1252 3010; x_wconf 85' lang='lat' dir='ltr'>di-</span> 
     </span>
     <span class='ocr_line' id='line_1_63' title="bbox 187 3011 1251 3067; baseline -0.011 -8"><span class='ocrx_word' id='word_1_477' title='bbox 187 3029 302 3059; x_wconf 66' lang='lat' dir='ltr'>&amp;orum</span> <span class='ocrx_word' id='word_1_478' title='bbox 322 3011 516 3067; x_wconf 59' lang='lat' dir='ltr'>N²egotiorutn</span> <span class='ocrx_word' id='word_1_479' title='bbox 538 3023 734 3054; x_wconf 76' lang='lat' dir='ltr'>Declaratione</span> <span class='ocrx_word' id='word_1_480' title='bbox 773 3020 869 3049; x_wconf 85' lang='lat' dir='ltr'>leniori</span> <span class='ocrx_word' id='word_1_481' title='bbox 893 3018 1019 3049; x_wconf 75' lang='lat' dir='ltr'>facienda</span> <span class='ocrx_word' id='word_1_482' title='bbox 1033 3042 1041 3056; x_wconf 88' lang='lat'>,</span> <span class='ocrx_word' id='word_1_483' title='bbox 1066 3019 1099 3048; x_wconf 84' lang='lat'>&amp;</span> <span class='ocrx_word' id='word_1_484' title='bbox 1127 3017 1251 3055; x_wconf 83' lang='lat' dir='ltr'>ipsorum</span> 
     </span>
     <span class='ocr_line' id='line_1_64' title="bbox 186 3056 1250 3106; baseline -0.01 -9"><span class='ocrx_word' id='word_1_485' title='bbox 186 3068 367 3106; x_wconf 85' lang='lat' dir='ltr'>expeditione</span> <span class='ocrx_word' id='word_1_486' title='bbox 386 3066 462 3096; x_wconf 88' lang='lat' dir='ltr'>felici</span> <span class='ocrx_word' id='word_1_487' title='bbox 484 3067 588 3103; x_wconf 84' lang='lat' dir='ltr'>(quarn</span> <span class='ocrx_word' id='word_1_488' title='bbox 609 3061 728 3090; x_wconf 79' lang='lat' dir='ltr'>vestram</span> <span class='ocrx_word' id='word_1_489' title='bbox 766 3059 924 3088; x_wconf 65' lang='lat' dir='ltr'>anetitatern</span> <span class='ocrx_word' id='word_1_490' title='bbox 938 3058 1027 3087; x_wconf 84' lang='lat' dir='ltr'>zelare</span> <span class='ocrx_word' id='word_1_491' title='bbox 1042 3056 1199 3096; x_wconf 86' lang='lat' dir='ltr'>speramus)</span> <span class='ocrx_word' id='word_1_492' title='bbox 1216 3066 1250 3087; x_wconf 85' lang='lat' dir='ltr'>ac</span> 
     </span>
     <span class='ocr_line' id='line_1_65' title="bbox 188 3094 1252 3144; baseline -0.012 -7"><span class='ocrx_word' id='word_1_493' title='bbox 188 3116 242 3144; x_wconf 84' lang='lat' dir='ltr'>pro</span> <span class='ocrx_word' id='word_1_494' title='bbox 255 3105 419 3143; x_wconf 83' lang='lat' dir='ltr'>quibusdam</span> <span class='ocrx_word' id='word_1_495' title='bbox 433 3101 654 3134; x_wconf 81' lang='lat' dir='ltr'>Gravarninibus</span> <span class='ocrx_word' id='word_1_496' title='bbox 668 3100 701 3129; x_wconf 86' lang='lat'>&amp;</span> <span class='ocrx_word' id='word_1_497' title='bbox 717 3097 841 3135; x_wconf 79' lang='lat' dir='ltr'>injuriis,</span> <span class='ocrx_word' id='word_1_498' title='bbox 860 3095 958 3125; x_wconf 81' lang='lat' dir='ltr'>nostris</span> <span class='ocrx_word' id='word_1_499' title='bbox 971 3096 1162 3133; x_wconf 78' lang='lat' dir='ltr'>temporibus,</span> <span class='ocrx_word' id='word_1_500' title='bbox 1181 3094 1252 3125; x_wconf 90' lang='lat' dir='ltr'>No-</span> 
     </span>
     <span class='ocr_line' id='line_1_66' title="bbox 188 3132 1252 3177; baseline -0.009 -3"><span class='ocrx_word' id='word_1_501' title='bbox 188 3145 231 3174; x_wconf 88' lang='lat' dir='ltr'>bis</span> <span class='ocrx_word' id='word_1_502' title='bbox 246 3144 278 3174; x_wconf 92' lang='lat'>&amp;</span> <span class='ocrx_word' id='word_1_503' title='bbox 297 3143 425 3173; x_wconf 69' lang='lat' dir='ltr'>Coronae</span> <span class='ocrx_word' id='word_1_504' title='bbox 447 3141 567 3177; x_wconf 77' lang='lat' dir='ltr'>nostrae,</span> <span class='ocrx_word' id='word_1_505' title='bbox 583 3139 663 3169; x_wconf 87' lang='lat' dir='ltr'>solito</span> <span class='ocrx_word' id='word_1_506' title='bbox 682 3135 839 3175; x_wconf 85' lang='lat' dir='ltr'>Majoribus</span> <span class='ocrx_word' id='word_1_507' title='bbox 852 3157 862 3171; x_wconf 86' lang='lat'>,</span> <span class='ocrx_word' id='word_1_508' title='bbox 880 3136 912 3165; x_wconf 57' lang='grc' dir='ltr'>ἃ</span> <span class='ocrx_word' id='word_1_509' title='bbox 926 3135 1003 3164; x_wconf 82' lang='lat' dir='ltr'>aliter</span> <span class='ocrx_word' id='word_1_510' title='bbox 1015 3135 1098 3173; x_wconf 64' lang='lat' dir='ltr'>quam</span> <span class='ocrx_word' id='word_1_511' title='bbox 1114 3132 1252 3172; x_wconf 89' lang='lat' dir='ltr'>Progeni-</span> 
     </span>
     <span class='ocr_line' id='line_1_67' title="bbox 187 3172 1251 3218; baseline -0.011 -5"><span class='ocrx_word' id='word_1_512' title='bbox 187 3192 282 3214; x_wconf 88' lang='lat' dir='ltr'>torum</span> <span class='ocrx_word' id='word_1_513' title='bbox 296 3182 459 3211; x_wconf 81' lang='lat' dir='ltr'>nostrorum</span> <span class='ocrx_word' id='word_1_514' title='bbox 478 3178 651 3218; x_wconf 82' lang='lat' dir='ltr'>temporibus</span> <span class='ocrx_word' id='word_1_515' title='bbox 665 3174 724 3205; x_wconf 81' lang='lat' dir='ltr'>fieri</span> <span class='ocrx_word' id='word_1_516' title='bbox 738 3173 882 3204; x_wconf 88' lang='lat' dir='ltr'>consuevit</span> <span class='ocrx_word' id='word_1_517' title='bbox 895 3196 904 3211; x_wconf 77' lang='lat'>,</span> <span class='ocrx_word' id='word_1_518' title='bbox 922 3173 1064 3210; x_wconf 68' lang='lat' dir='ltr'>praecipue</span> <span class='ocrx_word' id='word_1_519' title='bbox 1079 3181 1175 3201; x_wconf 88' lang='lat' dir='ltr'>coram</span> <span class='ocrx_word' id='word_1_520' title='bbox 1192 3172 1251 3202; x_wconf 87' lang='lat' dir='ltr'>Au-</span> 
     </span>
     <span class='ocr_line' id='line_1_68' title="bbox 186 3210 1251 3254; baseline -0.013 -2"><span class='ocrx_word' id='word_1_521' title='bbox 186 3221 325 3251; x_wconf 76' lang='lat' dir='ltr'>ditoribus</span> <span class='ocrx_word' id='word_1_522' title='bbox 347 3220 423 3250; x_wconf 80' lang='lat' dir='ltr'>Sacri</span> <span class='ocrx_word' id='word_1_523' title='bbox 442 3218 542 3249; x_wconf 87' lang='lat' dir='ltr'>Palatii</span> <span class='ocrx_word' id='word_1_524' title='bbox 557 3215 643 3247; x_wconf 83' lang='lat' dir='ltr'>vestri</span> <span class='ocrx_word' id='word_1_525' title='bbox 658 3237 668 3253; x_wconf 90' lang='lat'>,</span> <span class='ocrx_word' id='word_1_526' title='bbox 683 3215 716 3244; x_wconf 85' lang='lat'>&amp;</span> <span class='ocrx_word' id='word_1_527' title='bbox 735 3223 783 3252; x_wconf 88' lang='lat' dir='ltr'>per</span> <span class='ocrx_word' id='word_1_528' title='bbox 798 3210 1131 3254; x_wconf 21' lang='lat' dir='ltr'>mandatateorurndem,</span> <span class='ocrx_word' id='word_1_529' title='bbox 1148 3211 1251 3248; x_wconf 86' lang='lat' dir='ltr'>absque</span> 
     </span>
     <span class='ocr_line' id='line_1_69' title="bbox 187 3247 1252 3294; baseline -0.012 -3"><span class='ocrx_word' id='word_1_530' title='bbox 187 3259 382 3291; x_wconf 86' lang='lat' dir='ltr'>Conniventia</span> <span class='ocrx_word' id='word_1_531' title='bbox 402 3256 494 3287; x_wconf 70' lang='lat' dir='ltr'>vestra</span> <span class='ocrx_word' id='word_1_532' title='bbox 505 3279 515 3294; x_wconf 81' lang='lat'>,</span> <span class='ocrx_word' id='word_1_533' title='bbox 537 3264 567 3285; x_wconf 88' lang='lat' dir='ltr'>ut</span> <span class='ocrx_word' id='word_1_534' title='bbox 581 3252 748 3285; x_wconf 84' lang='lat' dir='ltr'>fiducialiter</span> <span class='ocrx_word' id='word_1_535' title='bbox 763 3259 891 3281; x_wconf 87' lang='lat' dir='ltr'>tenemus</span> <span class='ocrx_word' id='word_1_536' title='bbox 904 3273 913 3287; x_wconf 88' lang='lat'>,</span> <span class='ocrx_word' id='word_1_537' title='bbox 932 3249 1009 3291; x_wconf 73' lang='lat' dir='ltr'>illatis</span> <span class='ocrx_word' id='word_1_538' title='bbox 1024 3271 1033 3286; x_wconf 88' lang='lat'>,</span> <span class='ocrx_word' id='word_1_539' title='bbox 1057 3247 1160 3291; x_wconf 76' lang='lat' dir='ltr'>yestrae</span> <span class='ocrx_word' id='word_1_540' title='bbox 1181 3248 1252 3279; x_wconf 88' lang='lat' dir='ltr'>Cle-</span> 
     </span>
     <span class='ocr_line' id='line_1_70' title="bbox 186 3286 1251 3332; baseline -0.012 -2"><span class='ocrx_word' id='word_1_541' title='bbox 186 3300 302 3329; x_wconf 74' lang='lat' dir='ltr'>mentiae</span> <span class='ocrx_word' id='word_1_542' title='bbox 323 3296 443 3327; x_wconf 79' lang='lat' dir='ltr'>seriosius</span> <span class='ocrx_word' id='word_1_543' title='bbox 464 3292 650 3332; x_wconf 85' lang='lat' dir='ltr'>exponendis:</span> <span class='ocrx_word' id='word_1_544' title='bbox 669 3301 723 3321; x_wconf 89' lang='lat' dir='ltr'>nec</span> <span class='ocrx_word' id='word_1_545' title='bbox 738 3300 797 3320; x_wconf 90' lang='lat' dir='ltr'>non</span> <span class='ocrx_word' id='word_1_546' title='bbox 810 3298 864 3326; x_wconf 86' lang='lat' dir='ltr'>pro</span> <span class='ocrx_word' id='word_1_547' title='bbox 883 3288 1014 3318; x_wconf 73' lang='lat' dir='ltr'>Subsidi&#39;is</span> <span class='ocrx_word' id='word_1_548' title='bbox 1029 3286 1178 3330; x_wconf 77' lang='lat' dir='ltr'>aliquibus,</span> <span class='ocrx_word' id='word_1_549' title='bbox 1197 3297 1251 3324; x_wconf 91' lang='lat' dir='ltr'>pro</span> 
     </span>
     <span class='ocr_line' id='line_1_71' title="bbox 187 3324 1252 3372; baseline -0.013 -4"><span class='ocrx_word' id='word_1_550' title='bbox 187 3337 264 3368; x_wconf 86' lang='lat' dir='ltr'>Statu</span> <span class='ocrx_word' id='word_1_551' title='bbox 281 3336 379 3366; x_wconf 88' lang='lat' dir='ltr'>nostro</span> <span class='ocrx_word' id='word_1_552' title='bbox 395 3336 428 3365; x_wconf 69' lang='grc' dir='ltr'>ὅτ,</span> <span class='ocrx_word' id='word_1_553' title='bbox 444 3332 540 3372; x_wconf 81' lang='lat' dir='ltr'>Regni</span> <span class='ocrx_word' id='word_1_554' title='bbox 553 3330 641 3361; x_wconf 88' lang='lat' dir='ltr'>nostri</span> <span class='ocrx_word' id='word_1_555' title='bbox 659 3327 852 3360; x_wconf 83' lang='lat' dir='ltr'>conservando</span> <span class='ocrx_word' id='word_1_556' title='bbox 869 3349 878 3364; x_wconf 89' lang='lat'>,</span> <span class='ocrx_word' id='word_1_557' title='bbox 895 3337 910 3356; x_wconf 89' lang='lat' dir='ltr'>a</span> <span class='ocrx_word' id='word_1_558' title='bbox 923 3325 1016 3356; x_wconf 79' lang='lat' dir='ltr'>vestra</span> <span class='ocrx_word' id='word_1_559' title='bbox 1030 3324 1181 3354; x_wconf 65' lang='lat' dir='ltr'>Saniftitate</span> <span class='ocrx_word' id='word_1_560' title='bbox 1195 3326 1252 3355; x_wconf 86' lang='lat' dir='ltr'>irn-</span> 
     </span>
     <span class='ocr_line' id='line_1_72' title="bbox 187 3363 1250 3415; baseline -0.013 -8"><span class='ocrx_word' id='word_1_561' title='bbox 187 3374 350 3415; x_wconf 69' lang='lat' dir='ltr'>petrandisz,</span> <span class='ocrx_word' id='word_1_562' title='bbox 373 3383 406 3404; x_wconf 89' lang='lat' dir='ltr'>ac</span> <span class='ocrx_word' id='word_1_563' title='bbox 424 3372 479 3403; x_wconf 86' lang='lat' dir='ltr'>aliis</span> <span class='ocrx_word' id='word_1_564' title='bbox 499 3370 634 3409; x_wconf 81' lang='lat' dir='ltr'>Negotiis</span> <span class='ocrx_word' id='word_1_565' title='bbox 649 3391 659 3405; x_wconf 85' lang='lat'>,</span> <span class='ocrx_word' id='word_1_566' title='bbox 677 3367 746 3398; x_wconf 90' lang='lat' dir='ltr'>Nos</span> <span class='ocrx_word' id='word_1_567' title='bbox 759 3389 769 3404; x_wconf 92' lang='lat'>,</span> <span class='ocrx_word' id='word_1_568' title='bbox 786 3367 819 3397; x_wconf 76' lang='grc' dir='ltr'>δε</span> <span class='ocrx_word' id='word_1_569' title='bbox 840 3365 949 3396; x_wconf 54' lang='lat' dir='ltr'>dicium</span> <span class='ocrx_word' id='word_1_570' title='bbox 962 3364 1098 3402; x_wconf 86' lang='lat' dir='ltr'>Regnum</span> <span class='ocrx_word' id='word_1_571' title='bbox 1120 3363 1250 3394; x_wconf 87' lang='lat' dir='ltr'>nostrum</span> 
     </span>
     <span class='ocr_line' id='line_1_73' title="bbox 188 3405 841 3473; baseline -0.02 -28"><span class='ocrx_word' id='word_1_572' title='bbox 188 3423 236 3445; x_wconf 87' lang='lat' dir='ltr'>tan</span> <span class='ocrx_word' id='word_1_573' title='bbox 255 3414 380 3450; x_wconf 84' lang='lat' dir='ltr'>entibus,</span> <span class='ocrx_word' id='word_1_574' title='bbox 399 3420 483 3451; x_wconf 86' lang='lat' dir='ltr'>penes</span> <span class='ocrx_word' id='word_1_575' title='bbox 494 3410 611 3440; x_wconf 83' lang='lat' dir='ltr'>eandem</span> <span class='ocrx_word' id='word_1_576' title='bbox 626 3405 841 3473; x_wconf 51' lang='lat' dir='ltr'>pi&#39;oseciuendis,</span> 
     </span>
    </p>

    <p class='ocr_par' dir='ltr' id='par_1_25' title="bbox 189 3439 1251 3678">
     <span class='ocr_line' id='line_1_74' title="bbox 259 3439 1251 3483; baseline -0.011 -1"><span class='ocrx_word' id='word_1_577' title='bbox 259 3452 356 3482; x_wconf 77' lang='lat' dir='ltr'>ilec&#39;tos</span> <span class='ocrx_word' id='word_1_578' title='bbox 375 3452 407 3482; x_wconf 63' lang='grc' dir='ltr'>ὃς</span> <span class='ocrx_word' id='word_1_579' title='bbox 429 3449 522 3479; x_wconf 86' lang='lat' dir='ltr'>fideles</span> <span class='ocrx_word' id='word_1_580' title='bbox 542 3447 652 3477; x_wconf 89' lang='lat' dir='ltr'>nostros</span> <span class='ocrx_word' id='word_1_581' title='bbox 666 3468 676 3483; x_wconf 89' lang='lat'>,</span> <span class='ocrx_word' id='word_1_582' title='bbox 692 3444 718 3474; x_wconf 68' lang='lat' dir='ltr'>lv</span> <span class='ocrx_word' id='word_1_583' title='bbox 731 3442 866 3479; x_wconf 82' lang='lat' dir='ltr'>agistrum</span> <span class='ocrx_word' id='word_1_584' title='bbox 879 3440 1042 3479; x_wconf 88' lang='lat' dir='ltr'>Johannem</span> <span class='ocrx_word' id='word_1_585' title='bbox 1061 3439 1098 3469; x_wconf 92' lang='lat' dir='ltr'>de</span> <span class='ocrx_word' id='word_1_586' title='bbox 1114 3439 1251 3471; x_wconf 90' lang='lat' dir='ltr'>Stretford</span> 
     </span>
     <span class='ocr_line' id='line_1_75' title="bbox 189 3478 1250 3523; baseline -0.012 -2"><span class='ocrx_word' id='word_1_587' title='bbox 189 3490 436 3521; x_wconf 82' lang='lat' dir='ltr'>Archidiaconum</span> <span class='ocrx_word' id='word_1_588' title='bbox 445 3487 605 3518; x_wconf 82' lang='lat' dir='ltr'>Lincolniae</span> <span class='ocrx_word' id='word_1_589' title='bbox 614 3508 624 3523; x_wconf 89' lang='lat'>,</span> <span class='ocrx_word' id='word_1_590' title='bbox 636 3483 709 3522; x_wconf 88' lang='lat' dir='ltr'>Juris</span> <span class='ocrx_word' id='word_1_591' title='bbox 721 3481 820 3512; x_wconf 89' lang='lat' dir='ltr'>Civilis</span> <span class='ocrx_word' id='word_1_592' title='bbox 834 3478 1043 3517; x_wconf 82' lang='lat' dir='ltr'>Profefforem,</span> <span class='ocrx_word' id='word_1_593' title='bbox 1058 3478 1250 3509; x_wconf 88' lang='lat' dir='ltr'>Willielmum</span> 
     </span>
     <span class='ocr_line' id='line_1_76' title="bbox 189 3516 1251 3564; baseline -0.011 -6"><span class='ocrx_word' id='word_1_594' title='bbox 189 3529 225 3558; x_wconf 82' lang='lat' dir='ltr'>de</span> <span class='ocrx_word' id='word_1_595' title='bbox 242 3529 323 3558; x_wconf 82' lang='lat' dir='ltr'>Dcen</span> <span class='ocrx_word' id='word_1_596' title='bbox 346 3527 472 3557; x_wconf 83' lang='lat' dir='ltr'>Militem</span> <span class='ocrx_word' id='word_1_597' title='bbox 484 3549 496 3564; x_wconf 86' lang='lat'>,</span> <span class='ocrx_word' id='word_1_598' title='bbox 513 3526 546 3556; x_wconf 90' lang='lat'>&amp;</span> <span class='ocrx_word' id='word_1_599' title='bbox 569 3522 739 3562; x_wconf 82' lang='lat' dir='ltr'>Magistrum</span> <span class='ocrx_word' id='word_1_600' title='bbox 753 3519 946 3550; x_wconf 61' lang='lat' dir='ltr'>XVillielmum</span> <span class='ocrx_word' id='word_1_601' title='bbox 967 3516 1004 3547; x_wconf 92' lang='lat' dir='ltr'>de</span> <span class='ocrx_word' id='word_1_602' title='bbox 1017 3516 1159 3560; x_wconf 81' lang='lat' dir='ltr'>Weston,</span> <span class='ocrx_word' id='word_1_603' title='bbox 1175 3516 1251 3555; x_wconf 86' lang='lat' dir='ltr'>Juris</span> 
     </span>
     <span class='ocr_line' id='line_1_77' title="bbox 189 3555 1251 3601; baseline -0.011 -4"><span class='ocrx_word' id='word_1_604' title='bbox 189 3567 290 3597; x_wconf 88' lang='lat' dir='ltr'>Civilis</span> <span class='ocrx_word' id='word_1_605' title='bbox 304 3565 495 3596; x_wconf 80' lang='lat' dir='ltr'>Professorem</span> <span class='ocrx_word' id='word_1_606' title='bbox 511 3563 563 3600; x_wconf 91' lang='lat' dir='ltr'>(de</span> <span class='ocrx_word' id='word_1_607' title='bbox 571 3571 692 3601; x_wconf 87' lang='lat' dir='ltr'>quorum</span> <span class='ocrx_word' id='word_1_608' title='bbox 707 3559 837 3589; x_wconf 82' lang='lat' dir='ltr'>fidelitate</span> <span class='ocrx_word' id='word_1_609' title='bbox 843 3555 960 3597; x_wconf 61' lang='lat' dir='ltr'>probata</span> <span class='ocrx_word' id='word_1_610' title='bbox 972 3557 1006 3587; x_wconf 88' lang='lat'>&amp;</span> <span class='ocrx_word' id='word_1_611' title='bbox 1020 3555 1251 3598; x_wconf 65' lang='lat' dir='ltr'>circumspectio—</span> 
     </span>
     <span class='ocr_line' id='line_1_78' title="bbox 190 3593 1251 3643; baseline -0.012 -9"><span class='ocrx_word' id='word_1_612' title='bbox 190 3615 229 3634; x_wconf 83' lang='lat' dir='ltr'>ne</span> <span class='ocrx_word' id='word_1_613' title='bbox 247 3604 361 3643; x_wconf 68' lang='lat' dir='ltr'>provida</span> <span class='ocrx_word' id='word_1_614' title='bbox 383 3604 416 3634; x_wconf 87' lang='lat' dir='ltr'>ad</span> <span class='ocrx_word' id='word_1_615' title='bbox 436 3604 552 3643; x_wconf 85' lang='lat' dir='ltr'>plenum</span> <span class='ocrx_word' id='word_1_616' title='bbox 571 3598 760 3635; x_wconf 84' lang='lat' dir='ltr'>confidimus)</span> <span class='ocrx_word' id='word_1_617' title='bbox 781 3597 816 3628; x_wconf 85' lang='lat' dir='ltr'>ad</span> <span class='ocrx_word' id='word_1_618' title='bbox 832 3595 952 3627; x_wconf 83' lang='lat' dir='ltr'>vestram</span> <span class='ocrx_word' id='word_1_619' title='bbox 967 3593 1140 3633; x_wconf 82' lang='lat' dir='ltr'>praesentiam</span> <span class='ocrx_word' id='word_1_620' title='bbox 1160 3593 1251 3623; x_wconf 88' lang='lat' dir='ltr'>Nun-</span> 
     </span>
     <span class='ocr_line' id='line_1_79' title="bbox 191 3639 1087 3678; baseline -0.011 -5"><span class='ocrx_word' id='word_1_621' title='bbox 191 3644 251 3673; x_wconf 81' lang='lat' dir='ltr'>cios</span> <span class='ocrx_word' id='word_1_622' title='bbox 263 3643 371 3673; x_wconf 85' lang='lat' dir='ltr'>nostros</span> <span class='ocrx_word' id='word_1_623' title='bbox 387 3644 525 3672; x_wconf 83' lang='lat' dir='ltr'>mittimus</span> <span class='ocrx_word' id='word_1_624' title='bbox 537 3639 682 3678; x_wconf 77' lang='lat' dir='ltr'>speciales,</span> <span class='ocrx_word' id='word_1_625' title='bbox 872 3674 876 3678; x_wconf 30' lang='grc' dir='ltr'>ι</span> <span class='ocrx_word' id='word_1_626' title='bbox 1082 3671 1087 3676; x_wconf 35' lang='lat'>¹</span> 
     </span>
    </p>

    <p class='ocr_par' dir='ltr' id='par_1_26' title="bbox 192 3670 1251 3864">
     <span class='ocr_line' id='line_1_80' title="bbox 231 3670 1250 3714; baseline -0.01 -5"><span class='ocrx_word' id='word_1_627' title='bbox 231 3680 338 3709; x_wconf 64' lang='lat' dir='ltr'>Vesti‘ae</span> <span class='ocrx_word' id='word_1_628' title='bbox 351 3680 514 3711; x_wconf 84' lang='lat' dir='ltr'>Beatitudini</span> <span class='ocrx_word' id='word_1_629' title='bbox 529 3679 638 3709; x_wconf 88' lang='lat' dir='ltr'>devotis</span> <span class='ocrx_word' id='word_1_630' title='bbox 652 3676 781 3714; x_wconf 83' lang='lat' dir='ltr'>precibus</span> <span class='ocrx_word' id='word_1_631' title='bbox 792 3673 975 3711; x_wconf 80' lang='lat' dir='ltr'>supplicantes</span> <span class='ocrx_word' id='word_1_632' title='bbox 987 3694 997 3710; x_wconf 92' lang='lat'>,</span> <span class='ocrx_word' id='word_1_633' title='bbox 1014 3678 1141 3711; x_wconf 82' lang='lat' dir='ltr'>quatinus</span> <span class='ocrx_word' id='word_1_634' title='bbox 1152 3670 1250 3714; x_wconf 78' lang='lat' dir='ltr'>praefa-</span> 
     </span>
     <span class='ocr_line' id='line_1_81' title="bbox 192 3709 1249 3756; baseline -0.009 -8"><span class='ocrx_word' id='word_1_635' title='bbox 192 3719 228 3749; x_wconf 79' lang='lat' dir='ltr'>tis</span> <span class='ocrx_word' id='word_1_636' title='bbox 240 3741 250 3756; x_wconf 84' lang='lat'>‚</span> <span class='ocrx_word' id='word_1_637' title='bbox 272 3717 395 3755; x_wconf 76' lang='lat' dir='ltr'>johanni</span> <span class='ocrx_word' id='word_1_638' title='bbox 410 3741 419 3756; x_wconf 90' lang='lat'>,</span> <span class='ocrx_word' id='word_1_639' title='bbox 442 3718 601 3747; x_wconf 86' lang='lat' dir='ltr'>Willielmo</span> <span class='ocrx_word' id='word_1_640' title='bbox 615 3739 626 3754; x_wconf 90' lang='lat'>,</span> <span class='ocrx_word' id='word_1_641' title='bbox 650 3716 683 3746; x_wconf 88' lang='lat'>&amp;</span> <span class='ocrx_word' id='word_1_642' title='bbox 702 3713 862 3744; x_wconf 87' lang='lat' dir='ltr'>Willielmo</span> <span class='ocrx_word' id='word_1_643' title='bbox 874 3735 884 3751; x_wconf 87' lang='lat'>,</span> <span class='ocrx_word' id='word_1_644' title='bbox 901 3712 934 3742; x_wconf 68' lang='grc' dir='ltr'>ὃ(</span> <span class='ocrx_word' id='word_1_645' title='bbox 953 3709 1063 3754; x_wconf 85' lang='lat' dir='ltr'>duobus</span> <span class='ocrx_word' id='word_1_646' title='bbox 1077 3719 1176 3740; x_wconf 88' lang='lat' dir='ltr'>eorum</span> <span class='ocrx_word' id='word_1_647' title='bbox 1190 3719 1249 3753; x_wconf 73' lang='lat' dir='ltr'>’.m</span> 
     </span>
     <span class='ocr_line' id='line_1_82' title="bbox 194 3748 1250 3794; baseline -0.008 -8"><span class='ocrx_word' id='word_1_648' title='bbox 194 3757 248 3786; x_wconf 89' lang='lat' dir='ltr'>hiis</span> <span class='ocrx_word' id='word_1_649' title='bbox 263 3779 272 3794; x_wconf 83' lang='lat'>,</span> <span class='ocrx_word' id='word_1_650' title='bbox 291 3765 355 3792; x_wconf 79' lang='lat' dir='ltr'>quae</span> <span class='ocrx_word' id='word_1_651' title='bbox 374 3757 422 3793; x_wconf 80' lang='lat' dir='ltr'>ipsi</span> <span class='ocrx_word' id='word_1_652' title='bbox 438 3779 448 3794; x_wconf 91' lang='lat'>,</span> <span class='ocrx_word' id='word_1_653' title='bbox 465 3756 511 3785; x_wconf 86' lang='lat' dir='ltr'>vel</span> <span class='ocrx_word' id='word_1_654' title='bbox 532 3755 589 3785; x_wconf 89' lang='lat' dir='ltr'>duo</span> <span class='ocrx_word' id='word_1_655' title='bbox 604 3762 702 3784; x_wconf 88' lang='lat' dir='ltr'>eorum</span> <span class='ocrx_word' id='word_1_656' title='bbox 715 3775 724 3790; x_wconf 85' lang='lat'>,</span> <span class='ocrx_word' id='word_1_657' title='bbox 742 3753 771 3782; x_wconf 88' lang='lat' dir='ltr'>in</span> <span class='ocrx_word' id='word_1_658' title='bbox 792 3750 937 3789; x_wconf 82' lang='lat' dir='ltr'>praemissis</span> <span class='ocrx_word' id='word_1_659' title='bbox 950 3771 960 3788; x_wconf 90' lang='lat'>,</span> <span class='ocrx_word' id='word_1_660' title='bbox 978 3749 1060 3779; x_wconf 92' lang='lat' dir='ltr'>vobis</span> <span class='ocrx_word' id='word_1_661' title='bbox 1074 3748 1250 3787; x_wconf 79' lang='lat' dir='ltr'>exposuerint</span> 
     </span>
     <span class='ocr_line' id='line_1_83' title="bbox 193 3786 1251 3860; baseline -0.01 -33"><span class='ocrx_word' id='word_1_662' title='bbox 193 3793 259 3825; x_wconf 65' lang='lat' dir='ltr'>viv-²2</span> <span class='ocrx_word' id='word_1_663' title='bbox 273 3802 346 3823; x_wconf 80' lang='lat' dir='ltr'>voce</span> <span class='ocrx_word' id='word_1_664' title='bbox 355 3795 531 3860; x_wconf 76' lang='lat' dir='ltr'>,ddignemini</span> <span class='ocrx_word' id='word_1_665' title='bbox 544 3793 631 3824; x_wconf 84' lang='lat' dir='ltr'>fidem</span> <span class='ocrx_word' id='word_1_666' title='bbox 644 3791 790 3822; x_wconf 82' lang='lat' dir='ltr'>indubiam</span> <span class='ocrx_word' id='word_1_667' title='bbox 803 3789 952 3826; x_wconf 84' lang='lat' dir='ltr'>adhibere,</span> <span class='ocrx_word' id='word_1_668' title='bbox 969 3786 1174 3826; x_wconf 82' lang='lat' dir='ltr'>&amp;exponenda</span> <span class='ocrx_word' id='word_1_669' title='bbox 1186 3796 1251 3824; x_wconf 82' lang='lat' dir='ltr'>gra·</span> 
     </span>
     <span class='ocr_line' id='line_1_84' title="bbox 192 3832 432 3864; baseline -0.021 0"><span class='ocrx_word' id='word_1_670' title='bbox 192 3832 286 3864; x_wconf 77' lang='lat' dir='ltr'>tiolius</span> <span class='ocrx_word' id='word_1_671' title='bbox 298 3840 365 3860; x_wconf 89' lang='lat' dir='ltr'>exau</span> <span class='ocrx_word' id='word_1_672' title='bbox 387 3832 432 3860; x_wconf 82' lang='lat' dir='ltr'>ire.</span> 
     </span>
    </p>
   </div>
   <div class='ocr_carea' id='block_1_21' title="bbox 229 3868 1009 3984">
    <p class='ocr_par' dir='ltr' id='par_1_27' title="bbox 229 3868 1009 3984">
     <span class='ocr_line' id='line_1_85' title="bbox 231 3868 476 3907; baseline -0.004 -7"><span class='ocrx_word' id='word_1_673' title='bbox 231 3868 402 3907; x_wconf 89' lang='lat' dir='ltr'>Conservet,</span> <span class='ocrx_word' id='word_1_674' title='bbox 417 3870 476 3899; x_wconf 70' lang='lat' dir='ltr'>&amp;o</span> 
     </span>
     <span class='ocr_line' id='line_1_86' title="bbox 229 3941 1009 3984; baseline -0.01 -6"><span class='ocrx_word' id='word_1_675' title='bbox 229 3945 300 3978; x_wconf 87' lang='lat' dir='ltr'>Dat.</span> <span class='ocrx_word' id='word_1_676' title='bbox 315 3944 388 3984; x_wconf 78' lang='lat' dir='ltr'>apud</span> <span class='ocrx_word' id='word_1_677' title='bbox 404 3943 689 3976; x_wconf 88' lang='lat' dir='ltr'>Westmonasterium</span> <span class='ocrx_word' id='word_1_678' title='bbox 698 3967 710 3983; x_wconf 91' lang='lat'>,</span> <span class='ocrx_word' id='word_1_679' title='bbox 728 3945 755 3976; x_wconf 83' lang='lat'>8.</span> <span class='ocrx_word' id='word_1_680' title='bbox 771 3943 817 3974; x_wconf 92' lang='lat' dir='ltr'>die</span> <span class='ocrx_word' id='word_1_681' title='bbox 829 3941 1009 3973; x_wconf 85' lang='lat' dir='ltr'>Decembris.</span> 
     </span>
    </p>
   </div>
   <div class='ocr_carea' id='block_1_22' title="bbox 674 76 1470 125">
    <p class='ocr_par' dir='ltr' id='par_1_28' title="bbox 674 76 1470 125">
     <span class='ocr_line' id='line_1_87' title="bbox 674 76 1470 125; baseline -0.009 -1"><span class='ocrx_word' id='word_1_682' title='bbox 674 76 1470 125; x_wconf 79' lang='lat' dir='ltr'>CONVENTI&#39;ONES,</span> 
     </span>
    </p>
   </div>
   <div class='ocr_carea' id='block_1_23' title="bbox 1527 77 1938 132">
    <p class='ocr_par' dir='ltr' id='par_1_29' title="bbox 1527 77 1938 132">
     <span class='ocr_line' id='line_1_88' title="bbox 1527 77 1938 132; baseline 0.005 -14"><span class='ocrx_word' id='word_1_683' title='bbox 1527 77 1938 132; x_wconf 82' lang='lat' dir='ltr'>LITERAE,</span> 
     </span>
    </p>
   </div>
   <div class='ocr_carea' id='block_1_24' title="bbox 1332 201 2402 395">
    <p class='ocr_par' dir='ltr' id='par_1_30' title="bbox 1401 201 2402 246">
     <span class='ocr_line' id='line_1_89' title="bbox 1401 201 2402 246; baseline 0.003 -14"><span class='ocrx_word' id='word_1_684' title='bbox 1401 201 1552 246; x_wconf 77' lang='lat' dir='ltr'>Onsimiies</span> <span class='ocrx_word' id='word_1_685' title='bbox 1569 202 1673 233; x_wconf 86' lang='lat' dir='ltr'>Literae</span> <span class='ocrx_word' id='word_1_686' title='bbox 1686 202 1756 234; x_wconf 84' lang='lat' dir='ltr'>siunt</span> <span class='ocrx_word' id='word_1_687' title='bbox 1773 226 1784 242; x_wconf 90' lang='lat'>,</span> <span class='ocrx_word' id='word_1_688' title='bbox 1797 203 1846 233; x_wconf 90' lang='lat' dir='ltr'>sub</span> <span class='ocrx_word' id='word_1_689' title='bbox 1860 202 2022 234; x_wconf 87' lang='lat' dir='ltr'>nominibus</span> <span class='ocrx_word' id='word_1_690' title='bbox 2035 201 2197 241; x_wconf 66' lang='lat' dir='ltr'>dierorum,</span> <span class='ocrx_word' id='word_1_691' title='bbox 2217 201 2402 235; x_wconf 78' lang='lat' dir='ltr'>Archidiaco-</span> 
     </span>
    </p>

    <p class='ocr_par' dir='ltr' id='par_1_31' title="bbox 1332 240 2402 395">
     <span class='ocr_line' id='line_1_90' title="bbox 1412 240 2402 282; baseline 0.003 -12"><span class='ocrx_word' id='word_1_692' title='bbox 1412 251 1460 279; x_wconf 83' lang='lat' dir='ltr'>ni,</span> <span class='ocrx_word' id='word_1_693' title='bbox 1478 241 1629 271; x_wconf 88' lang='lat' dir='ltr'>Willielmi</span> <span class='ocrx_word' id='word_1_694' title='bbox 1641 241 1678 272; x_wconf 87' lang='lat' dir='ltr'>de</span> <span class='ocrx_word' id='word_1_695' title='bbox 1688 241 1814 272; x_wconf 87' lang='lat' dir='ltr'>Weston</span> <span class='ocrx_word' id='word_1_696' title='bbox 1823 265 1833 280; x_wconf 94' lang='lat'>,</span> <span class='ocrx_word' id='word_1_697' title='bbox 1848 241 1922 280; x_wconf 90' lang='lat' dir='ltr'>Juris</span> <span class='ocrx_word' id='word_1_698' title='bbox 1935 240 2033 272; x_wconf 87' lang='lat' dir='ltr'>Civilis</span> <span class='ocrx_word' id='word_1_699' title='bbox 2046 240 2402 282; x_wconf 81' lang='lat' dir='ltr'>Pi·ofessotiS,Willielmi‚</span> 
     </span>
     <span class='ocr_line' id='line_1_91' title="bbox 1333 278 2399 319; baseline 0.001 -10"><span class='ocrx_word' id='word_1_700' title='bbox 1333 280 1368 310; x_wconf 92' lang='lat'>&amp;</span> <span class='ocrx_word' id='word_1_701' title='bbox 1389 280 1488 310; x_wconf 84' lang='lat' dir='ltr'>Fratris</span> <span class='ocrx_word' id='word_1_702' title='bbox 1503 279 1642 318; x_wconf 85' lang='lat' dir='ltr'>Johannis</span> <span class='ocrx_word' id='word_1_703' title='bbox 1664 280 1699 310; x_wconf 88' lang='lat' dir='ltr'>de</span> <span class='ocrx_word' id='word_1_704' title='bbox 1714 279 1870 310; x_wconf 53' lang='lat' dir='ltr'>&amp;Vrotham</span> <span class='ocrx_word' id='word_1_705' title='bbox 1888 303 1899 319; x_wconf 91' lang='lat'>,</span> <span class='ocrx_word' id='word_1_706' title='bbox 1918 279 2044 310; x_wconf 91' lang='lat' dir='ltr'>Domini</span> <span class='ocrx_word' id='word_1_707' title='bbox 2066 278 2152 317; x_wconf 84' lang='lat' dir='ltr'>Papae</span> <span class='ocrx_word' id='word_1_708' title='bbox 2174 278 2399 319; x_wconf 70' lang='lat' dir='ltr'>Poenitentiarii,</span> 
     </span>
     <span class='ocr_line' id='line_1_92' title="bbox 1332 317 2401 358; baseline 0.003 -11"><span class='ocrx_word' id='word_1_709' title='bbox 1332 317 1456 356; x_wconf 85' lang='lat' dir='ltr'>Trium,</span> <span class='ocrx_word' id='word_1_710' title='bbox 1472 319 1505 348; x_wconf 65' lang='grc' dir='ltr'>ὃς</span> <span class='ocrx_word' id='word_1_711' title='bbox 1520 318 1655 348; x_wconf 90' lang='lat' dir='ltr'>Duorum</span> <span class='ocrx_word' id='word_1_712' title='bbox 1671 328 1770 348; x_wconf 88' lang='lat' dir='ltr'>eorum</span> <span class='ocrx_word' id='word_1_713' title='bbox 1788 330 1797 357; x_wconf 91' lang='lat'>·,</span> <span class='ocrx_word' id='word_1_714' title='bbox 1812 328 1936 358; x_wconf 87' lang='lat' dir='ltr'>quorum</span> <span class='ocrx_word' id='word_1_715' title='bbox 1949 319 2017 349; x_wconf 86' lang='lat' dir='ltr'>alter</span> <span class='ocrx_word' id='word_1_716' title='bbox 2029 341 2040 357; x_wconf 88' lang='lat'>‚</span> <span class='ocrx_word' id='word_1_717' title='bbox 2054 317 2198 348; x_wconf 70' lang='lat' dir='ltr'>dierorum</span> <span class='ocrx_word' id='word_1_718' title='bbox 2213 317 2401 350; x_wconf 84' lang='lat' dir='ltr'>Archidiaco-</span> 
     </span>
     <span class='ocr_line' id='line_1_93' title="bbox 1333 356 1933 395; baseline 0.002 -9"><span class='ocrx_word' id='word_1_719' title='bbox 1333 357 1363 386; x_wconf 92' lang='lat' dir='ltr'>ni</span> <span class='ocrx_word' id='word_1_720' title='bbox 1381 357 1414 387; x_wconf 68' lang='grc' dir='ltr'>ὃς</span> <span class='ocrx_word' id='word_1_721' title='bbox 1428 356 1582 387; x_wconf 78' lang='lat' dir='ltr'>willielmi</span> <span class='ocrx_word' id='word_1_722' title='bbox 1593 356 1630 387; x_wconf 91' lang='lat' dir='ltr'>de</span> <span class='ocrx_word' id='word_1_723' title='bbox 1645 356 1788 395; x_wconf 84' lang='lat' dir='ltr'>Weston,</span> <span class='ocrx_word' id='word_1_724' title='bbox 1805 357 1838 387; x_wconf 89' lang='lat' dir='ltr'>sit</span> <span class='ocrx_word' id='word_1_725' title='bbox 1853 366 1933 387; x_wconf 89' lang='lat' dir='ltr'>unus.</span> 
     </span>
    </p>
   </div>
   <div class='ocr_carea' id='block_1_25' title="bbox 1332 429 2399 625">
    <p class='ocr_par' dir='ltr' id='par_1_32' title="bbox 1332 429 2399 625">
     <span class='ocr_line' id='line_1_94' title="bbox 1336 429 2399 494; baseline 0.002 -32"><span class='ocrx_word' id='word_1_726' title='bbox 1336 432 1554 494; x_wconf 79' lang='lat' dir='ltr'>COniimiles</span> <span class='ocrx_word' id='word_1_727' title='bbox 1569 433 1674 464; x_wconf 80' lang='lat' dir='ltr'>Literae</span> <span class='ocrx_word' id='word_1_728' title='bbox 1686 433 1774 472; x_wconf 89' lang='lat' dir='ltr'>fiunt,</span> <span class='ocrx_word' id='word_1_729' title='bbox 1792 433 1844 464; x_wconf 92' lang='lat' dir='ltr'>sub</span> <span class='ocrx_word' id='word_1_730' title='bbox 1857 433 1954 464; x_wconf 87' lang='lat' dir='ltr'>eadem</span> <span class='ocrx_word' id='word_1_731' title='bbox 1975 431 2056 470; x_wconf 85' lang='lat' dir='ltr'>data,</span> <span class='ocrx_word' id='word_1_732' title='bbox 2074 429 2124 463; x_wconf 88' lang='lat' dir='ltr'>sub</span> <span class='ocrx_word' id='word_1_733' title='bbox 2138 432 2321 472; x_wconf 87' lang='lat' dir='ltr'>nominibus,</span> <span class='ocrx_word' id='word_1_734' title='bbox 2339 432 2399 464; x_wconf 90' lang='lat' dir='ltr'>Ve-</span> 
     </span>
     <span class='ocr_line' id='line_1_95' title="bbox 1413 470 2399 510; baseline 0.001 -9"><span class='ocrx_word' id='word_1_735' title='bbox 1413 472 1540 502; x_wconf 86' lang='lat' dir='ltr'>nerabilis</span> <span class='ocrx_word' id='word_1_736' title='bbox 1556 471 1643 502; x_wconf 88' lang='lat' dir='ltr'>Patris</span> <span class='ocrx_word' id='word_1_737' title='bbox 1654 471 1693 502; x_wconf 87' lang='lat' dir='ltr'>R.</span> <span class='ocrx_word' id='word_1_738' title='bbox 1708 472 1923 510; x_wconf 56' lang='lat' dir='ltr'>NVyiitonieniis</span> <span class='ocrx_word' id='word_1_739' title='bbox 1943 470 2077 509; x_wconf 86' lang='lat' dir='ltr'>Epiicopi</span> <span class='ocrx_word' id='word_1_740' title='bbox 2088 494 2098 510; x_wconf 95' lang='lat'>,</span> <span class='ocrx_word' id='word_1_741' title='bbox 2117 471 2150 502; x_wconf 88' lang='lat'>&amp;</span> <span class='ocrx_word' id='word_1_742' title='bbox 2163 471 2323 510; x_wconf 57' lang='lat' dir='ltr'>diffitorum,</span> <span class='ocrx_word' id='word_1_743' title='bbox 2344 473 2399 503; x_wconf 91' lang='lat' dir='ltr'>Ar-</span> 
     </span>
     <span class='ocr_line' id='line_1_96' title="bbox 1332 508 2397 550; baseline 0.003 -12"><span class='ocrx_word' id='word_1_744' title='bbox 1332 509 1517 549; x_wconf 88' lang='lat' dir='ltr'>chidiaconi,</span> <span class='ocrx_word' id='word_1_745' title='bbox 1543 509 1692 540; x_wconf 86' lang='lat' dir='ltr'>Willielmi</span> <span class='ocrx_word' id='word_1_746' title='bbox 1709 534 1720 550; x_wconf 80' lang='lat'>,</span> <span class='ocrx_word' id='word_1_747' title='bbox 1744 510 1918 549; x_wconf 90' lang='lat' dir='ltr'>Willielmi,</span> <span class='ocrx_word' id='word_1_748' title='bbox 1943 510 1976 540; x_wconf 76' lang='grc' dir='ltr'>δε</span> <span class='ocrx_word' id='word_1_749' title='bbox 2014 508 2153 547; x_wconf 86' lang='lat' dir='ltr'>ohannis,</span> <span class='ocrx_word' id='word_1_750' title='bbox 2180 509 2334 548; x_wconf 84' lang='lat' dir='ltr'>Qiatuor,</span> <span class='ocrx_word' id='word_1_751' title='bbox 2362 511 2397 541; x_wconf 75' lang='grc' dir='ltr'>δε</span> 
     </span>
     <span class='ocr_line' id='line_1_97' title="bbox 1332 547 2396 589; baseline 0.001 -11"><span class='ocrx_word' id='word_1_752' title='bbox 1332 547 1438 578; x_wconf 84' lang='lat' dir='ltr'>Trium</span> <span class='ocrx_word' id='word_1_753' title='bbox 1451 558 1568 587; x_wconf 87' lang='lat' dir='ltr'>eorum,</span> <span class='ocrx_word' id='word_1_754' title='bbox 1586 558 1709 588; x_wconf 85' lang='lat' dir='ltr'>quorum</span> <span class='ocrx_word' id='word_1_755' title='bbox 1720 549 1804 589; x_wconf 86' lang='lat' dir='ltr'>alter,</span> <span class='ocrx_word' id='word_1_756' title='bbox 1821 548 1966 580; x_wconf 57' lang='lat' dir='ltr'>diciorum</span> <span class='ocrx_word' id='word_1_757' title='bbox 2022 547 2184 579; x_wconf 85' lang='lat' dir='ltr'>chidiaconi</span> <span class='ocrx_word' id='word_1_758' title='bbox 2197 550 2230 580; x_wconf 91' lang='lat'>&amp;</span> <span class='ocrx_word' id='word_1_759' title='bbox 2245 547 2396 579; x_wconf 76' lang='lat' dir='ltr'>willielmi</span> 
     </span>
     <span class='ocr_line' id='line_1_98' title="bbox 1332 585 1934 625; baseline 0.003 -10"><span class='ocrx_word' id='word_1_760' title='bbox 1332 585 1369 615; x_wconf 89' lang='lat' dir='ltr'>de</span> <span class='ocrx_word' id='word_1_761' title='bbox 1382 586 1425 616; x_wconf 91' lang='lat' dir='ltr'>W</span> <span class='ocrx_word' id='word_1_762' title='bbox 1426 586 1509 617; x_wconf 86' lang='lat' dir='ltr'>eston</span> <span class='ocrx_word' id='word_1_763' title='bbox 1517 610 1528 625; x_wconf 87' lang='lat'>,</span> <span class='ocrx_word' id='word_1_764' title='bbox 1546 588 1577 618; x_wconf 93' lang='lat' dir='ltr'>sit</span> <span class='ocrx_word' id='word_1_765' title='bbox 1591 597 1671 617; x_wconf 91' lang='lat' dir='ltr'>unus.</span> <span class='ocrx_word' id='word_1_766' title='bbox 1931 610 1934 614; x_wconf 87' lang='lat'>.</span> 
     </span>
    </p>
   </div>
   <div class='ocr_carea' id='block_1_26' title="bbox 1585 711 2147 758">
    <p class='ocr_par' dir='ltr' id='par_1_33' title="bbox 1585 711 2147 758">
     <span class='ocr_line' id='line_1_99' title="bbox 1585 711 2147 758; baseline 0.004 -16"><span class='ocrx_word' id='word_1_767' title='bbox 1585 712 1696 743; x_wconf 82' lang='lat' dir='ltr'>Contra</span> <span class='ocrx_word' id='word_1_768' title='bbox 1712 714 1741 744; x_wconf 88' lang='grc' dir='ltr'><em>Ε</em></span> <span class='ocrx_word' id='word_1_769' title='bbox 1737 712 1888 758; x_wconf 79' lang='lat' dir='ltr'>piftopum</span> <span class='ocrx_word' id='word_1_770' title='bbox 1905 711 2147 758; x_wconf 79' lang='lat' dir='ltr'>Lincolnienftm.</span> 
     </span>
    </p>
   </div>
   <div class='ocr_carea' id='block_1_27' title="bbox 1422 794 2392 876">
    <p class='ocr_par' dir='ltr' id='par_1_34' title="bbox 1422 794 2392 876">
     <span class='ocr_line' id='line_1_100' title="bbox 1422 794 2090 834; baseline 0.006 -10"><span class='ocrx_word' id='word_1_771' title='bbox 1422 794 1490 825; x_wconf 84' lang='lat' dir='ltr'>PAE</span> <span class='ocrx_word' id='word_1_772' title='bbox 1509 794 1574 825; x_wconf 82' lang='lat' dir='ltr'>Rex</span> <span class='ocrx_word' id='word_1_773' title='bbox 1588 795 1691 827; x_wconf 89' lang='lat' dir='ltr'>devota</span> <span class='ocrx_word' id='word_1_774' title='bbox 1704 796 1810 834; x_wconf 89' lang='lat' dir='ltr'>pedum</span> <span class='ocrx_word' id='word_1_775' title='bbox 1824 797 1917 828; x_wconf 89' lang='lat' dir='ltr'>oscula</span> <span class='ocrx_word' id='word_1_776' title='bbox 1931 797 2090 828; x_wconf 86' lang='lat' dir='ltr'>beatorum.</span> 
     </span>
     <span class='ocr_line' id='line_1_101' title="bbox 1433 832 2392 876; baseline 0.003 -13"><span class='ocrx_word' id='word_1_777' title='bbox 1433 832 1615 873; x_wconf 85' lang='lat' dir='ltr'>Turbamur,</span> <span class='ocrx_word' id='word_1_778' title='bbox 1628 835 1661 865; x_wconf 90' lang='lat'>&amp;</span> <span class='ocrx_word' id='word_1_779' title='bbox 1677 836 1799 874; x_wconf 84' lang='lat' dir='ltr'>merito,</span> <span class='ocrx_word' id='word_1_780' title='bbox 1813 845 1881 866; x_wconf 91' lang='lat' dir='ltr'>cum</span> <span class='ocrx_word' id='word_1_781' title='bbox 1896 835 2098 875; x_wconf 87' lang='lat' dir='ltr'>cernimus,ad</span> <span class='ocrx_word' id='word_1_782' title='bbox 2114 833 2202 866; x_wconf 87' lang='lat' dir='ltr'>nostri</span> <span class='ocrx_word' id='word_1_783' title='bbox 2218 835 2392 876; x_wconf 83' lang='lat' dir='ltr'>instantiam,</span> 
     </span>
    </p>
   </div>
   <div class='ocr_carea' id='block_1_28' title="bbox 1329 792 1414 853">
    <p class='ocr_par' dir='ltr' id='par_1_35' title="bbox 1329 792 1414 853">
     <span class='ocr_line' id='line_1_102' title="bbox 1329 792 1414 853; baseline -0.012 -27"><span class='ocrx_word' id='word_1_784' title='bbox 1329 792 1414 853; x_wconf 59' lang='lat' dir='ltr'>Pi</span> 
     </span>
    </p>
   </div>
   <div class='ocr_carea' id='block_1_29' title="bbox 2413 163 2551 273">
    <p class='ocr_par' dir='ltr' id='par_1_36' title="bbox 2413 163 2551 273">
     <span class='ocr_line' id='line_1_103' title="bbox 2413 163 2545 197; baseline 0.023 -3"><span class='ocrx_word' id='word_1_785' title='bbox 2413 163 2490 196; x_wconf 86' lang='lat' dir='ltr'>Ann.</span> <span class='ocrx_word' id='word_1_786' title='bbox 2505 165 2545 197; x_wconf 71' lang='lat' dir='ltr'>D}</span> 
     </span>
     <span class='ocr_line' id='line_1_104' title="bbox 2437 213 2543 243; baseline 0 -10"><span class='ocrx_word' id='word_1_787' title='bbox 2437 213 2521 243; x_wconf 82' lang='lat'>1321.</span> <span class='ocrx_word' id='word_1_788' title='bbox 2540 232 2543 233; x_wconf 21' lang='lat'><em>⁷</em></span> 
     </span>
     <span class='ocr_line' id='line_1_105' title="bbox 2418 245 2551 273; baseline 0.023 -3"><span class='ocrx_word' id='word_1_789' title='bbox 2418 245 2483 272; x_wconf 74' lang='lat' dir='ltr'>Edv.</span> <span class='ocrx_word' id='word_1_790' title='bbox 2501 254 2528 273; x_wconf 74' lang='grc' dir='ltr'>ι.</span> <span class='ocrx_word' id='word_1_791' title='bbox 2546 270 2551 273; x_wconf 87' lang='grc'><em>,</em></span> 
     </span>
    </p>
   </div>
   <div class='ocr_carea' id='block_1_30' title="bbox 2409 801 2540 840">
    <p class='ocr_par' dir='ltr' id='par_1_37' title="bbox 2409 801 2540 840">
     <span class='ocr_line' id='line_1_106' title="bbox 2409 801 2540 840; baseline 0 -7"><span class='ocrx_word' id='word_1_792' title='bbox 2409 801 2540 840; x_wconf 72' lang='grc' dir='ltr'>Αηηῐ),</span> 
     </span>
    </p>
   </div>
   <div class='ocr_carea' id='block_1_31' title="bbox 2431 850 2514 881">
    <p class='ocr_par' dir='ltr' id='par_1_38' title="bbox 2431 850 2514 881">
     <span class='ocr_line' id='line_1_107' title="bbox 2431 850 2514 881; baseline 0.036 -10"><span class='ocrx_word' id='word_1_793' title='bbox 2431 850 2514 881; x_wconf 74' lang='lat'>1321,</span> 
     </span>
    </p>
   </div>
   <div class='ocr_carea' id='block_1_32' title="bbox 1327 870 2518 957">
    <p class='ocr_par' dir='ltr' id='par_1_39' title="bbox 1327 870 2518 957">
     <span class='ocr_line' id='line_1_108' title="bbox 1327 870 2518 918; baseline 0.006 -19"><span class='ocrx_word' id='word_1_794' title='bbox 1327 870 1478 914; x_wconf 82' lang='lat' dir='ltr'>quicquam</span> <span class='ocrx_word' id='word_1_795' title='bbox 1495 872 1554 901; x_wconf 87' lang='lat' dir='ltr'>fieri</span> <span class='ocrx_word' id='word_1_796' title='bbox 1567 872 1663 917; x_wconf 71' lang='lat' dir='ltr'>quod,</span> <span class='ocrx_word' id='word_1_797' title='bbox 1677 872 1781 918; x_wconf 43' lang='lat' dir='ltr'>Erro-re</span> <span class='ocrx_word' id='word_1_798' title='bbox 1792 873 1921 913; x_wconf 69' lang='lat' dir='ltr'>dete&amp;o,</span> <span class='ocrx_word' id='word_1_799' title='bbox 1937 876 2041 905; x_wconf 69' lang='lat' dir='ltr'>merito</span> <span class='ocrx_word' id='word_1_800' title='bbox 2053 874 2152 905; x_wconf 89' lang='lat' dir='ltr'>debeat</span> <span class='ocrx_word' id='word_1_801' title='bbox 2164 875 2305 914; x_wconf 87' lang='lat' dir='ltr'>reprobari</span> <span class='ocrx_word' id='word_1_802' title='bbox 2316 886 2327 912; x_wconf 76' lang='lat'>3</span> <span class='ocrx_word' id='word_1_803' title='bbox 2339 874 2392 913; x_wconf 80' lang='lat' dir='ltr'>set,</span> <span class='ocrx_word' id='word_1_804' title='bbox 2404 883 2457 908; x_wconf 67' lang='lat' dir='ltr'>Aa.</span> <span class='ocrx_word' id='word_1_805' title='bbox 2475 891 2518 918; x_wconf 82' lang='lat'>15·</span> 
     </span>
     <span class='ocr_line' id='line_1_109' title="bbox 1327 909 2474 957; baseline 0.006 -19"><span class='ocrx_word' id='word_1_806' title='bbox 1327 916 1358 937; x_wconf 90' lang='lat' dir='ltr'>ut</span> <span class='ocrx_word' id='word_1_807' title='bbox 1373 909 1481 940; x_wconf 83' lang='lat' dir='ltr'>niedeia</span> <span class='ocrx_word' id='word_1_808' title='bbox 1494 911 1678 941; x_wconf 69' lang='lat' dir='ltr'>correctionis</span> <span class='ocrx_word' id='word_1_809' title='bbox 1689 911 1781 942; x_wconf 89' lang='lat' dir='ltr'>debita</span> <span class='ocrx_word' id='word_1_810' title='bbox 1793 921 1962 956; x_wconf 85' lang='lat' dir='ltr'>apponatur,</span> <span class='ocrx_word' id='word_1_811' title='bbox 1980 913 2026 952; x_wconf 85' lang='lat' dir='ltr'>id,</span> <span class='ocrx_word' id='word_1_812' title='bbox 2043 913 2120 957; x_wconf 76' lang='lat' dir='ltr'>quod</span> <span class='ocrx_word' id='word_1_813' title='bbox 2139 914 2302 953; x_wconf 75' lang='lat' dir='ltr'>ignoranter</span> <span class='ocrx_word' id='word_1_814' title='bbox 2316 922 2388 944; x_wconf 87' lang='lat' dir='ltr'>erra-</span> <span class='ocrx_word' id='word_1_815' title='bbox 2405 923 2434 945; x_wconf 84' lang='grc' dir='ltr'>Ε.</span> <span class='ocrx_word' id='word_1_816' title='bbox 2449 928 2474 947; x_wconf 88' lang='lat'>2.</span> 
     </span>
    </p>
   </div>
   <div class='ocr_carea' id='block_1_33' title="bbox 1304 948 2394 2456">
    <p class='ocr_par' dir='ltr' id='par_1_40' title="bbox 1325 948 2286 988">
     <span class='ocr_line' id='line_1_110' title="bbox 1325 948 2286 988; baseline 0.006 -12"><span class='ocrx_word' id='word_1_817' title='bbox 1325 955 1433 986; x_wconf 83' lang='lat' dir='ltr'>Vimus,</span> <span class='ocrx_word' id='word_1_818' title='bbox 1452 948 1550 979; x_wconf 82' lang='lat' dir='ltr'>vestrae</span> <span class='ocrx_word' id='word_1_819' title='bbox 1566 949 1707 988; x_wconf 81' lang='lat' dir='ltr'>praecipue</span> <span class='ocrx_word' id='word_1_820' title='bbox 1720 949 1864 981; x_wconf 69' lang='lat' dir='ltr'>Sanctitati</span> <span class='ocrx_word' id='word_1_821' title='bbox 1876 961 1935 980; x_wconf 92' lang='lat' dir='ltr'>non</span> <span class='ocrx_word' id='word_1_822' title='bbox 1949 951 2135 982; x_wconf 81' lang='lat' dir='ltr'>erubescimus</span> <span class='ocrx_word' id='word_1_823' title='bbox 2149 951 2286 983; x_wconf 86' lang='lat' dir='ltr'>confiteri.</span> 
     </span>
    </p>

    <p class='ocr_par' dir='ltr' id='par_1_41' title="bbox 1325 984 2394 1249">
     <span class='ocr_line' id='line_1_111' title="bbox 1365 984 2389 1030; baseline 0.006 -14"><span class='ocrx_word' id='word_1_824' title='bbox 1365 984 1438 1016; x_wconf 83' lang='lat' dir='ltr'>Sane</span> <span class='ocrx_word' id='word_1_825' title='bbox 1451 1009 1462 1025; x_wconf 87' lang='lat'>,</span> <span class='ocrx_word' id='word_1_826' title='bbox 1472 986 1561 1030; x_wconf 31' lang='lat' dir='ltr'>*Pater</span> <span class='ocrx_word' id='word_1_827' title='bbox 1581 987 1761 1018; x_wconf 73' lang='lat' dir='ltr'>SanCtiffirne</span> <span class='ocrx_word' id='word_1_828' title='bbox 1773 1011 1784 1027; x_wconf 92' lang='lat'>,</span> <span class='ocrx_word' id='word_1_829' title='bbox 1803 999 1894 1026; x_wconf 87' lang='lat' dir='ltr'>nuper</span> <span class='ocrx_word' id='word_1_830' title='bbox 1915 988 2151 1028; x_wconf 81' lang='lat' dir='ltr'>Suggestionibus</span> <span class='ocrx_word' id='word_1_831' title='bbox 2160 990 2339 1021; x_wconf 86' lang='lat' dir='ltr'>fraudulentis</span> <span class='ocrx_word' id='word_1_832' title='bbox 2355 991 2389 1022; x_wconf 70' lang='grc' dir='ltr'>δι’.</span> 
     </span>
     <span class='ocr_line' id='line_1_112' title="bbox 1326 1022 2389 1068; baseline 0.006 -14"><span class='ocrx_word' id='word_1_833' title='bbox 1326 1022 1430 1066; x_wconf 74' lang='lat' dir='ltr'>dolosis</span> <span class='ocrx_word' id='word_1_834' title='bbox 1444 1025 1603 1064; x_wconf 89' lang='lat' dir='ltr'>aliquorum</span> <span class='ocrx_word' id='word_1_835' title='bbox 1612 1049 1622 1064; x_wconf 92' lang='lat'>,</span> <span class='ocrx_word' id='word_1_836' title='bbox 1636 1026 1672 1057; x_wconf 92' lang='lat' dir='ltr'>de</span> <span class='ocrx_word' id='word_1_837' title='bbox 1683 1027 1783 1063; x_wconf 85' lang='lat' dir='ltr'>quibus</span> <span class='ocrx_word' id='word_1_838' title='bbox 1795 1035 1864 1057; x_wconf 91' lang='lat' dir='ltr'>tunc</span> <span class='ocrx_word' id='word_1_839' title='bbox 1879 1026 2023 1057; x_wconf 85' lang='lat' dir='ltr'>confidere</span> <span class='ocrx_word' id='word_1_840' title='bbox 2041 1027 2240 1067; x_wconf 76' lang='lat' dir='ltr'>credebamus,</span> <span class='ocrx_word' id='word_1_841' title='bbox 2258 1029 2389 1068; x_wconf 87' lang='lat' dir='ltr'>decepti,</span> 
     </span>
     <span class='ocr_line' id='line_1_113' title="bbox 1325 1064 2391 1108; baseline 0.005 -16"><span class='ocrx_word' id='word_1_842' title='bbox 1325 1071 1483 1100; x_wconf 80' lang='lat' dir='ltr'>ignorantes</span> <span class='ocrx_word' id='word_1_843' title='bbox 1492 1064 1645 1107; x_wconf 21' lang='lat' dir='ltr'>hAEtatem,</span> <span class='ocrx_word' id='word_1_844' title='bbox 1664 1065 1783 1104; x_wconf 86' lang='lat' dir='ltr'>Mores,</span> <span class='ocrx_word' id='word_1_845' title='bbox 1798 1065 1832 1095; x_wconf 92' lang='lat'>&amp;</span> <span class='ocrx_word' id='word_1_846' title='bbox 1850 1064 1972 1104; x_wconf 90' lang='lat' dir='ltr'>Merita,</span> <span class='ocrx_word' id='word_1_847' title='bbox 1991 1075 2024 1096; x_wconf 89' lang='lat' dir='ltr'>ac</span> <span class='ocrx_word' id='word_1_848' title='bbox 2038 1065 2244 1097; x_wconf 84' lang='lat' dir='ltr'>Inhabilitatern</span> <span class='ocrx_word' id='word_1_849' title='bbox 2258 1068 2391 1108; x_wconf 84' lang='lat' dir='ltr'>multipli-</span> 
     </span>
     <span class='ocr_line' id='line_1_114' title="bbox 1326 1101 2394 1146; baseline 0.006 -16"><span class='ocrx_word' id='word_1_850' title='bbox 1326 1110 1392 1130; x_wconf 91' lang='lat' dir='ltr'>cem</span> <span class='ocrx_word' id='word_1_851' title='bbox 1405 1101 1525 1132; x_wconf 90' lang='lat' dir='ltr'>Henrici</span> <span class='ocrx_word' id='word_1_852' title='bbox 1541 1103 1576 1134; x_wconf 92' lang='lat' dir='ltr'>de</span> <span class='ocrx_word' id='word_1_853' title='bbox 1591 1103 1763 1142; x_wconf 78' lang='lat' dir='ltr'>Burgherffi,</span> <span class='ocrx_word' id='word_1_854' title='bbox 1785 1112 1854 1134; x_wconf 88' lang='lat' dir='ltr'>tunc</span> <span class='ocrx_word' id='word_1_855' title='bbox 1870 1104 1900 1133; x_wconf 91' lang='lat' dir='ltr'>in</span> <span class='ocrx_word' id='word_1_856' title='bbox 1913 1104 2034 1142; x_wconf 86' lang='lat' dir='ltr'>partibus</span> <span class='ocrx_word' id='word_1_857' title='bbox 2052 1104 2236 1136; x_wconf 85' lang='lat' dir='ltr'>transmarinis</span> <span class='ocrx_word' id='word_1_858' title='bbox 2247 1104 2394 1146; x_wconf 85' lang='lat' dir='ltr'>degentis,</span> 
     </span>
     <span class='ocr_line' id='line_1_115' title="bbox 1325 1138 2392 1183; baseline 0.005 -14"><span class='ocrx_word' id='word_1_859' title='bbox 1325 1148 1380 1176; x_wconf 89' lang='lat' dir='ltr'>pro</span> <span class='ocrx_word' id='word_1_860' title='bbox 1400 1138 1588 1172; x_wconf 87' lang='lat' dir='ltr'>Promotione</span> <span class='ocrx_word' id='word_1_861' title='bbox 1610 1144 1691 1180; x_wconf 78' lang='lat' dir='ltr'>ipiiiis</span> <span class='ocrx_word' id='word_1_862' title='bbox 1711 1143 1744 1173; x_wconf 92' lang='lat' dir='ltr'>ad</span> <span class='ocrx_word' id='word_1_863' title='bbox 1758 1141 1962 1182; x_wconf 89' lang='lat' dir='ltr'>Episcopatum</span> <span class='ocrx_word' id='word_1_864' title='bbox 1978 1141 2224 1182; x_wconf 90' lang='lat' dir='ltr'>Lincolniensem,</span> <span class='ocrx_word' id='word_1_865' title='bbox 2239 1152 2328 1183; x_wconf 87' lang='lat' dir='ltr'>nuper</span> <span class='ocrx_word' id='word_1_866' title='bbox 2341 1154 2392 1175; x_wconf 87' lang='lat' dir='ltr'>va—</span> 
     </span>
     <span class='ocr_line' id='line_1_116' title="bbox 1326 1180 2392 1248; baseline 0.007 -41"><span class='ocrx_word' id='word_1_867' title='bbox 1326 1186 1439 1222; x_wconf 82' lang='lat' dir='ltr'>cantem</span> <span class='ocrx_word' id='word_1_868' title='bbox 1449 1202 1458 1217; x_wconf 91' lang='lat'>,</span> <span class='ocrx_word' id='word_1_869' title='bbox 1471 1180 1600 1248; x_wconf 47' lang='lat' dir='ltr'>ffestram</span> <span class='ocrx_word' id='word_1_870' title='bbox 1614 1181 1819 1213; x_wconf 84' lang='lat' dir='ltr'>Beatitudinem</span> <span class='ocrx_word' id='word_1_871' title='bbox 1834 1180 1934 1212; x_wconf 92' lang='lat' dir='ltr'>nostris</span> <span class='ocrx_word' id='word_1_872' title='bbox 1949 1181 2190 1212; x_wconf 85' lang='lat' dir='ltr'>interceffionibus</span> <span class='ocrx_word' id='word_1_873' title='bbox 2202 1181 2392 1221; x_wconf 84' lang='lat' dir='ltr'>interpellavi-</span> 
     </span>
     <span class='ocr_line' id='line_1_117' title="bbox 1327 1225 1585 1249; baseline 0.016 -4"><span class='ocrx_word' id='word_1_874' title='bbox 1327 1225 1390 1246; x_wconf 83' lang='lat' dir='ltr'>mus</span> <span class='ocrx_word' id='word_1_875' title='bbox 1405 1227 1469 1248; x_wconf 89' lang='lat' dir='ltr'>ince</span> <span class='ocrx_word' id='word_1_876' title='bbox 1494 1228 1585 1249; x_wconf 86' lang='lat' dir='ltr'>anter:</span> 
     </span>
    </p>

    <p class='ocr_par' dir='ltr' id='par_1_42' title="bbox 1322 1254 2391 1441">
     <span class='ocr_line' id='line_1_118' title="bbox 1365 1254 2389 1299; baseline 0.005 -14"><span class='ocrx_word' id='word_1_877' title='bbox 1365 1254 1478 1294; x_wconf 87' lang='lat' dir='ltr'>Vosque</span> <span class='ocrx_word' id='word_1_878' title='bbox 1493 1279 1503 1294; x_wconf 89' lang='lat'>,</span> <span class='ocrx_word' id='word_1_879' title='bbox 1521 1257 1623 1288; x_wconf 85' lang='lat' dir='ltr'>nostris</span> <span class='ocrx_word' id='word_1_880' title='bbox 1645 1259 1774 1298; x_wconf 86' lang='lat' dir='ltr'>precibus</span> <span class='ocrx_word' id='word_1_881' title='bbox 1795 1258 1936 1297; x_wconf 87' lang='lat' dir='ltr'>inclinati,</span> <span class='ocrx_word' id='word_1_882' title='bbox 1955 1257 2034 1296; x_wconf 83' lang='lat' dir='ltr'>quod</span> <span class='ocrx_word' id='word_1_883' title='bbox 2051 1259 2212 1298; x_wconf 83' lang='lat' dir='ltr'>rogavimus</span> <span class='ocrx_word' id='word_1_884' title='bbox 2230 1259 2389 1299; x_wconf 83' lang='lat' dir='ltr'>peregistis,-</span> 
     </span>
     <span class='ocr_line' id='line_1_119' title="bbox 1325 1292 2390 1338; baseline 0.008 -16"><span class='ocrx_word' id='word_1_885' title='bbox 1325 1292 1360 1323; x_wconf 84' lang='lat' dir='ltr'>dc</span> <span class='ocrx_word' id='word_1_886' title='bbox 1374 1303 1432 1338; x_wconf 80' lang='lat' dir='ltr'>quo</span> <span class='ocrx_word' id='word_1_887' title='bbox 1449 1296 1546 1326; x_wconf 83' lang='lat' dir='ltr'>vestra:</span> <span class='ocrx_word' id='word_1_888' title='bbox 1563 1295 1734 1328; x_wconf 89' lang='lat' dir='ltr'>Clementiae</span> <span class='ocrx_word' id='word_1_889' title='bbox 1748 1307 1810 1327; x_wconf 90' lang='lat' dir='ltr'>non</span> <span class='ocrx_word' id='word_1_890' title='bbox 1823 1296 1916 1328; x_wconf 71' lang='lat' dir='ltr'>minsis</span> <span class='ocrx_word' id='word_1_891' title='bbox 1928 1305 2015 1336; x_wconf 87' lang='lat' dir='ltr'>grates</span> <span class='ocrx_word' id='word_1_892' title='bbox 2029 1297 2194 1328; x_wconf 85' lang='lat' dir='ltr'>exsolvimus</span> <span class='ocrx_word' id='word_1_893' title='bbox 2229 1299 2315 1336; x_wconf 72' lang='lat' dir='ltr'>quarn</span> <span class='ocrx_word' id='word_1_894' title='bbox 2327 1298 2347 1328; x_wconf 88' lang='lat' dir='ltr'>fi</span> <span class='ocrx_word' id='word_1_895' title='bbox 2359 1300 2390 1330; x_wconf 87' lang='lat' dir='ltr'>in</span> 
     </span>
     <span class='ocr_line' id='line_1_120' title="bbox 1324 1332 2390 1377; baseline 0.006 -16"><span class='ocrx_word' id='word_1_896' title='bbox 1324 1332 1402 1363; x_wconf 50' lang='lat' dir='ltr'>fabio</span> <span class='ocrx_word' id='word_1_897' title='bbox 1417 1333 1466 1377; x_wconf 77' lang='lat' dir='ltr'>illo</span> <span class='ocrx_word' id='word_1_898' title='bbox 1477 1357 1487 1372; x_wconf 87' lang='lat'>,</span> <span class='ocrx_word' id='word_1_899' title='bbox 1503 1343 1534 1365; x_wconf 84' lang='lat' dir='ltr'>iit</span> <span class='ocrx_word' id='word_1_900' title='bbox 1551 1334 1726 1372; x_wconf 83' lang='lat' dir='ltr'>sperabamus</span> <span class='ocrx_word' id='word_1_901' title='bbox 1742 1358 1752 1373; x_wconf 90' lang='lat'>,</span> <span class='ocrx_word' id='word_1_902' title='bbox 1771 1336 1865 1366; x_wconf 92' lang='lat' dir='ltr'>honor</span> <span class='ocrx_word' id='word_1_903' title='bbox 1880 1335 1938 1365; x_wconf 87' lang='lat' dir='ltr'>Dei</span> <span class='ocrx_word' id='word_1_904' title='bbox 1953 1358 1963 1374; x_wconf 85' lang='lat'>,</span> <span class='ocrx_word' id='word_1_905' title='bbox 1977 1345 2010 1366; x_wconf 92' lang='lat' dir='ltr'>ac</span> <span class='ocrx_word' id='word_1_906' title='bbox 2026 1335 2127 1374; x_wconf 88' lang='lat' dir='ltr'>vestri,</span> <span class='ocrx_word' id='word_1_907' title='bbox 2145 1336 2179 1367; x_wconf 66' lang='grc' dir='ltr'>ὃς</span> <span class='ocrx_word' id='word_1_908' title='bbox 2212 1335 2276 1367; x_wconf 67' lang='lat' dir='ltr'>5&amp;ae</span> <span class='ocrx_word' id='word_1_909' title='bbox 2288 1335 2390 1367; x_wconf 89' lang='lat' dir='ltr'>Eccle-</span> 
     </span>
     <span class='ocr_line' id='line_1_121' title="bbox 1324 1371 2391 1441; baseline 0.006 -41"><span class='ocrx_word' id='word_1_910' title='bbox 1324 1371 1370 1400; x_wconf 79' lang='lat' dir='ltr'>siae</span> <span class='ocrx_word' id='word_1_911' title='bbox 1391 1371 1595 1441; x_wconf 56' lang='lat' dir='ltr'>Lsi‘ncolniensis</span> <span class='ocrx_word' id='word_1_912' title='bbox 1610 1396 1620 1413; x_wconf 85' lang='lat'>,</span> <span class='ocrx_word' id='word_1_913' title='bbox 1638 1374 1671 1404; x_wconf 91' lang='lat'>&amp;</span> <span class='ocrx_word' id='word_1_914' title='bbox 1686 1374 1798 1414; x_wconf 88' lang='lat' dir='ltr'>nostri,</span> <span class='ocrx_word' id='word_1_915' title='bbox 1813 1384 1848 1406; x_wconf 89' lang='lat' dir='ltr'>ac</span> <span class='ocrx_word' id='word_1_916' title='bbox 1866 1374 1963 1414; x_wconf 90' lang='lat' dir='ltr'>Regni</span> <span class='ocrx_word' id='word_1_917' title='bbox 1985 1373 2075 1405; x_wconf 90' lang='lat' dir='ltr'>nostri</span> <span class='ocrx_word' id='word_1_918' title='bbox 2088 1374 2244 1406; x_wconf 87' lang='lat' dir='ltr'>commoda</span> <span class='ocrx_word' id='word_1_919' title='bbox 2256 1377 2391 1406; x_wconf 73' lang='lat' dir='ltr'>veraciter</span> 
     </span>
     <span class='ocr_line' id='line_1_122' title="bbox 1322 1419 1487 1441; baseline 0.006 -2"><span class='ocrx_word' id='word_1_920' title='bbox 1322 1419 1404 1439; x_wconf 62' lang='lat' dir='ltr'>even!</span> <span class='ocrx_word' id='word_1_921' title='bbox 1431 1419 1487 1441; x_wconf 67' lang='lat' dir='ltr'>cnt-</span> 
     </span>
    </p>

    <p class='ocr_par' dir='ltr' id='par_1_43' title="bbox 1320 1449 2388 1605">
     <span class='ocr_line' id='line_1_123' title="bbox 1324 1449 2387 1495; baseline 0.006 -18"><span class='ocrx_word' id='word_1_922' title='bbox 1324 1488 1329 1492; x_wconf 81' lang='lat'>.</span> <span class='ocrx_word' id='word_1_923' title='bbox 1361 1449 1493 1495; x_wconf 36' lang='lat' dir='ltr'>Setqciim</span> <span class='ocrx_word' id='word_1_924' title='bbox 1508 1451 1563 1488; x_wconf 86' lang='lat' dir='ltr'>jam</span> <span class='ocrx_word' id='word_1_925' title='bbox 1579 1450 1663 1482; x_wconf 66' lang='lat' dir='ltr'>dietae</span> <span class='ocrx_word' id='word_1_926' title='bbox 1677 1451 1819 1490; x_wconf 77' lang='lat' dir='ltr'>personae,</span> <span class='ocrx_word' id='word_1_927' title='bbox 1836 1452 1866 1482; x_wconf 90' lang='lat' dir='ltr'>in</span> <span class='ocrx_word' id='word_1_928' title='bbox 1879 1450 1908 1482; x_wconf 91' lang='lat' dir='ltr'>di</span> <span class='ocrx_word' id='word_1_929' title='bbox 1948 1451 2012 1482; x_wconf 90' lang='lat' dir='ltr'>itate</span> <span class='ocrx_word' id='word_1_930' title='bbox 2023 1451 2161 1492; x_wconf 63' lang='lat' dir='ltr'>praedidiia</span> <span class='ocrx_word' id='word_1_931' title='bbox 2175 1452 2212 1483; x_wconf 83' lang='lat' dir='ltr'>fic</span> <span class='ocrx_word' id='word_1_932' title='bbox 2226 1451 2387 1492; x_wconf 71' lang='lat' dir='ltr'>praefe&amp;ae,</span> 
     </span>
     <span class='ocr_line' id='line_1_124' title="bbox 1322 1487 2388 1532; baseline 0.005 -15"><span class='ocrx_word' id='word_1_933' title='bbox 1322 1487 1495 1532; x_wconf 76' lang='lat' dir='ltr'>inhabuitas,</span> <span class='ocrx_word' id='word_1_934' title='bbox 1515 1500 1563 1532; x_wconf 76' lang='lat' dir='ltr'>per</span> <span class='ocrx_word' id='word_1_935' title='bbox 1577 1489 1657 1521; x_wconf 65' lang='lat' dir='ltr'>Facu</span> <span class='ocrx_word' id='word_1_936' title='bbox 1673 1491 1890 1529; x_wconf 86' lang='lat' dir='ltr'>notorietatem,</span> <span class='ocrx_word' id='word_1_937' title='bbox 1945 1490 2008 1520; x_wconf 92' lang='lat' dir='ltr'>obis</span> <span class='ocrx_word' id='word_1_938' title='bbox 2019 1513 2029 1529; x_wconf 88' lang='lat'>,</span> <span class='ocrx_word' id='word_1_939' title='bbox 2046 1490 2080 1521; x_wconf 90' lang='lat'>&amp;</span> <span class='ocrx_word' id='word_1_940' title='bbox 2094 1490 2189 1530; x_wconf 86' lang='lat' dir='ltr'>Regni</span> <span class='ocrx_word' id='word_1_941' title='bbox 2203 1490 2290 1522; x_wconf 89' lang='lat' dir='ltr'>nostri</span> <span class='ocrx_word' id='word_1_942' title='bbox 2305 1492 2388 1523; x_wconf 90' lang='lat' dir='ltr'>inco-</span> 
     </span>
     <span class='ocr_line' id='line_1_125' title="bbox 1320 1525 2387 1570; baseline 0.007 -15"><span class='ocrx_word' id='word_1_943' title='bbox 1320 1525 1352 1569; x_wconf 73' lang='lat' dir='ltr'>lis</span> <span class='ocrx_word' id='word_1_944' title='bbox 1366 1529 1403 1556; x_wconf 78' lang='lat' dir='ltr'>iic</span> <span class='ocrx_word' id='word_1_945' title='bbox 1418 1531 1587 1566; x_wconf 70' lang='lat' dir='ltr'>innotescat,</span> <span class='ocrx_word' id='word_1_946' title='bbox 1603 1527 1684 1567; x_wconf 78' lang='lat' dir='ltr'>quod</span> <span class='ocrx_word' id='word_1_947' title='bbox 1698 1529 1717 1548; x_wconf 62' lang='lat'>*³</span> <span class='ocrx_word' id='word_1_948' title='bbox 1728 1529 1930 1560; x_wconf 87' lang='lat' dir='ltr'>conscientiam</span> <span class='ocrx_word' id='word_1_949' title='bbox 1944 1528 2069 1560; x_wconf 88' lang='lat' dir='ltr'>nostram</span> <span class='ocrx_word' id='word_1_950' title='bbox 2074 1552 2085 1568; x_wconf 88' lang='lat'>,</span> <span class='ocrx_word' id='word_1_951' title='bbox 2101 1538 2136 1560; x_wconf 87' lang='lat' dir='ltr'>ex</span> <span class='ocrx_word' id='word_1_952' title='bbox 2147 1529 2229 1560; x_wconf 61' lang='lat' dir='ltr'>dicito</span> <span class='ocrx_word' id='word_1_953' title='bbox 2243 1530 2387 1570; x_wconf 70' lang='lat' dir='ltr'>Facto,in</span> 
     </span>
     <span class='ocr_line' id='line_1_126' title="bbox 1321 1565 1990 1605; baseline 0.003 -11"><span class='ocrx_word' id='word_1_954' title='bbox 1321 1565 1494 1597; x_wconf 87' lang='lat' dir='ltr'>immensum</span> <span class='ocrx_word' id='word_1_955' title='bbox 1507 1575 1652 1597; x_wconf 86' lang='lat' dir='ltr'>oneratam</span> <span class='ocrx_word' id='word_1_956' title='bbox 1667 1576 1827 1605; x_wconf 89' lang='lat' dir='ltr'>reputamus</span> <span class='ocrx_word' id='word_1_957' title='bbox 1841 1568 1874 1598; x_wconf 92' lang='lat'>&amp;</span> <span class='ocrx_word' id='word_1_958' title='bbox 1889 1567 1990 1598; x_wconf 85' lang='lat' dir='ltr'>laesarn.</span> 
     </span>
    </p>

    <p class='ocr_par' dir='ltr' id='par_1_44' title="bbox 1311 1602 2389 2150">
     <span class='ocr_line' id='line_1_127' title="bbox 1333 1602 2389 1648; baseline 0.005 -15"><span class='ocrx_word' id='word_1_959' title='bbox 1333 1642 1338 1646; x_wconf 17' lang='grc' dir='ltr'>ἡ</span> <span class='ocrx_word' id='word_1_960' title='bbox 1358 1602 1415 1648; x_wconf 81' lang='lat' dir='ltr'>Et,</span> <span class='ocrx_word' id='word_1_961' title='bbox 1433 1614 1533 1644; x_wconf 84' lang='lat' dir='ltr'>praeter</span> <span class='ocrx_word' id='word_1_962' title='bbox 1555 1606 1619 1636; x_wconf 79' lang='lat' dir='ltr'>haec</span> <span class='ocrx_word' id='word_1_963' title='bbox 1633 1629 1643 1644; x_wconf 95' lang='lat'>,</span> <span class='ocrx_word' id='word_1_964' title='bbox 1659 1605 1749 1637; x_wconf 70' lang='lat' dir='ltr'>dietus</span> <span class='ocrx_word' id='word_1_965' title='bbox 1762 1605 1934 1644; x_wconf 62' lang='lat' dir='ltr'>Praefectus,</span> <span class='ocrx_word' id='word_1_966' title='bbox 1953 1606 1989 1635; x_wconf 92' lang='lat' dir='ltr'>de</span> <span class='ocrx_word' id='word_1_967' title='bbox 2003 1615 2062 1646; x_wconf 88' lang='lat' dir='ltr'>quo</span> <span class='ocrx_word' id='word_1_968' title='bbox 2078 1604 2239 1636; x_wconf 80' lang='lat' dir='ltr'>Consilium</span> <span class='ocrx_word' id='word_1_969' title='bbox 2251 1607 2285 1638; x_wconf 90' lang='lat'>&amp;</span> <span class='ocrx_word' id='word_1_970' title='bbox 2300 1606 2389 1638; x_wconf 89' lang='lat' dir='ltr'>Auxi-</span> 
     </span>
     <span class='ocr_line' id='line_1_128' title="bbox 1321 1640 2388 1684; baseline 0.005 -13"><span class='ocrx_word' id='word_1_971' title='bbox 1321 1640 1390 1672; x_wconf 90' lang='lat' dir='ltr'>lium</span> <span class='ocrx_word' id='word_1_972' title='bbox 1405 1652 1432 1672; x_wconf 93' lang='lat' dir='ltr'>in</span> <span class='ocrx_word' id='word_1_973' title='bbox 1442 1643 1543 1674; x_wconf 86' lang='lat' dir='ltr'>nostris</span> <span class='ocrx_word' id='word_1_974' title='bbox 1556 1643 1690 1684; x_wconf 87' lang='lat' dir='ltr'>Negotiis</span> <span class='ocrx_word' id='word_1_975' title='bbox 1705 1644 1897 1683; x_wconf 81' lang='lat' dir='ltr'>sperabamus,</span> <span class='ocrx_word' id='word_1_976' title='bbox 1911 1645 1947 1675; x_wconf 90' lang='lat' dir='ltr'>de</span> <span class='ocrx_word' id='word_1_977' title='bbox 1955 1644 2041 1675; x_wconf 89' lang='lat' dir='ltr'>Bonis</span> <span class='ocrx_word' id='word_1_978' title='bbox 2055 1644 2192 1674; x_wconf 87' lang='lat' dir='ltr'>Ecclesiae</span> <span class='ocrx_word' id='word_1_979' title='bbox 2200 1644 2388 1677; x_wconf 88' lang='lat' dir='ltr'>Lincolnien-</span> 
     </span>
     <span class='ocr_line' id='line_1_129' title="bbox 1320 1679 2386 1724; baseline 0.005 -14"><span class='ocrx_word' id='word_1_980' title='bbox 1320 1679 1374 1724; x_wconf 66' lang='lat' dir='ltr'>sis,</span> <span class='ocrx_word' id='word_1_981' title='bbox 1387 1691 1436 1718; x_wconf 89' lang='lat' dir='ltr'>per</span> <span class='ocrx_word' id='word_1_982' title='bbox 1450 1681 1648 1722; x_wconf 67' lang='lat' dir='ltr'>progenitores</span> <span class='ocrx_word' id='word_1_983' title='bbox 1659 1682 1770 1713; x_wconf 80' lang='lat' dir='ltr'>nostros</span> <span class='ocrx_word' id='word_1_984' title='bbox 1783 1684 1816 1714; x_wconf 90' lang='lat'>&amp;</span> <span class='ocrx_word' id='word_1_985' title='bbox 1832 1693 1884 1713; x_wconf 90' lang='lat' dir='ltr'>nos</span> <span class='ocrx_word' id='word_1_986' title='bbox 1901 1683 1936 1713; x_wconf 91' lang='lat' dir='ltr'>ad</span> <span class='ocrx_word' id='word_1_987' title='bbox 1956 1683 2018 1722; x_wconf 90' lang='lat' dir='ltr'>pios</span> <span class='ocrx_word' id='word_1_988' title='bbox 2033 1683 2094 1713; x_wconf 90' lang='lat' dir='ltr'>usus</span> <span class='ocrx_word' id='word_1_989' title='bbox 2105 1682 2242 1721; x_wconf 85' lang='lat' dir='ltr'>deputatis</span> <span class='ocrx_word' id='word_1_990' title='bbox 2256 1684 2290 1716; x_wconf 90' lang='lat'>&amp;</span> <span class='ocrx_word' id='word_1_991' title='bbox 2306 1685 2386 1715; x_wconf 79' lang='lat' dir='ltr'>ordi-</span> 
     </span>
     <span class='ocr_line' id='line_1_130' title="bbox 1319 1720 2386 1761; baseline 0.007 -13"><span class='ocrx_word' id='word_1_992' title='bbox 1319 1727 1405 1758; x_wconf 81' lang='lat' dir='ltr'>natis,</span> <span class='ocrx_word' id='word_1_993' title='bbox 1423 1729 1522 1751; x_wconf 89' lang='lat' dir='ltr'>contra</span> <span class='ocrx_word' id='word_1_994' title='bbox 1534 1731 1585 1752; x_wconf 92' lang='lat' dir='ltr'>nos</span> <span class='ocrx_word' id='word_1_995' title='bbox 1599 1722 1732 1753; x_wconf 89' lang='lat' dir='ltr'>Armatos</span> <span class='ocrx_word' id='word_1_996' title='bbox 1746 1730 1821 1761; x_wconf 81' lang='lat' dir='ltr'>parat</span> <span class='ocrx_word' id='word_1_997' title='bbox 1836 1721 1869 1752; x_wconf 92' lang='lat'>&amp;</span> <span class='ocrx_word' id='word_1_998' title='bbox 1880 1720 2012 1752; x_wconf 87' lang='lat' dir='ltr'>sustentat</span> <span class='ocrx_word' id='word_1_999' title='bbox 2025 1732 2037 1759; x_wconf 78' lang='lat'>3</span> <span class='ocrx_word' id='word_1_1000' title='bbox 2052 1720 2132 1751; x_wconf 90' lang='lat' dir='ltr'>Bona</span> <span class='ocrx_word' id='word_1_1001' title='bbox 2145 1721 2191 1752; x_wconf 88' lang='lat' dir='ltr'>illa</span> <span class='ocrx_word' id='word_1_1002' title='bbox 2205 1721 2244 1753; x_wconf 88' lang='lat' dir='ltr'>fic</span> <span class='ocrx_word' id='word_1_1003' title='bbox 2259 1722 2386 1756; x_wconf 90' lang='lat' dir='ltr'>indebite</span> 
     </span>
     <span class='ocr_line' id='line_1_131' title="bbox 1318 1758 2385 1803; baseline 0.007 -16"><span class='ocrx_word' id='word_1_1004' title='bbox 1318 1758 1514 1801; x_wconf 85' lang='lat' dir='ltr'>consumendo</span> <span class='ocrx_word' id='word_1_1005' title='bbox 1525 1783 1536 1798; x_wconf 88' lang='lat'>,</span> <span class='ocrx_word' id='word_1_1006' title='bbox 1552 1759 1586 1791; x_wconf 68' lang='grc' dir='ltr'>ὃς</span> <span class='ocrx_word' id='word_1_1007' title='bbox 1600 1760 1663 1791; x_wconf 84' lang='lat' dir='ltr'>alias</span> <span class='ocrx_word' id='word_1_1008' title='bbox 1681 1769 1780 1791; x_wconf 89' lang='lat' dir='ltr'>contra</span> <span class='ocrx_word' id='word_1_1009' title='bbox 1803 1770 1855 1791; x_wconf 91' lang='lat' dir='ltr'>nos</span> <span class='ocrx_word' id='word_1_1010' title='bbox 1867 1759 2052 1791; x_wconf 87' lang='lat' dir='ltr'>Adversitates</span> <span class='ocrx_word' id='word_1_1011' title='bbox 2067 1759 2264 1800; x_wconf 84' lang='lat' dir='ltr'>excercendo,</span> <span class='ocrx_word' id='word_1_1012' title='bbox 2279 1771 2312 1793; x_wconf 89' lang='lat' dir='ltr'>ac</span> <span class='ocrx_word' id='word_1_1013' title='bbox 2331 1772 2385 1803; x_wconf 90' lang='lat' dir='ltr'>pro</span> 
     </span>
     <span class='ocr_line' id='line_1_132' title="bbox 1318 1797 1725 1834; baseline 0.005 -7"><span class='ocrx_word' id='word_1_1014' title='bbox 1318 1797 1422 1827; x_wconf 84' lang='lat' dir='ltr'>viribus</span> <span class='ocrx_word' id='word_1_1015' title='bbox 1440 1798 1627 1834; x_wconf 87' lang='lat' dir='ltr'>procurando.</span> <span class='ocrx_word' id='word_1_1016' title='bbox 1718 1823 1725 1830; x_wconf 82' lang='lat'>.</span> 
     </span>
     <span class='ocr_line' id='line_1_133' title="bbox 1319 1835 2386 1881; baseline 0.003 -16"><span class='ocrx_word' id='word_1_1017' title='bbox 1319 1873 1324 1878; x_wconf 28' lang='grc' dir='ltr'>ι</span> <span class='ocrx_word' id='word_1_1018' title='bbox 1352 1835 1501 1881; x_wconf 62' lang='lat' dir='ltr'>Quocirca</span> <span class='ocrx_word' id='word_1_1019' title='bbox 1512 1837 1662 1880; x_wconf 36' lang='lat' dir='ltr'>‚Sanffltati</span> <span class='ocrx_word' id='word_1_1020' title='bbox 1676 1835 1795 1876; x_wconf 84' lang='lat' dir='ltr'>vestrae,</span> <span class='ocrx_word' id='word_1_1021' title='bbox 1812 1836 1847 1867; x_wconf 88' lang='lat' dir='ltr'>ad</span> <span class='ocrx_word' id='word_1_1022' title='bbox 1861 1846 1955 1877; x_wconf 85' lang='lat' dir='ltr'>preces</span> <span class='ocrx_word' id='word_1_1023' title='bbox 1970 1835 2075 1868; x_wconf 89' lang='lat' dir='ltr'>nostras</span> <span class='ocrx_word' id='word_1_1024' title='bbox 2088 1859 2100 1875; x_wconf 94' lang='lat'>,</span> <span class='ocrx_word' id='word_1_1025' title='bbox 2114 1836 2150 1867; x_wconf 93' lang='lat' dir='ltr'>de</span> <span class='ocrx_word' id='word_1_1026' title='bbox 2167 1846 2225 1876; x_wconf 91' lang='lat' dir='ltr'>quo</span> <span class='ocrx_word' id='word_1_1027' title='bbox 2239 1835 2386 1876; x_wconf 79' lang='lat' dir='ltr'>dolemus,</span> 
     </span>
     <span class='ocr_line' id='line_1_134' title="bbox 1317 1873 2384 1918; baseline 0.003 -15"><span class='ocrx_word' id='word_1_1028' title='bbox 1317 1883 1346 1902; x_wconf 92' lang='lat' dir='ltr'>in</span> <span class='ocrx_word' id='word_1_1029' title='bbox 1361 1873 1452 1918; x_wconf 51' lang='lat' dir='ltr'>basto</span> <span class='ocrx_word' id='word_1_1030' title='bbox 1469 1875 1627 1913; x_wconf 78' lang='lat' dir='ltr'>hujusmodi</span> <span class='ocrx_word' id='word_1_1031' title='bbox 1641 1878 1846 1907; x_wconf 86' lang='lat' dir='ltr'>circumventae</span> <span class='ocrx_word' id='word_1_1032' title='bbox 1859 1898 1870 1914; x_wconf 91' lang='lat'>‚</span> <span class='ocrx_word' id='word_1_1033' title='bbox 1885 1885 1919 1906; x_wconf 83' lang='lat' dir='ltr'>ex</span> <span class='ocrx_word' id='word_1_1034' title='bbox 1934 1884 1997 1906; x_wconf 87' lang='lat' dir='ltr'>toto</span> <span class='ocrx_word' id='word_1_1035' title='bbox 2010 1875 2116 1914; x_wconf 90' lang='lat' dir='ltr'>corde,</span> <span class='ocrx_word' id='word_1_1036' title='bbox 2131 1884 2237 1915; x_wconf 92' lang='lat' dir='ltr'>quanto</span> <span class='ocrx_word' id='word_1_1037' title='bbox 2250 1876 2384 1906; x_wconf 79' lang='lat' dir='ltr'>humilius</span> 
     </span>
     <span class='ocr_line' id='line_1_135' title="bbox 1314 1913 2388 1953; baseline 0.003 -12"><span class='ocrx_word' id='word_1_1038' title='bbox 1314 1920 1484 1952; x_wconf 85' lang='lat' dir='ltr'>poterimus,</span> <span class='ocrx_word' id='word_1_1039' title='bbox 1503 1914 1553 1952; x_wconf 88' lang='lat' dir='ltr'>sup</span> <span class='ocrx_word' id='word_1_1040' title='bbox 1574 1915 1689 1945; x_wconf 86' lang='lat' dir='ltr'>licamus</span> <span class='ocrx_word' id='word_1_1041' title='bbox 1703 1915 1831 1953; x_wconf 87' lang='lat' dir='ltr'>quatinus</span> <span class='ocrx_word' id='word_1_1042' title='bbox 1846 1914 1952 1945; x_wconf 60' lang='lat' dir='ltr'>dietam</span> <span class='ocrx_word' id='word_1_1043' title='bbox 1967 1913 2127 1945; x_wconf 89' lang='lat' dir='ltr'>Plantulam</span> <span class='ocrx_word' id='word_1_1044' title='bbox 2141 1936 2151 1951; x_wconf 87' lang='lat'>,</span> <span class='ocrx_word' id='word_1_1045' title='bbox 2166 1923 2226 1944; x_wconf 93' lang='lat' dir='ltr'>non</span> <span class='ocrx_word' id='word_1_1046' title='bbox 2243 1913 2266 1943; x_wconf 83' lang='lat' dir='ltr'>F</span> <span class='ocrx_word' id='word_1_1047' title='bbox 2267 1914 2388 1944; x_wconf 68' lang='lat' dir='ltr'>ruetife-</span> 
     </span>
     <span class='ocr_line' id='line_1_136' title="bbox 1313 1951 2385 1994; baseline 0.003 -14"><span class='ocrx_word' id='word_1_1048' title='bbox 1313 1960 1374 1981; x_wconf 88' lang='lat' dir='ltr'>ram</span> <span class='ocrx_word' id='word_1_1049' title='bbox 1395 1952 1429 1994; x_wconf 64' lang='grc' dir='ltr'>βε</span> <span class='ocrx_word' id='word_1_1050' title='bbox 1442 1952 1555 1983; x_wconf 87' lang='lat' dir='ltr'>humori</span> <span class='ocrx_word' id='word_1_1051' title='bbox 1576 1962 1606 1983; x_wconf 89' lang='lat' dir='ltr'>us</span> <span class='ocrx_word' id='word_1_1052' title='bbox 1621 1953 1788 1984; x_wconf 86' lang='lat' dir='ltr'>naturalibus</span> <span class='ocrx_word' id='word_1_1053' title='bbox 1807 1952 1986 1991; x_wconf 88' lang='lat' dir='ltr'>destitutam,</span> <span class='ocrx_word' id='word_1_1054' title='bbox 2004 1953 2034 1982; x_wconf 89' lang='lat' dir='ltr'>in</span> <span class='ocrx_word' id='word_1_1055' title='bbox 2053 1960 2110 1982; x_wconf 89' lang='lat' dir='ltr'>tam</span> <span class='ocrx_word' id='word_1_1056' title='bbox 2124 1951 2261 1990; x_wconf 89' lang='lat' dir='ltr'>solempni</span> <span class='ocrx_word' id='word_1_1057' title='bbox 2275 1952 2385 1992; x_wconf 88' lang='lat' dir='ltr'>Digni-</span> 
     </span>
     <span class='ocr_line' id='line_1_137' title="bbox 1313 1989 2383 2033; baseline 0.003 -15"><span class='ocrx_word' id='word_1_1058' title='bbox 1313 1996 1368 2033; x_wconf 68' lang='lat' dir='ltr'>tate</span> <span class='ocrx_word' id='word_1_1059' title='bbox 1388 1992 1426 2020; x_wconf 82' lang='lat' dir='ltr'>iic</span> <span class='ocrx_word' id='word_1_1060' title='bbox 1444 1991 1608 2030; x_wconf 62' lang='lat' dir='ltr'>praefecitam</span> <span class='ocrx_word' id='word_1_1061' title='bbox 1621 2014 1632 2030; x_wconf 90' lang='lat'>,</span> <span class='ocrx_word' id='word_1_1062' title='bbox 1652 2002 1716 2030; x_wconf 85' lang='lat' dir='ltr'>quae</span> <span class='ocrx_word' id='word_1_1063' title='bbox 1737 2001 1796 2031; x_wconf 83' lang='lat' dir='ltr'>prae</span> <span class='ocrx_word' id='word_1_1064' title='bbox 1817 1993 1924 2021; x_wconf 84' lang='lat' dir='ltr'>caereris</span> <span class='ocrx_word' id='word_1_1065' title='bbox 1945 1990 2156 2030; x_wconf 69' lang='lat' dir='ltr'>Episcopatibus</span> <span class='ocrx_word' id='word_1_1066' title='bbox 2173 1989 2269 2029; x_wconf 81' lang='lat' dir='ltr'>Regni</span> <span class='ocrx_word' id='word_1_1067' title='bbox 2293 1991 2383 2021; x_wconf 79' lang='lat' dir='ltr'>nostri</span> 
     </span>
     <span class='ocr_line' id='line_1_138' title="bbox 1312 2029 2383 2071; baseline 0.003 -14"><span class='ocrx_word' id='word_1_1068' title='bbox 1312 2037 1376 2071; x_wconf 84' lang='lat' dir='ltr'>viro</span> <span class='ocrx_word' id='word_1_1069' title='bbox 1394 2029 1538 2068; x_wconf 73' lang='lat' dir='ltr'>perfecto,</span> <span class='ocrx_word' id='word_1_1070' title='bbox 1556 2031 1590 2061; x_wconf 69' lang='grc' dir='ltr'>ὃ(</span> <span class='ocrx_word' id='word_1_1071' title='bbox 1604 2031 1748 2070; x_wconf 73' lang='lat' dir='ltr'>praecipue</span> <span class='ocrx_word' id='word_1_1072' title='bbox 1768 2031 1797 2060; x_wconf 90' lang='lat' dir='ltr'>in</span> <span class='ocrx_word' id='word_1_1073' title='bbox 1815 2029 2005 2068; x_wconf 77' lang='lat' dir='ltr'>Spiritualibus</span> <span class='ocrx_word' id='word_1_1074' title='bbox 2020 2029 2147 2060; x_wconf 89' lang='lat' dir='ltr'>circums</span> <span class='ocrx_word' id='word_1_1075' title='bbox 2207 2037 2244 2066; x_wconf 89' lang='lat' dir='ltr'>o,</span> <span class='ocrx_word' id='word_1_1076' title='bbox 2258 2029 2383 2060; x_wconf 87' lang='lat' dir='ltr'>noscitur</span> 
     </span>
     <span class='ocr_line' id='line_1_139' title="bbox 1312 2065 2382 2108; baseline 0.003 -13"><span class='ocrx_word' id='word_1_1077' title='bbox 1312 2065 1369 2096; x_wconf 90' lang='lat' dir='ltr'>indi</span> <span class='ocrx_word' id='word_1_1078' title='bbox 1391 2076 1436 2097; x_wconf 89' lang='lat' dir='ltr'>ere</span> <span class='ocrx_word' id='word_1_1079' title='bbox 1454 2068 1490 2106; x_wconf 93' lang='lat' dir='ltr'>(si</span> <span class='ocrx_word' id='word_1_1080' title='bbox 1506 2067 1628 2099; x_wconf 88' lang='lat' dir='ltr'>Radices</span> <span class='ocrx_word' id='word_1_1081' title='bbox 1647 2069 1751 2098; x_wconf 86' lang='lat' dir='ltr'>habere</span> <span class='ocrx_word' id='word_1_1082' title='bbox 1767 2068 1825 2099; x_wconf 88' lang='lat' dir='ltr'>dici</span> <span class='ocrx_word' id='word_1_1083' title='bbox 1839 2067 1957 2104; x_wconf 69' lang='lat' dir='ltr'>debeat)</span> <span class='ocrx_word' id='word_1_1084' title='bbox 1977 2067 2014 2097; x_wconf 90' lang='lat' dir='ltr'>ab</span> <span class='ocrx_word' id='word_1_1085' title='bbox 2026 2066 2130 2097; x_wconf 84' lang='lat' dir='ltr'>eodem</span> <span class='ocrx_word' id='word_1_1086' title='bbox 2152 2075 2211 2097; x_wconf 89' lang='lat' dir='ltr'>oco</span> <span class='ocrx_word' id='word_1_1087' title='bbox 2225 2066 2382 2108; x_wconf 87' lang='lat' dir='ltr'>eradicare,</span> 
     </span>
     <span class='ocr_line' id='line_1_140' title="bbox 1311 2075 2121 2150; baseline 0 -14"><span class='ocrx_word' id='word_1_1088' title='bbox 1311 2105 1345 2136; x_wconf 92' lang='lat'>&amp;</span> <span class='ocrx_word' id='word_1_1089' title='bbox 1359 2075 1395 2136; x_wconf 74' lang='lat' dir='ltr'>dge</span> <span class='ocrx_word' id='word_1_1090' title='bbox 1410 2105 1490 2150; x_wconf 75' lang='lat' dir='ltr'>Statu</span> <span class='ocrx_word' id='word_1_1091' title='bbox 1502 2106 1569 2145; x_wconf 88' lang='lat' dir='ltr'>suo,</span> <span class='ocrx_word' id='word_1_1092' title='bbox 1586 2108 1662 2146; x_wconf 84' lang='lat' dir='ltr'>juxta</span> <span class='ocrx_word' id='word_1_1093' title='bbox 1675 2107 1715 2137; x_wconf 88' lang='lat' dir='ltr'>sui</span> <span class='ocrx_word' id='word_1_1094' title='bbox 1731 2107 1883 2145; x_wconf 89' lang='lat' dir='ltr'>demerita,</span> <span class='ocrx_word' id='word_1_1095' title='bbox 1899 2106 1962 2137; x_wconf 69' lang='lat' dir='ltr'>alias</span> <span class='ocrx_word' id='word_1_1096' title='bbox 1975 2105 2121 2144; x_wconf 72' lang='lat' dir='ltr'>ordinare,</span> 
     </span>
    </p>

    <p class='ocr_par' dir='ltr' id='par_1_45' title="bbox 1309 2142 2380 2226">
     <span class='ocr_line' id='line_1_141' title="bbox 1348 2142 2380 2184; baseline 0.002 -10"><span class='ocrx_word' id='word_1_1097' title='bbox 1348 2143 1387 2174; x_wconf 89' lang='lat' dir='ltr'>Et</span> <span class='ocrx_word' id='word_1_1098' title='bbox 1408 2155 1437 2174; x_wconf 91' lang='lat' dir='ltr'>in</span> <span class='ocrx_word' id='word_1_1099' title='bbox 1459 2145 1511 2176; x_wconf 83' lang='lat' dir='ltr'>hiis</span> <span class='ocrx_word' id='word_1_1100' title='bbox 1523 2168 1533 2184; x_wconf 86' lang='lat'>,</span> <span class='ocrx_word' id='word_1_1101' title='bbox 1552 2156 1618 2184; x_wconf 87' lang='lat' dir='ltr'>quae</span> <span class='ocrx_word' id='word_1_1102' title='bbox 1630 2168 1640 2184; x_wconf 92' lang='lat'>,</span> <span class='ocrx_word' id='word_1_1103' title='bbox 1661 2145 1760 2176; x_wconf 73' lang='lat' dir='ltr'>dileSti</span> <span class='ocrx_word' id='word_1_1104' title='bbox 1783 2146 1817 2176; x_wconf 88' lang='lat'>&amp;</span> <span class='ocrx_word' id='word_1_1105' title='bbox 1832 2144 1925 2175; x_wconf 89' lang='lat' dir='ltr'>fideles</span> <span class='ocrx_word' id='word_1_1106' title='bbox 1940 2143 2029 2175; x_wconf 88' lang='lat' dir='ltr'>nostri</span> <span class='ocrx_word' id='word_1_1107' title='bbox 2043 2167 2053 2181; x_wconf 91' lang='lat'>,</span> <span class='ocrx_word' id='word_1_1108' title='bbox 2072 2142 2219 2183; x_wconf 88' lang='lat' dir='ltr'>Magistri,</span> <span class='ocrx_word' id='word_1_1109' title='bbox 2233 2143 2380 2182; x_wconf 74' lang='lat' dir='ltr'>Johannes</span> 
     </span>
     <span class='ocr_line' id='line_1_142' title="bbox 1309 2180 2380 2226; baseline 0.002 -14"><span class='ocrx_word' id='word_1_1110' title='bbox 1309 2180 1345 2212; x_wconf 87' lang='lat' dir='ltr'>de</span> <span class='ocrx_word' id='word_1_1111' title='bbox 1357 2182 1496 2226; x_wconf 84' lang='lat' dir='ltr'>Stratford</span> <span class='ocrx_word' id='word_1_1112' title='bbox 1512 2184 1738 2215; x_wconf 85' lang='lat' dir='ltr'>Archidiaconus</span> <span class='ocrx_word' id='word_1_1113' title='bbox 1753 2183 1978 2221; x_wconf 85' lang='lat' dir='ltr'>Lincolnienfis,</span> <span class='ocrx_word' id='word_1_1114' title='bbox 1995 2182 2167 2213; x_wconf 78' lang='lat' dir='ltr'>willielmus</span> <span class='ocrx_word' id='word_1_1115' title='bbox 2187 2182 2223 2213; x_wconf 89' lang='lat' dir='ltr'>de</span> <span class='ocrx_word' id='word_1_1116' title='bbox 2236 2182 2380 2223; x_wconf 89' lang='lat' dir='ltr'>Weston,</span> 
     </span>
    </p>

    <p class='ocr_par' dir='ltr' id='par_1_46' title="bbox 1304 2220 2377 2408">
     <span class='ocr_line' id='line_1_143' title="bbox 1305 2220 2375 2262; baseline 0.002 -11"><span class='ocrx_word' id='word_1_1117' title='bbox 1305 2220 1380 2259; x_wconf 86' lang='lat' dir='ltr'>Juris</span> <span class='ocrx_word' id='word_1_1118' title='bbox 1394 2221 1495 2253; x_wconf 87' lang='lat' dir='ltr'>Civilis</span> <span class='ocrx_word' id='word_1_1119' title='bbox 1509 2222 1698 2262; x_wconf 69' lang='lat' dir='ltr'>Professores,</span> <span class='ocrx_word' id='word_1_1120' title='bbox 1715 2223 1748 2253; x_wconf 90' lang='lat'>&amp;</span> <span class='ocrx_word' id='word_1_1121' title='bbox 1763 2221 1936 2253; x_wconf 88' lang='lat' dir='ltr'>Willielmus</span> <span class='ocrx_word' id='word_1_1122' title='bbox 1950 2221 1986 2252; x_wconf 92' lang='lat' dir='ltr'>de</span> <span class='ocrx_word' id='word_1_1123' title='bbox 2000 2221 2087 2251; x_wconf 90' lang='lat' dir='ltr'>Deen</span> <span class='ocrx_word' id='word_1_1124' title='bbox 2102 2220 2189 2251; x_wconf 86' lang='lat' dir='ltr'>Miles</span> <span class='ocrx_word' id='word_1_1125' title='bbox 2202 2244 2212 2260; x_wconf 91' lang='lat'>,</span> <span class='ocrx_word' id='word_1_1126' title='bbox 2229 2221 2263 2252; x_wconf 90' lang='lat'>&amp;</span> <span class='ocrx_word' id='word_1_1127' title='bbox 2279 2221 2375 2253; x_wconf 87' lang='lat' dir='ltr'>Frater</span> 
     </span>
     <span class='ocr_line' id='line_1_144' title="bbox 1304 2259 2377 2300; baseline 0 -11"><span class='ocrx_word' id='word_1_1128' title='bbox 1304 2259 1449 2297; x_wconf 83' lang='lat' dir='ltr'>Johannes</span> <span class='ocrx_word' id='word_1_1129' title='bbox 1466 2261 1502 2292; x_wconf 90' lang='lat' dir='ltr'>de</span> <span class='ocrx_word' id='word_1_1130' title='bbox 1514 2261 1671 2292; x_wconf 86' lang='lat' dir='ltr'>Wrotham</span> <span class='ocrx_word' id='word_1_1131' title='bbox 1685 2260 1776 2292; x_wconf 87' lang='lat' dir='ltr'>vester</span> <span class='ocrx_word' id='word_1_1132' title='bbox 1792 2260 2035 2299; x_wconf 85' lang='lat' dir='ltr'>Poenitentiarius,</span> <span class='ocrx_word' id='word_1_1133' title='bbox 2048 2268 2119 2298; x_wconf 82' lang='lat' dir='ltr'>tres,</span> <span class='ocrx_word' id='word_1_1134' title='bbox 2128 2269 2176 2290; x_wconf 89' lang='lat' dir='ltr'>aut</span> <span class='ocrx_word' id='word_1_1135' title='bbox 2189 2261 2249 2289; x_wconf 90' lang='lat' dir='ltr'>duo</span> <span class='ocrx_word' id='word_1_1136' title='bbox 2264 2269 2377 2300; x_wconf 82' lang='lat' dir='ltr'>eorum,</span> 
     </span>
     <span class='ocr_line' id='line_1_145' title="bbox 1308 2297 2374 2338; baseline 0.001 -10"><span class='ocrx_word' id='word_1_1137' title='bbox 1308 2298 1387 2336; x_wconf 89' lang='lat' dir='ltr'>super</span> <span class='ocrx_word' id='word_1_1138' title='bbox 1402 2299 1546 2338; x_wconf 88' lang='lat' dir='ltr'>praemissis</span> <span class='ocrx_word' id='word_1_1139' title='bbox 1583 2300 1683 2330; x_wconf 87' lang='lat' dir='ltr'>vestrae</span> <span class='ocrx_word' id='word_1_1140' title='bbox 1698 2299 1862 2330; x_wconf 88' lang='lat' dir='ltr'>Beatitudini</span> <span class='ocrx_word' id='word_1_1141' title='bbox 1875 2308 1909 2329; x_wconf 80' lang='lat' dir='ltr'>ex</span> <span class='ocrx_word' id='word_1_1142' title='bbox 1922 2308 2001 2336; x_wconf 81' lang='lat' dir='ltr'>parte</span> <span class='ocrx_word' id='word_1_1143' title='bbox 2013 2297 2109 2328; x_wconf 72' lang='lat' dir='ltr'>nostra</span> <span class='ocrx_word' id='word_1_1144' title='bbox 2116 2297 2292 2337; x_wconf 85' lang='lat' dir='ltr'>exposuerint</span> <span class='ocrx_word' id='word_1_1145' title='bbox 2304 2299 2374 2329; x_wconf 67' lang='lat' dir='ltr'>vivi</span> 
     </span>
     <span class='ocr_line' id='line_1_146' title="bbox 1308 2322 2375 2377; baseline 0.001 -10"><span class='ocrx_word' id='word_1_1146' title='bbox 1308 2347 1384 2368; x_wconf 90' lang='lat' dir='ltr'>voce</span> <span class='ocrx_word' id='word_1_1147' title='bbox 1397 2360 1407 2376; x_wconf 87' lang='lat'>‚</span> <span class='ocrx_word' id='word_1_1148' title='bbox 1426 2339 1529 2369; x_wconf 90' lang='lat' dir='ltr'>eisdem</span> <span class='ocrx_word' id='word_1_1149' title='bbox 1549 2322 1635 2370; x_wconf 66' lang='lat' dir='ltr'>sidem</span> <span class='ocrx_word' id='word_1_1150' title='bbox 1656 2338 1801 2370; x_wconf 83' lang='lat' dir='ltr'>credulam</span> <span class='ocrx_word' id='word_1_1151' title='bbox 1822 2337 1953 2369; x_wconf 87' lang='lat' dir='ltr'>adhibere</span> <span class='ocrx_word' id='word_1_1152' title='bbox 1967 2337 2098 2377; x_wconf 86' lang='lat' dir='ltr'>dignetur</span> <span class='ocrx_word' id='word_1_1153' title='bbox 2117 2336 2208 2369; x_wconf 84' lang='lat' dir='ltr'>vestra</span> <span class='ocrx_word' id='word_1_1154' title='bbox 2221 2335 2375 2368; x_wconf 74' lang='lat' dir='ltr'>Patemitas</span> 
     </span>
     <span class='ocr_line' id='line_1_147' title="bbox 1307 2375 1498 2408; baseline -0.005 -1"><span class='ocrx_word' id='word_1_1155' title='bbox 1307 2375 1498 2408; x_wconf 62' lang='lat' dir='ltr'>Sacros-aneta.</span> 
     </span>
    </p>

    <p class='ocr_par' dir='ltr' id='par_1_47' title="bbox 1347 2413 1604 2456">
     <span class='ocr_line' id='line_1_148' title="bbox 1347 2413 1604 2456; baseline 0.008 -12"><span class='ocrx_word' id='word_1_1156' title='bbox 1347 2413 1526 2456; x_wconf 85' lang='lat' dir='ltr'>Conservet,</span> <span class='ocrx_word' id='word_1_1157' title='bbox 1543 2417 1604 2448; x_wconf 92' lang='lat' dir='ltr'>&amp;c.</span> 
     </span>
    </p>
   </div>
   <div class='ocr_carea' id='block_1_34' title="bbox 1306 2491 2372 2726">
    <p class='ocr_par' dir='ltr' id='par_1_48' title="bbox 1306 2491 2372 2726">
     <span class='ocr_line' id='line_1_149' title="bbox 1345 2491 2196 2535; baseline -0.004 -11"><span class='ocrx_word' id='word_1_1158' title='bbox 1345 2492 1415 2525; x_wconf 87' lang='lat' dir='ltr'>Dat.</span> <span class='ocrx_word' id='word_1_1159' title='bbox 1428 2495 1500 2535; x_wconf 88' lang='lat' dir='ltr'>apud</span> <span class='ocrx_word' id='word_1_1160' title='bbox 1512 2493 1801 2526; x_wconf 87' lang='lat' dir='ltr'>Westmonasterium</span> <span class='ocrx_word' id='word_1_1161' title='bbox 1809 2517 1820 2534; x_wconf 86' lang='lat'>,</span> <span class='ocrx_word' id='word_1_1162' title='bbox 1839 2493 1945 2525; x_wconf 64' lang='lat' dir='ltr'>oetavo</span> <span class='ocrx_word' id='word_1_1163' title='bbox 1957 2491 2003 2523; x_wconf 88' lang='lat' dir='ltr'>die</span> <span class='ocrx_word' id='word_1_1164' title='bbox 2017 2491 2196 2523; x_wconf 83' lang='lat' dir='ltr'>Decembris.</span> 
     </span>
     <span class='ocr_line' id='line_1_150' title="bbox 1309 2567 2372 2633; baseline -0.004 -31"><span class='ocrx_word' id='word_1_1165' title='bbox 1309 2571 1366 2633; x_wconf 86' lang='lat' dir='ltr'>C</span> <span class='ocrx_word' id='word_1_1166' title='bbox 1375 2571 1529 2618; x_wconf 75' lang='lat' dir='ltr'>Onsirriiles</span> <span class='ocrx_word' id='word_1_1167' title='bbox 1549 2572 1652 2617; x_wconf 79' lang='lat' dir='ltr'>Literae</span> <span class='ocrx_word' id='word_1_1168' title='bbox 1665 2571 1736 2602; x_wconf 84' lang='lat' dir='ltr'>siunt</span> <span class='ocrx_word' id='word_1_1169' title='bbox 1749 2593 1759 2609; x_wconf 92' lang='lat'>,</span> <span class='ocrx_word' id='word_1_1170' title='bbox 1778 2570 1941 2614; x_wconf 44' lang='lat' dir='ltr'>sub-eadem</span> <span class='ocrx_word' id='word_1_1171' title='bbox 1955 2568 2035 2614; x_wconf 72' lang='lat' dir='ltr'>data,</span> <span class='ocrx_word' id='word_1_1172' title='bbox 2049 2568 2102 2613; x_wconf 76' lang='lat' dir='ltr'>sub</span> <span class='ocrx_word' id='word_1_1173' title='bbox 2115 2568 2293 2613; x_wconf 86' lang='lat' dir='ltr'>nominibus,</span> <span class='ocrx_word' id='word_1_1174' title='bbox 2310 2567 2372 2599; x_wconf 81' lang='lat' dir='ltr'>Ve-</span> 
     </span>
     <span class='ocr_line' id='line_1_151' title="bbox 1306 2606 2372 2687; baseline -0.001 -9"><span class='ocrx_word' id='word_1_1175' title='bbox 1306 2609 1910 2687; x_wconf 51' lang='lat' dir='ltr'>chidi-3¹31?¹J¹iilii²iiss⁵ifflffxiisiiyissffili¹ff¹issk⁵</span> <span class='ocrx_word' id='word_1_1176' title='bbox 1911 2607 2074 2685; x_wconf 58' lang='lat' dir='ltr'>Jfifizsissff:</span> <span class='ocrx_word' id='word_1_1177' title='bbox 2085 2606 2372 2684; x_wconf 48' lang='lat' dir='ltr'>{afflgifffffi‘erffi}</span> 
     </span>
     <span class='ocr_line' id='line_1_152' title="bbox 1306 2683 2372 2726; baseline -0.001 -10"><span class='ocrx_word' id='word_1_1178' title='bbox 1306 2696 1406 2717; x_wconf 86' lang='lat' dir='ltr'>eorum</span> <span class='ocrx_word' id='word_1_1179' title='bbox 1414 2710 1423 2725; x_wconf 80' lang='lat'>,</span> <span class='ocrx_word' id='word_1_1180' title='bbox 1442 2697 1565 2726; x_wconf 88' lang='lat' dir='ltr'>quorum</span> <span class='ocrx_word' id='word_1_1181' title='bbox 1578 2687 1645 2718; x_wconf 85' lang='lat' dir='ltr'>alter</span> <span class='ocrx_word' id='word_1_1182' title='bbox 1653 2710 1664 2726; x_wconf 83' lang='lat'>,</span> <span class='ocrx_word' id='word_1_1183' title='bbox 1677 2686 1820 2718; x_wconf 69' lang='lat' dir='ltr'>dictorum</span> <span class='ocrx_word' id='word_1_1184' title='bbox 1833 2685 2035 2718; x_wconf 88' lang='lat' dir='ltr'>Archidiaconi</span> <span class='ocrx_word' id='word_1_1185' title='bbox 2046 2685 2079 2716; x_wconf 91' lang='lat'>&amp;</span> <span class='ocrx_word' id='word_1_1186' title='bbox 2091 2683 2242 2716; x_wconf 86' lang='lat' dir='ltr'>Willielmi</span> <span class='ocrx_word' id='word_1_1187' title='bbox 2253 2683 2289 2715; x_wconf 91' lang='lat' dir='ltr'>de</span> <span class='ocrx_word' id='word_1_1188' title='bbox 2296 2683 2372 2715; x_wconf 70' lang='lat' dir='ltr'>We-</span> 
     </span>
    </p>
   </div>
   <div class='ocr_carea' id='block_1_35' title="bbox 1305 2725 1529 2764">
    <p class='ocr_par' dir='ltr' id='par_1_49' title="bbox 1305 2725 1529 2764">
     <span class='ocr_line' id='line_1_153' title="bbox 1305 2725 1529 2764; baseline 0.004 -9"><span class='ocrx_word' id='word_1_1189' title='bbox 1305 2725 1369 2755; x_wconf 92' lang='lat' dir='ltr'>ston</span> <span class='ocrx_word' id='word_1_1190' title='bbox 1376 2749 1386 2764; x_wconf 94' lang='lat'>,</span> <span class='ocrx_word' id='word_1_1191' title='bbox 1406 2726 1438 2756; x_wconf 81' lang='lat' dir='ltr'>iit</span> <span class='ocrx_word' id='word_1_1192' title='bbox 1449 2736 1529 2757; x_wconf 88' lang='lat' dir='ltr'>unus.</span> 
     </span>
    </p>
   </div>
   <div class='ocr_carea' id='block_1_36' title="bbox 1338 2800 1846 2808">
    <p class='ocr_par' dir='ltr' id='par_1_50' title="bbox 1338 2800 1846 2808">
     <span class='ocr_line' id='line_1_154' title="bbox 1338 2800 1846 2808; baseline 0 0"><span class='ocrx_word' id='word_1_1193' title='bbox 1338 2800 1846 2808; x_wconf 95' lang='lat' dir='ltr'> </span> 
     </span>
    </p>
   </div>
   <div class='ocr_carea' id='block_1_37' title="bbox 1300 2848 2364 2999">
    <p class='ocr_par' dir='ltr' id='par_1_51' title="bbox 1300 2848 2364 2999">
     <span class='ocr_line' id='line_1_155' title="bbox 1575 2848 2097 2894; baseline -0.002 -9"><span class='ocrx_word' id='word_1_1194' title='bbox 1575 2851 1633 2885; x_wconf 83' lang='lat' dir='ltr'>Ad</span> <span class='ocrx_word' id='word_1_1195' title='bbox 1651 2850 1845 2894; x_wconf 78' lang='lat' dir='ltr'>Cardinales,</span> <span class='ocrx_word' id='word_1_1196' title='bbox 1869 2849 1906 2883; x_wconf 74' lang='lat' dir='ltr'>de</span> <span class='ocrx_word' id='word_1_1197' title='bbox 1926 2848 2097 2884; x_wconf 77' lang='lat' dir='ltr'>Credentia.</span> 
     </span>
     <span class='ocr_line' id='line_1_156' title="bbox 1300 2933 2364 2999; baseline -0.004 -31"><span class='ocrx_word' id='word_1_1198' title='bbox 1300 2936 1511 2999; x_wconf 86' lang='lat' dir='ltr'>VEnerabili</span> <span class='ocrx_word' id='word_1_1199' title='bbox 1527 2938 1558 2968; x_wconf 89' lang='lat' dir='ltr'>in</span> <span class='ocrx_word' id='word_1_1200' title='bbox 1573 2937 1691 2968; x_wconf 85' lang='lat' dir='ltr'>Christo</span> <span class='ocrx_word' id='word_1_1201' title='bbox 1704 2937 1795 2975; x_wconf 88' lang='lat' dir='ltr'>Patri,</span> <span class='ocrx_word' id='word_1_1202' title='bbox 1813 2935 1948 2967; x_wconf 89' lang='lat' dir='ltr'>Domino</span> <span class='ocrx_word' id='word_1_1203' title='bbox 1962 2935 2005 2966; x_wconf 93' lang='lat' dir='ltr'>G.</span> <span class='ocrx_word' id='word_1_1204' title='bbox 2020 2934 2079 2966; x_wconf 89' lang='lat' dir='ltr'>Dei</span> <span class='ocrx_word' id='word_1_1205' title='bbox 2093 2935 2194 2974; x_wconf 85' lang='lat' dir='ltr'>gratia,</span> <span class='ocrx_word' id='word_1_1206' title='bbox 2212 2933 2364 2965; x_wconf 87' lang='lat' dir='ltr'>Sabienen-</span> 
     </span>
    </p>
   </div>
   <div class='ocr_carea' id='block_1_38' title="bbox 2405 961 2542 996">
    <p class='ocr_par' dir='ltr' id='par_1_52' title="bbox 2405 961 2542 996">
     <span class='ocr_line' id='line_1_157' title="bbox 2405 961 2542 996; baseline 0.007 -11"><span class='ocrx_word' id='word_1_1207' title='bbox 2405 961 2476 986; x_wconf 85' lang='lat' dir='ltr'>Rom.</span> <span class='ocrx_word' id='word_1_1208' title='bbox 2498 967 2542 996; x_wconf 84' lang='lat'>15·</span> 
     </span>
    </p>
   </div>
   <div class='ocr_carea' id='block_1_39' title="bbox 2407 1000 2504 1064">
    <p class='ocr_par' dir='ltr' id='par_1_53' title="bbox 2407 1000 2504 1064">
     <span class='ocr_line' id='line_1_158' title="bbox 2407 1000 2484 1022; baseline 0 0"><span class='ocrx_word' id='word_1_1209' title='bbox 2407 1000 2437 1022; x_wconf 88' lang='grc' dir='ltr'>Ε.</span> <span class='ocrx_word' id='word_1_1210' title='bbox 2457 1005 2484 1022; x_wconf 85' lang='lat'>2.</span> 
     </span>
     <span class='ocr_line' id='line_1_159' title="bbox 2407 1043 2504 1064; baseline -0.01 -1"><span class='ocrx_word' id='word_1_1211' title='bbox 2407 1043 2444 1064; x_wconf 84' lang='lat' dir='ltr'>m.</span> <span class='ocrx_word' id='word_1_1212' title='bbox 2462 1043 2504 1063; x_wconf 78' lang='grc' dir='ltr'>Η..</span> 
     </span>
    </p>
   </div>
   <div class='ocr_carea' id='block_1_40' title="bbox 2405 1525 2498 1602">
    <p class='ocr_par' dir='ltr' id='par_1_54' title="bbox 2405 1525 2498 1602">
     <span class='ocr_line' id='line_1_160' title="bbox 2405 1525 2498 1557; baseline 0.011 -1"><span class='ocrx_word' id='word_1_1213' title='bbox 2405 1525 2425 1546; x_wconf 46' lang='grc' dir='ltr'><strong>θ</strong></span> <span class='ocrx_word' id='word_1_1214' title='bbox 2444 1528 2498 1557; x_wconf 87' lang='grc' dir='ltr'>ῘΠ.</span> 
     </span>
     <span class='ocr_line' id='line_1_161' title="bbox 2407 1574 2472 1602; baseline -0.015 -8"><span class='ocrx_word' id='word_1_1215' title='bbox 2407 1574 2472 1602; x_wconf 84' lang='grc' dir='ltr'><strong>9ιο,</strong></span> 
     </span>
    </p>
   </div>
   <div class='ocr_carea' id='block_1_41' title="bbox 2383 2916 2519 2950">
    <p class='ocr_par' dir='ltr' id='par_1_55' title="bbox 2383 2916 2519 2950">
     <span class='ocr_line' id='line_1_162' title="bbox 2383 2916 2519 2950; baseline -0.007 -1"><span class='ocrx_word' id='word_1_1216' title='bbox 2383 2916 2461 2949; x_wconf 87' lang='lat' dir='ltr'>Arm.</span> <span class='ocrx_word' id='word_1_1217' title='bbox 2476 2918 2519 2950; x_wconf 86' lang='lat' dir='ltr'>D.</span> 
     </span>
    </p>
   </div>
   <div class='ocr_carea' id='block_1_42' title="bbox 1389 2966 2498 3033">
    <p class='ocr_par' dir='ltr' id='par_1_56' title="bbox 1389 2966 2498 3033">
     <span class='ocr_line' id='line_1_163' title="bbox 1389 2966 2498 3033; baseline -0.005 -27"><span class='ocrx_word' id='word_1_1218' title='bbox 1389 2977 1407 3006; x_wconf 92' lang='lat' dir='ltr'>si</span> <span class='ocrx_word' id='word_1_1219' title='bbox 1426 2977 1568 3022; x_wconf 81' lang='lat' dir='ltr'>Episcopo</span> <span class='ocrx_word' id='word_1_1220' title='bbox 1584 2999 1593 3015; x_wconf 87' lang='lat'>,</span> <span class='ocrx_word' id='word_1_1221' title='bbox 1607 2978 1702 3008; x_wconf 90' lang='lat' dir='ltr'>amico</span> <span class='ocrx_word' id='word_1_1222' title='bbox 1719 2976 1768 3006; x_wconf 93' lang='lat' dir='ltr'>suo</span> <span class='ocrx_word' id='word_1_1223' title='bbox 1789 2974 1949 3014; x_wconf 72' lang='lat' dir='ltr'>cariffimo,</span> <span class='ocrx_word' id='word_1_1224' title='bbox 1967 2972 2140 3011; x_wconf 81' lang='lat' dir='ltr'>Edwardus,</span> <span class='ocrx_word' id='word_1_1225' title='bbox 2157 2974 2217 3003; x_wconf 72' lang='grc' dir='ltr'>ἃς.</span> <span class='ocrx_word' id='word_1_1226' title='bbox 2231 2972 2363 3012; x_wconf 82' lang='lat' dir='ltr'>salutem,</span> <span class='ocrx_word' id='word_1_1227' title='bbox 2383 2966 2498 3033; x_wconf 31' lang='lat'>23²¹}-</span> 
     </span>
    </p>
   </div>
   <div class='ocr_carea' id='block_1_43' title="bbox 1299 3015 2365 3098">
    <p class='ocr_par' dir='ltr' id='par_1_57' title="bbox 1299 3015 2365 3098">
     <span class='ocr_line' id='line_1_164' title="bbox 1299 3015 1786 3047; baseline -0.006 0"><span class='ocrx_word' id='word_1_1228' title='bbox 1299 3017 1332 3047; x_wconf 92' lang='lat'>&amp;</span> <span class='ocrx_word' id='word_1_1229' title='bbox 1347 3015 1461 3046; x_wconf 84' lang='lat' dir='ltr'>fincerae</span> <span class='ocrx_word' id='word_1_1230' title='bbox 1475 3015 1631 3046; x_wconf 58' lang='lat' dir='ltr'>dilectionis</span> <span class='ocrx_word' id='word_1_1231' title='bbox 1643 3015 1786 3047; x_wconf 65' lang='lat' dir='ltr'>affeetum.</span> 
     </span>
     <span class='ocr_line' id='line_1_165' title="bbox 1337 3048 2365 3098; baseline -0.005 -13"><span class='ocrx_word' id='word_1_1232' title='bbox 1337 3054 1481 3093; x_wconf 84' lang='lat' dir='ltr'>Qiaedam</span> <span class='ocrx_word' id='word_1_1233' title='bbox 1497 3054 1625 3094; x_wconf 88' lang='lat' dir='ltr'>Negotia</span> <span class='ocrx_word' id='word_1_1234' title='bbox 1631 3076 1647 3098; x_wconf 35' lang='lat'>,.</span> <span class='ocrx_word' id='word_1_1235' title='bbox 1659 3053 1727 3084; x_wconf 90' lang='lat' dir='ltr'>Nos</span> <span class='ocrx_word' id='word_1_1236' title='bbox 1741 3054 1774 3084; x_wconf 91' lang='lat'>&amp;</span> <span class='ocrx_word' id='word_1_1237' title='bbox 1789 3052 1898 3083; x_wconf 89' lang='lat' dir='ltr'>Statum</span> <span class='ocrx_word' id='word_1_1238' title='bbox 1916 3051 2013 3090; x_wconf 80' lang='lat' dir='ltr'>Regni</span> <span class='ocrx_word' id='word_1_1239' title='bbox 2026 3048 2113 3080; x_wconf 88' lang='lat' dir='ltr'>nostri</span> <span class='ocrx_word' id='word_1_1240' title='bbox 2129 3048 2278 3088; x_wconf 82' lang='lat' dir='ltr'>specialiter</span> <span class='ocrx_word' id='word_1_1241' title='bbox 2291 3059 2365 3081; x_wconf 91' lang='lat' dir='ltr'>con-</span> 
     </span>
    </p>
   </div>
   <div class='ocr_carea' id='block_1_44' title="bbox 1298 3077 2445 3139">
    <p class='ocr_par' dir='ltr' id='par_1_58' title="bbox 1298 3077 2445 3139">
     <span class='ocr_line' id='line_1_166' title="bbox 1298 3077 2445 3139; baseline -0.006 -15"><span class='ocrx_word' id='word_1_1242' title='bbox 1298 3095 1435 3133; x_wconf 91' lang='lat' dir='ltr'>tingentia</span> <span class='ocrx_word' id='word_1_1243' title='bbox 1449 3116 1459 3131; x_wconf 89' lang='lat'>,</span> <span class='ocrx_word' id='word_1_1244' title='bbox 1474 3103 1540 3131; x_wconf 85' lang='lat' dir='ltr'>quae</span> <span class='ocrx_word' id='word_1_1245' title='bbox 1560 3092 1661 3123; x_wconf 88' lang='lat' dir='ltr'>nostris</span> <span class='ocrx_word' id='word_1_1246' title='bbox 1683 3092 1822 3122; x_wconf 77' lang='lat' dir='ltr'>desideriis</span> <span class='ocrx_word' id='word_1_1247' title='bbox 1841 3089 1972 3120; x_wconf 73' lang='lat' dir='ltr'>obnixius</span> <span class='ocrx_word' id='word_1_1248' title='bbox 1991 3088 2130 3118; x_wconf 87' lang='lat' dir='ltr'>inhaerent</span> <span class='ocrx_word' id='word_1_1249' title='bbox 2146 3110 2155 3126; x_wconf 84' lang='lat'>,</span> <span class='ocrx_word' id='word_1_1250' title='bbox 2173 3086 2364 3127; x_wconf 83' lang='lat' dir='ltr'>Injunximus,</span> <span class='ocrx_word' id='word_1_1251' title='bbox 2383 3077 2445 3139; x_wconf 45' lang='lat' dir='ltr'>{ff’z</span> 
     </span>
    </p>
   </div>
   <div class='ocr_carea' id='block_1_45' title="bbox 2384 3038 2458 3062">
    <p class='ocr_par' dir='ltr' id='par_1_59' title="bbox 2384 3038 2458 3062">
     <span class='ocr_line' id='line_1_167' title="bbox 2384 3038 2458 3062; baseline 0 -1"><span class='ocrx_word' id='word_1_1252' title='bbox 2384 3038 2415 3061; x_wconf 80' lang='grc' dir='ltr'>Ε.</span> <span class='ocrx_word' id='word_1_1253' title='bbox 2432 3044 2458 3062; x_wconf 91' lang='lat'>2.</span> 
     </span>
    </p>
   </div>
   <div class='ocr_carea' id='block_1_46' title="bbox 2448 3081 2516 3110">
    <p class='ocr_par' dir='ltr' id='par_1_60' title="bbox 2448 3081 2516 3110">
     <span class='ocr_line' id='line_1_168' title="bbox 2448 3081 2516 3110; baseline 0.015 -10"><span class='ocrx_word' id='word_1_1254' title='bbox 2448 3094 2454 3100; x_wconf 91' lang='lat'><em>.</em></span> <span class='ocrx_word' id='word_1_1255' title='bbox 2474 3081 2516 3110; x_wconf 87' lang='lat'>¹5—</span> 
     </span>
    </p>
   </div>
   <div class='ocr_carea' id='block_1_47' title="bbox 1297 3125 2483 3178">
    <p class='ocr_par' dir='ltr' id='par_1_61' title="bbox 1297 3125 2483 3178">
     <span class='ocr_line' id='line_1_169' title="bbox 1297 3125 2483 3178; baseline -0.006 -15"><span class='ocrx_word' id='word_1_1256' title='bbox 1297 3132 1407 3163; x_wconf 66' lang='lat' dir='ltr'>dilectis</span> <span class='ocrx_word' id='word_1_1257' title='bbox 1420 3132 1454 3163; x_wconf 87' lang='lat'>&amp;</span> <span class='ocrx_word' id='word_1_1258' title='bbox 1468 3130 1594 3162; x_wconf 88' lang='lat' dir='ltr'>fidelibus</span> <span class='ocrx_word' id='word_1_1259' title='bbox 1607 3130 1724 3166; x_wconf 86' lang='lat' dir='ltr'>nostris,</span> <span class='ocrx_word' id='word_1_1260' title='bbox 1745 3127 1903 3167; x_wconf 80' lang='lat' dir='ltr'>Magistris,</span> <span class='ocrx_word' id='word_1_1261' title='bbox 1917 3126 2042 3164; x_wconf 87' lang='lat' dir='ltr'>Johanni</span> <span class='ocrx_word' id='word_1_1262' title='bbox 2056 3125 2092 3156; x_wconf 93' lang='lat' dir='ltr'>de</span> <span class='ocrx_word' id='word_1_1263' title='bbox 2107 3125 2244 3157; x_wconf 87' lang='lat' dir='ltr'>Stretford</span> <span class='ocrx_word' id='word_1_1264' title='bbox 2260 3126 2363 3158; x_wconf 86' lang='lat' dir='ltr'>Archi-</span> <span class='ocrx_word' id='word_1_1265' title='bbox 2383 3159 2421 3178; x_wconf 47' lang='lat' dir='ltr'>m·</span> <span class='ocrx_word' id='word_1_1266' title='bbox 2440 3159 2483 3177; x_wconf 47' lang='lat' dir='ltr'>u·</span> 
     </span>
    </p>
   </div>
   <div class='ocr_carea' id='block_1_48' title="bbox 1295 3163 2365 3708">
    <p class='ocr_par' dir='ltr' id='par_1_62' title="bbox 1296 3163 2364 3323">
     <span class='ocr_line' id='line_1_170' title="bbox 1296 3163 2364 3203; baseline -0.005 -2"><span class='ocrx_word' id='word_1_1267' title='bbox 1296 3172 1421 3201; x_wconf 83' lang='lat' dir='ltr'>diacono</span> <span class='ocrx_word' id='word_1_1268' title='bbox 1437 3169 1631 3200; x_wconf 86' lang='lat' dir='ltr'>Lincolniensi</span> <span class='ocrx_word' id='word_1_1269' title='bbox 1666 3167 1824 3198; x_wconf 88' lang='lat' dir='ltr'>Willielmo</span> <span class='ocrx_word' id='word_1_1270' title='bbox 1837 3165 1874 3196; x_wconf 90' lang='lat' dir='ltr'>de</span> <span class='ocrx_word' id='word_1_1271' title='bbox 1886 3164 2029 3202; x_wconf 81' lang='lat' dir='ltr'>Weston,</span> <span class='ocrx_word' id='word_1_1272' title='bbox 2042 3164 2117 3203; x_wconf 87' lang='lat' dir='ltr'>Juris</span> <span class='ocrx_word' id='word_1_1273' title='bbox 2131 3163 2233 3195; x_wconf 89' lang='lat' dir='ltr'>Civilis</span> <span class='ocrx_word' id='word_1_1274' title='bbox 2250 3164 2364 3196; x_wconf 82' lang='lat' dir='ltr'>Profes-</span> 
     </span>
     <span class='ocr_line' id='line_1_171' title="bbox 1297 3190 2363 3251; baseline -0.005 -12"><span class='ocrx_word' id='word_1_1275' title='bbox 1297 3209 1400 3240; x_wconf 88' lang='lat' dir='ltr'>soribus</span> <span class='ocrx_word' id='word_1_1276' title='bbox 1442 3207 1605 3251; x_wconf 78' lang='lat' dir='ltr'>Willielmo</span> <span class='ocrx_word' id='word_1_1277' title='bbox 1624 3190 1659 3236; x_wconf 64' lang='lat' dir='ltr'>d’e</span> <span class='ocrx_word' id='word_1_1278' title='bbox 1679 3205 1762 3250; x_wconf 80' lang='lat' dir='ltr'>Deen</span> <span class='ocrx_word' id='word_1_1279' title='bbox 1786 3203 1876 3248; x_wconf 83' lang='lat' dir='ltr'>Militi</span> <span class='ocrx_word' id='word_1_1280' title='bbox 1890 3227 1899 3242; x_wconf 91' lang='lat'>,</span> <span class='ocrx_word' id='word_1_1281' title='bbox 1922 3204 1956 3235; x_wconf 83' lang='lat'>&amp;</span> <span class='ocrx_word' id='word_1_1282' title='bbox 1971 3203 2059 3233; x_wconf 83' lang='lat' dir='ltr'>Fratri</span> <span class='ocrx_word' id='word_1_1283' title='bbox 2072 3202 2197 3247; x_wconf 79' lang='lat' dir='ltr'>Johanni</span> <span class='ocrx_word' id='word_1_1284' title='bbox 2212 3203 2249 3234; x_wconf 88' lang='lat' dir='ltr'>de</span> <span class='ocrx_word' id='word_1_1285' title='bbox 2270 3203 2363 3234; x_wconf 90' lang='lat' dir='ltr'>Wro-</span> 
     </span>
     <span class='ocr_line' id='line_1_172' title="bbox 1298 3231 2364 3287; baseline -0.005 -9"><span class='ocrx_word' id='word_1_1286' title='bbox 1298 3249 1394 3285; x_wconf 85' lang='lat' dir='ltr'>tham,</span> <span class='ocrx_word' id='word_1_1287' title='bbox 1411 3231 1535 3276; x_wconf 78' lang='lat' dir='ltr'>Domini</span> <span class='ocrx_word' id='word_1_1288' title='bbox 1551 3245 1635 3282; x_wconf 82' lang='lat' dir='ltr'>Papae</span> <span class='ocrx_word' id='word_1_1289' title='bbox 1649 3243 1861 3287; x_wconf 69' lang='lat' dir='ltr'>Poenitentiario</span> <span class='ocrx_word' id='word_1_1290' title='bbox 1874 3242 1927 3276; x_wconf 93' lang='lat' dir='ltr'>(de</span> <span class='ocrx_word' id='word_1_1291' title='bbox 1941 3251 2065 3286; x_wconf 83' lang='lat' dir='ltr'>quorum</span> <span class='ocrx_word' id='word_1_1292' title='bbox 2085 3240 2214 3272; x_wconf 85' lang='lat' dir='ltr'>fidelitate</span> <span class='ocrx_word' id='word_1_1293' title='bbox 2228 3241 2364 3282; x_wconf 66' lang='lat' dir='ltr'>probata,</span> 
     </span>
     <span class='ocr_line' id='line_1_173' title="bbox 1297 3279 2364 3323; baseline -0.006 -7"><span class='ocrx_word' id='word_1_1294' title='bbox 1297 3288 1331 3317; x_wconf 66' lang='grc' dir='ltr'>ὅ(</span> <span class='ocrx_word' id='word_1_1295' title='bbox 1347 3284 1601 3322; x_wconf 66' lang='lat' dir='ltr'>circumspeiitione</span> <span class='ocrx_word' id='word_1_1296' title='bbox 1612 3282 1733 3323; x_wconf 82' lang='lat' dir='ltr'>prOVida</span> <span class='ocrx_word' id='word_1_1297' title='bbox 1747 3281 1781 3312; x_wconf 92' lang='lat' dir='ltr'>ad</span> <span class='ocrx_word' id='word_1_1298' title='bbox 1798 3280 1915 3320; x_wconf 87' lang='lat' dir='ltr'>plenum</span> <span class='ocrx_word' id='word_1_1299' title='bbox 1931 3280 2103 3312; x_wconf 86' lang='lat' dir='ltr'>confidimus</span> <span class='ocrx_word' id='word_1_1300' title='bbox 2117 3280 2128 3318; x_wconf 90' lang='lat'>)</span> <span class='ocrx_word' id='word_1_1301' title='bbox 2146 3281 2229 3311; x_wconf 91' lang='lat' dir='ltr'>vobis</span> <span class='ocrx_word' id='word_1_1302' title='bbox 2241 3279 2364 3311; x_wconf 77' lang='lat' dir='ltr'>seriofiiis</span> 
     </span>
    </p>

    <p class='ocr_par' dir='ltr' id='par_1_63' title="bbox 1295 3322 2365 3708">
     <span class='ocr_line' id='line_1_174' title="bbox 1363 3322 2362 3399; baseline -0.005 -8"><span class='ocrx_word' id='word_1_1303' title='bbox 1363 3322 1469 3392; x_wconf 47' lang='grc' dir='ltr'>ἓξὲξ</span> <span class='ocrx_word' id='word_1_1304' title='bbox 1484 3361 1566 3399; x_wconf 82' lang='lat' dir='ltr'>igitur</span> <span class='ocrx_word' id='word_1_1305' title='bbox 1586 3358 1787 3390; x_wconf 87' lang='lat' dir='ltr'>Paternitatem</span> <span class='ocrx_word' id='word_1_1306' title='bbox 1812 3357 1968 3389; x_wconf 68' lang='lat' dir='ltr'>affestuosis</span> <span class='ocrx_word' id='word_1_1307' title='bbox 1992 3357 2123 3395; x_wconf 81' lang='lat' dir='ltr'>precibus</span> <span class='ocrx_word' id='word_1_1308' title='bbox 2146 3357 2336 3399; x_wconf 43' lang='lat' dir='ltr'>deprecamur·</span> <span class='ocrx_word' id='word_1_1309' title='bbox 2351 3377 2362 3394; x_wconf 91' lang='lat'>,</span> 
     </span>
     <span class='ocr_line' id='line_1_175' title="bbox 1295 3394 2360 3467; baseline -0.006 1"><span class='ocrx_word' id='word_1_1310' title='bbox 1295 3402 1422 3455; x_wconf 55' lang='lat' dir='ltr'>q¹³³⁶5¹⁰⁵</span> <span class='ocrx_word' id='word_1_1311' title='bbox 1443 3399 1590 3467; x_wconf 54' lang='lat' dir='ltr'>p‘fiifa‘iffu’s</span> <span class='ocrx_word' id='word_1_1312' title='bbox 1600 3397 1726 3467; x_wconf 51' lang='lat' dir='ltr'>Je‘ssha‘ss&#39;i</span> <span class='ocrx_word' id='word_1_1313' title='bbox 1740 3421 1750 3436; x_wconf 84' lang='lat'>²</span> <span class='ocrx_word' id='word_1_1314' title='bbox 1767 3394 2360 3466; x_wconf 53' lang='lat' dir='ltr'>lssssffissinssiffllfflffi‘cii&#39;fflzi</span> 
     </span>
     <span class='ocr_line' id='line_1_176' title="bbox 1297 3438 2360 3513; baseline -0.008 -4"><span class='ocrx_word' id='word_1_1315' title='bbox 1297 3439 1544 3509; x_wconf 38' lang='lat' dir='ltr'>geriaxssiihrglcmiffi</span> <span class='ocrx_word' id='word_1_1316' title='bbox 1558 3447 1700 3513; x_wconf 62' lang='lat' dir='ltr'>Westgii,</span> <span class='ocrx_word' id='word_1_1317' title='bbox 1715 3438 1746 3506; x_wconf 64' lang='lat' dir='ltr'>fii</span> <span class='ocrx_word' id='word_1_1318' title='bbox 1754 3446 1847 3511; x_wconf 65' lang='lat' dir='ltr'>ciinusu)</span> <span class='ocrx_word' id='word_1_1319' title='bbox 1868 3475 1898 3504; x_wconf 90' lang='lat' dir='ltr'>in</span> <span class='ocrx_word' id='word_1_1320' title='bbox 1911 3458 1980 3512; x_wconf 70' lang='lat' dir='ltr'>hiis}</span> <span class='ocrx_word' id='word_1_1321' title='bbox 1996 3482 2062 3511; x_wconf 82' lang='lat' dir='ltr'>quae</span> <span class='ocrx_word' id='word_1_1322' title='bbox 2075 3472 2157 3502; x_wconf 88' lang='lat' dir='ltr'>vobis</span> <span class='ocrx_word' id='word_1_1323' title='bbox 2169 3479 2204 3501; x_wconf 85' lang='lat' dir='ltr'>ex</span> <span class='ocrx_word' id='word_1_1324' title='bbox 2215 3478 2290 3509; x_wconf 80' lang='lat' dir='ltr'>parte</span> <span class='ocrx_word' id='word_1_1325' title='bbox 2303 3480 2360 3501; x_wconf 90' lang='lat' dir='ltr'>no-</span> 
     </span>
     <span class='ocr_line' id='line_1_177' title="bbox 1296 3508 2359 3553; baseline -0.006 -7"><span class='ocrx_word' id='word_1_1326' title='bbox 1296 3516 1351 3547; x_wconf 61' lang='lat' dir='ltr'>stra</span> <span class='ocrx_word' id='word_1_1327' title='bbox 1362 3514 1536 3553; x_wconf 78' lang='lat' dir='ltr'>exposuerint</span> <span class='ocrx_word' id='word_1_1328' title='bbox 1549 3513 1617 3544; x_wconf 67' lang='lat' dir='ltr'>viva</span> <span class='ocrx_word' id='word_1_1329' title='bbox 1630 3523 1722 3550; x_wconf 86' lang='lat' dir='ltr'>voce,</span> <span class='ocrx_word' id='word_1_1330' title='bbox 1740 3513 1832 3543; x_wconf 91' lang='lat' dir='ltr'>velitis</span> <span class='ocrx_word' id='word_1_1331' title='bbox 1844 3512 1930 3542; x_wconf 89' lang='lat' dir='ltr'>fidem</span> <span class='ocrx_word' id='word_1_1332' title='bbox 1941 3511 2082 3542; x_wconf 77' lang='lat' dir='ltr'>credulam</span> <span class='ocrx_word' id='word_1_1333' title='bbox 2095 3509 2242 3546; x_wconf 80' lang='lat' dir='ltr'>adhibere;</span> <span class='ocrx_word' id='word_1_1334' title='bbox 2259 3508 2312 3546; x_wconf 88' lang='lat'>&amp;‚</span> <span class='ocrx_word' id='word_1_1335' title='bbox 2326 3515 2359 3540; x_wconf 92' lang='lat' dir='ltr'>ut</span> 
     </span>
     <span class='ocr_line' id='line_1_178' title="bbox 1297 3545 2355 3591; baseline -0.009 -6"><span class='ocrx_word' id='word_1_1336' title='bbox 1297 3555 1335 3585; x_wconf 86' lang='lat' dir='ltr'>fic</span> <span class='ocrx_word' id='word_1_1337' title='bbox 1354 3552 1518 3591; x_wconf 87' lang='lat' dir='ltr'>exponenda</span> <span class='ocrx_word' id='word_1_1338' title='bbox 1535 3552 1719 3583; x_wconf 85' lang='lat' dir='ltr'>desideratum</span> <span class='ocrx_word' id='word_1_1339' title='bbox 1741 3550 1877 3581; x_wconf 63' lang='lat' dir='ltr'>effeetum</span> <span class='ocrx_word' id='word_1_1340' title='bbox 1898 3551 2044 3581; x_wconf 86' lang='lat' dir='ltr'>sortiantur</span> <span class='ocrx_word' id='word_1_1341' title='bbox 2059 3571 2069 3587; x_wconf 83' lang='lat'>,</span> <span class='ocrx_word' id='word_1_1342' title='bbox 2091 3545 2164 3585; x_wconf 88' lang='lat' dir='ltr'>apud</span> <span class='ocrx_word' id='word_1_1343' title='bbox 2189 3545 2355 3577; x_wconf 84' lang='lat' dir='ltr'>Dominum</span> 
     </span>
     <span class='ocr_line' id='line_1_179' title="bbox 1297 3584 2357 3629; baseline -0.009 -5"><span class='ocrx_word' id='word_1_1344' title='bbox 1297 3594 1451 3623; x_wconf 90' lang='lat' dir='ltr'>Summum</span> <span class='ocrx_word' id='word_1_1345' title='bbox 1470 3589 1644 3621; x_wconf 77' lang='lat' dir='ltr'>Pontificem</span> <span class='ocrx_word' id='word_1_1346' title='bbox 1660 3591 1725 3626; x_wconf 86' lang='lat' dir='ltr'>(cui</span> <span class='ocrx_word' id='word_1_1347' title='bbox 1746 3590 1823 3629; x_wconf 88' lang='lat' dir='ltr'>super</span> <span class='ocrx_word' id='word_1_1348' title='bbox 1845 3589 1898 3619; x_wconf 89' lang='lat' dir='ltr'>hiis</span> <span class='ocrx_word' id='word_1_1349' title='bbox 1919 3589 2040 3619; x_wconf 85' lang='lat' dir='ltr'>similiter</span> <span class='ocrx_word' id='word_1_1350' title='bbox 2053 3584 2212 3629; x_wconf 78' lang='lat' dir='ltr'>scribimus)</span> <span class='ocrx_word' id='word_1_1351' title='bbox 2228 3585 2262 3615; x_wconf 94' lang='lat'>&amp;</span> <span class='ocrx_word' id='word_1_1352' title='bbox 2276 3585 2357 3622; x_wconf 65' lang='lat' dir='ltr'>alias,</span> 
     </span>
     <span class='ocr_line' id='line_1_180' title="bbox 1295 3621 2365 3669; baseline -0.007 -9"><span class='ocrx_word' id='word_1_1353' title='bbox 1295 3632 1368 3669; x_wconf 78' lang='lat' dir='ltr'>juxta</span> <span class='ocrx_word' id='word_1_1354' title='bbox 1386 3629 1485 3661; x_wconf 80' lang='lat' dir='ltr'>vestrae</span> <span class='ocrx_word' id='word_1_1355' title='bbox 1499 3628 1669 3659; x_wconf 86' lang='lat' dir='ltr'>discretionis</span> <span class='ocrx_word' id='word_1_1356' title='bbox 1679 3629 1842 3667; x_wconf 83' lang='lat' dir='ltr'>arbitrium,</span> <span class='ocrx_word' id='word_1_1357' title='bbox 1859 3637 1929 3658; x_wconf 88' lang='lat' dir='ltr'>curn</span> <span class='ocrx_word' id='word_1_1358' title='bbox 1943 3626 2024 3657; x_wconf 90' lang='lat' dir='ltr'>omni</span> <span class='ocrx_word' id='word_1_1359' title='bbox 2034 3621 2160 3656; x_wconf 61' lang='lat' dir='ltr'>efficacia</span> <span class='ocrx_word' id='word_1_1360' title='bbox 2172 3644 2183 3661; x_wconf 90' lang='lat'>‚</span> <span class='ocrx_word' id='word_1_1361' title='bbox 2197 3631 2365 3663; x_wconf 57' lang='lat' dir='ltr'>mterpones</span> 
     </span>
     <span class='ocr_line' id='line_1_181' title="bbox 1295 3667 1550 3708; baseline -0.012 -8"><span class='ocrx_word' id='word_1_1362' title='bbox 1295 3679 1326 3700; x_wconf 84' lang='lat' dir='ltr'>re</span> <span class='ocrx_word' id='word_1_1363' title='bbox 1338 3678 1427 3708; x_wconf 82' lang='lat' dir='ltr'>partes</span> <span class='ocrx_word' id='word_1_1364' title='bbox 1440 3667 1550 3699; x_wconf 87' lang='lat' dir='ltr'>vestras.</span> 
     </span>
    </p>
   </div>
   <div class='ocr_carea' id='block_1_49' title="bbox 1332 3743 1967 3785">
    <p class='ocr_par' dir='ltr' id='par_1_64' title="bbox 1332 3743 1967 3785">
     <span class='ocr_line' id='line_1_182' title="bbox 1332 3743 1967 3785; baseline -0.006 -10"><span class='ocrx_word' id='word_1_1365' title='bbox 1332 3743 1401 3775; x_wconf 84' lang='lat' dir='ltr'>Dat.</span> <span class='ocrx_word' id='word_1_1366' title='bbox 1417 3743 1491 3785; x_wconf 89' lang='lat' dir='ltr'>apud</span> <span class='ocrx_word' id='word_1_1367' title='bbox 1501 3743 1654 3784; x_wconf 84' lang='lat' dir='ltr'>Reddyng.</span> <span class='ocrx_word' id='word_1_1368' title='bbox 1672 3753 1684 3773; x_wconf 84' lang='lat' dir='ltr'>r</span> <span class='ocrx_word' id='word_1_1369' title='bbox 1693 3752 1717 3773; x_wconf 90' lang='lat'>1.</span> <span class='ocrx_word' id='word_1_1370' title='bbox 1731 3743 1777 3774; x_wconf 89' lang='lat' dir='ltr'>die</span> <span class='ocrx_word' id='word_1_1371' title='bbox 1789 3743 1967 3775; x_wconf 86' lang='lat' dir='ltr'>Decembris.</span> 
     </span>
    </p>
   </div>
   <div class='ocr_carea' id='block_1_50' title="bbox 1295 3813 2358 4037">
    <p class='ocr_par' dir='ltr' id='par_1_65' title="bbox 1295 3813 2356 4006">
     <span class='ocr_line' id='line_1_183' title="bbox 1365 3813 2355 3859; baseline -0.009 -8"><span class='ocrx_word' id='word_1_1372' title='bbox 1365 3820 1512 3851; x_wconf 84' lang='lat' dir='ltr'>Onsimiles</span> <span class='ocrx_word' id='word_1_1373' title='bbox 1533 3821 1638 3851; x_wconf 84' lang='lat' dir='ltr'>Literae</span> <span class='ocrx_word' id='word_1_1374' title='bbox 1654 3820 1725 3851; x_wconf 82' lang='lat' dir='ltr'>fiunt</span> <span class='ocrx_word' id='word_1_1375' title='bbox 1739 3844 1750 3859; x_wconf 84' lang='lat'>,</span> <span class='ocrx_word' id='word_1_1376' title='bbox 1766 3820 1816 3850; x_wconf 93' lang='lat' dir='ltr'>sub</span> <span class='ocrx_word' id='word_1_1377' title='bbox 1831 3818 1929 3850; x_wconf 63' lang='lat' dir='ltr'>eadem</span> <span class='ocrx_word' id='word_1_1378' title='bbox 1941 3814 2021 3853; x_wconf 70' lang='lat' dir='ltr'>data,</span> <span class='ocrx_word' id='word_1_1379' title='bbox 2037 3814 2089 3858; x_wconf 74' lang='lat' dir='ltr'>sub</span> <span class='ocrx_word' id='word_1_1380' title='bbox 2106 3813 2286 3857; x_wconf 82' lang='lat' dir='ltr'>nominibus,</span> <span class='ocrx_word' id='word_1_1381' title='bbox 2304 3823 2355 3844; x_wconf 79' lang='lat' dir='ltr'>ve·-</span> 
     </span>
     <span class='ocr_line' id='line_1_184' title="bbox 1373 3850 2354 3898; baseline -0.009 -8"><span class='ocrx_word' id='word_1_1382' title='bbox 1373 3860 1497 3890; x_wconf 84' lang='lat' dir='ltr'>nerabilis</span> <span class='ocrx_word' id='word_1_1383' title='bbox 1510 3859 1614 3898; x_wconf 85' lang='lat' dir='ltr'>Patris,</span> <span class='ocrx_word' id='word_1_1384' title='bbox 1628 3858 1668 3889; x_wconf 83' lang='lat' dir='ltr'>R.</span> <span class='ocrx_word' id='word_1_1385' title='bbox 1685 3859 1728 3889; x_wconf 89' lang='lat' dir='ltr'>W</span> <span class='ocrx_word' id='word_1_1386' title='bbox 1748 3857 1900 3894; x_wconf 79' lang='lat' dir='ltr'>ntoniensis</span> <span class='ocrx_word' id='word_1_1387' title='bbox 1913 3853 2104 3896; x_wconf 81' lang='lat' dir='ltr'>Episcop1‚&amp;</span> <span class='ocrx_word' id='word_1_1388' title='bbox 2119 3850 2280 3889; x_wconf 60' lang='lat' dir='ltr'>mitorum,</span> <span class='ocrx_word' id='word_1_1389' title='bbox 2294 3851 2354 3896; x_wconf 70' lang='lat' dir='ltr'>Ar-</span> 
     </span>
     <span class='ocr_line' id='line_1_185' title="bbox 1295 3890 2353 3937; baseline -0.009 -9"><span class='ocrx_word' id='word_1_1390' title='bbox 1295 3897 1474 3936; x_wconf 87' lang='lat' dir='ltr'>chidiaconi,</span> <span class='ocrx_word' id='word_1_1391' title='bbox 1491 3898 1658 3937; x_wconf 81' lang='lat' dir='ltr'>Willielmi,</span> <span class='ocrx_word' id='word_1_1392' title='bbox 1675 3897 1727 3928; x_wconf 89' lang='lat' dir='ltr'>W·</span> <span class='ocrx_word' id='word_1_1393' title='bbox 1741 3897 1826 3927; x_wconf 90' lang='lat' dir='ltr'>lielmi</span> <span class='ocrx_word' id='word_1_1394' title='bbox 1860 3893 2052 3934; x_wconf 50' lang='lat' dir='ltr'>&amp;Johanniz</span> <span class='ocrx_word' id='word_1_1395' title='bbox 2066 3898 2202 3929; x_wconf 84' lang='lat' dir='ltr'>quatuor,</span> <span class='ocrx_word' id='word_1_1396' title='bbox 2220 3890 2254 3920; x_wconf 89' lang='lat'>&amp;</span> <span class='ocrx_word' id='word_1_1397' title='bbox 2267 3898 2353 3920; x_wconf 87' lang='lat' dir='ltr'>trium</span> 
     </span>
     <span class='ocr_line' id='line_1_186' title="bbox 1296 3918 2356 4006; baseline -0.008 -39"><span class='ocrx_word' id='word_1_1398' title='bbox 1296 3945 1414 4006; x_wconf 45' lang='lat' dir='ltr'>aeturus,</span> <span class='ocrx_word' id='word_1_1399' title='bbox 1430 3946 1551 3973; x_wconf 84' lang='lat' dir='ltr'>quorum</span> <span class='ocrx_word' id='word_1_1400' title='bbox 1563 3936 1630 3969; x_wconf 86' lang='lat' dir='ltr'>alter</span> <span class='ocrx_word' id='word_1_1401' title='bbox 1638 3958 1649 3975; x_wconf 83' lang='lat'>,</span> <span class='ocrx_word' id='word_1_1402' title='bbox 1662 3936 1807 3970; x_wconf 71' lang='lat' dir='ltr'>diCtorum</span> <span class='ocrx_word' id='word_1_1403' title='bbox 1820 3918 2023 3971; x_wconf 62' lang='lat' dir='ltr'>Archidiacoru</span> <span class='ocrx_word' id='word_1_1404' title='bbox 2033 3928 2224 3962; x_wconf 80' lang='lat' dir='ltr'>&amp;willielmi</span> <span class='ocrx_word' id='word_1_1405' title='bbox 2238 3927 2274 3959; x_wconf 90' lang='lat' dir='ltr'>de</span> <span class='ocrx_word' id='word_1_1406' title='bbox 2280 3928 2356 3959; x_wconf 90' lang='lat' dir='ltr'>We-</span> 
     </span>
    </p>

    <p class='ocr_par' dir='ltr' id='par_1_66' title="bbox 1324 3978 2358 4037">
     <span class='ocr_line' id='line_1_187' title="bbox 1324 3978 1763 4015; baseline -0.009 -10"><span class='ocrx_word' id='word_1_1407' title='bbox 1324 3984 1379 4015; x_wconf 87' lang='lat' dir='ltr'>on,</span> <span class='ocrx_word' id='word_1_1408' title='bbox 1406 3982 1428 4007; x_wconf 87' lang='lat' dir='ltr'>it</span> <span class='ocrx_word' id='word_1_1409' title='bbox 1441 3983 1519 4006; x_wconf 83' lang='lat' dir='ltr'>unus.</span> <span class='ocrx_word' id='word_1_1410' title='bbox 1748 3978 1763 4002; x_wconf 40' lang='grc' dir='ltr'>,λ</span> 
     </span>
     <span class='ocr_line' id='line_1_188' title="bbox 2246 4003 2358 4037; baseline -0.018 0"><span class='ocrx_word' id='word_1_1411' title='bbox 2246 4003 2358 4037; x_wconf 76' lang='lat' dir='ltr'>Eodem</span> 
     </span>
    </p>
   </div>
  </div>
 </body>
</html>
