2562 4279
76 619 203 650 ΑΒΗ-1).

96 667 180 697 1345·

74 702 186 771 2¹⁷²·319·
220 713 315 735 menta
330 705 503 736 successuum
517 717 584 738 cum
597 706 699 737 Salute.

74 778 95 839 Ξ
93 784 105 799 r
105 784 149 847 a}
165 781 207 847 29·
221 781 359 850 {lccffissffs
366 781 513 858 'Roffenfis
525 783 618 814 Sacrae
631 782 800 822 Theologiae
815 784 988 823 Doctor,&
1005 785 1177 816 Willielmus
1185 785 1275 815 Trus-

79 859 102 877 1.
117 859 206 877 m·10.

71 1820 207 1856 '‘V-463-

75 2246 195 2279 AnnD

75 2271 182 2361 aaz·

73 2373 140 2430 thia?
147 2386 153 2392 ⁸

781 219 896 261 ET
979 220 1248 262 ACTA

73 296 149 331 Ann.
163 294 205 329 D.
260 301 426 334 Adventum
447 309 540 334 autem
565 302 667 335 Militis
688 303 791 344 vestri,
810 304 845 336 ad
866 304 1022 338 videndum
1038 307 1138 338 Filiam
1151 306 1275 338 nostram

75 343 188 411 E“1343‘5·
218 342 375 385 venientis,
394 342 474 372 avide
489 341 693 380 praestolamur.

111 386 139 403 U.
172 395 179 402 0

256 378 325 409 Dat.
350 390 378 409 in
399 379 488 411 Portu
512 380 672 420 Sandwici,
691 381 771 420 super
789 381 942 423 Progressu
965 382 1065 414 nostro
1079 383 1156 423 supra
1171 383 1274 423 Mare,

218 416 335 448 decimo
350 418 458 450 octavo
471 419 517 449 die
527 418 615 458 Junii.

249 541 309 575 Ad
327 545 472 591 Reginam
497 544 638 589 Castellae,
657 546 748 593 fhper
766 545 874 596 diffis,
899 549 934 585 ὠ*
955 548 1022 580 aliis
1042 545 1239 594 Sponfhlibus.

220 626 436 687 SEreniffimae
451 628 606 669 Dominae,
623 629 754 661 Castellae
768 630 801 662 &
816 631 948 662 Levionis
962 631 1084 673 Reginae
1103 631 1274 669 clariffimae,

277 664 500 706 Consanguineae
511 669 564 699 suae
579 668 742 706 cariffimae,
759 667 861 700 Edwar
883 681 932 709 ωε,
951 672 1011 702 &c.
1036 671 1160 702 felicium
1182 671 1274 700 incre-

258 742 422 774 Redeuntes
437 744 470 774 ad
486 754 556 782 nos,
574 744 679 774 Fideles
694 743 782 774 nostri
798 744 1021 784 Diletfftifflrater
1031 746 1175 785 Johannes
1191 745 1274 776 Prior

258 857 306 888 Ad
324 868 377 888 vos
391 881 400 896 ,
418 858 451 890 ὃς
464 882 475 896 ,
494 856 743 896 consanguineum
763 860 892 891 nostrum
912 860 1085 892 cariffimum
1100 886 1108 900 ,
1134 860 1275 892 Illustrem

220 895 268 940 Re
288 906 335 926 em
358 895 505 963 Cgi’cellae,
523 894 730 929 Conthoralem
752 897 895 937 vestrum,
914 900 943 929 in
964 899 1121 930 Nuncium
1143 900 1274 930 nostrum

241 945 264 965 rl
285 945 332 965 em
346 944 385 964 ml
410 945 419 965 l

219 944 239 972 P
257 972 413 1003 Honorem
427 956 580 1010 inagnum,
599 982 648 1010 per
665 973 871 1006 Sublimitatem
897 976 1018 1007 vestram
1041 977 1079 1006 eis
1099 976 1275 1015 impensum,

219 1021 251 1041 ac
268 1010 367 1041 efficax
381 1009 528 1047 auxilium,
545 1021 629 1048 penes
643 1011 751 1042 dietum
767 1012 973 1046 Conthoralem
989 1013 1131 1053 vestrum,
1150 1025 1204 1054 pro
1226 1024 1275 1045 ex-

219 1050 364 1088 peditione
382 1047 455 1078 felici
477 1047 622 1081 dictorum
643 1049 677 1080 N
681 1052 831 1083 unciorum
853 1053 976 1083 corditer
997 1053 1174 1091 appositum,
1191 1054 1275 1084 nobis

218 1087 327 1125 plenius
342 1085 525 1125 intimarunt,
543 1087 578 1118 de
594 1088 693 1126 quibus
708 1098 796 1128 grates
813 1091 896 1122 vobis
911 1090 1078 1122 exsolvimus
1091 1091 1233 1122 cordiales.

255 1124 292 1156 Et
307 1125 429 1155 innatam
443 1126 526 1156 vobis
540 1126 713 1165 bonitatem,
731 1138 814 1166 quae,
834 1129 910 1160 velut
925 1129 1120 1167 Unguentum
1136 1129 1274 1168 effusum,

217 1163 339 1202 gloriose
365 1163 471 1193 redolet
493 1164 527 1194 &
540 1164 660 1202 odorat,
675 1174 709 1195 ex
724 1166 812 1197 corde
825 1175 954 1206 rogantes
968 1169 1110 1206 quatinus,
1129 1176 1160 1199 ut
1174 1168 1276 1199 condi·

217 1203 263 1232 cta
278 1201 358 1240 super
375 1202 553 1240 Sponsalibus
567 1203 600 1233 &
615 1202 899 1243 Matrimonio,inter
912 1204 1138 1245 primogenitum
1151 1206 1275 1237 vestrum

217 1241 251 1271 δε
269 1239 366 1272 Filiam
380 1240 505 1272 nostram
520 1241 729 1280 contrahendis,
749 1243 871 1274 celerem
884 1245 917 1275 &
930 1253 1060 1282 optatum
1070 1245 1215 1276 sortiantur
1233 1245 1276 1275 ef-

216 1279 340 1317 fofitum,
359 1280 526 1310 continuare
540 1279 631 1311 velitis
644 1281 791 1318 inceptum
804 1281 950 1312 Auxilium
971 1283 1002 1320 (fi
1022 1283 1166 1321 placuerit)
1183 1284 1212 1314 in
1231 1283 1274 1316 fu-

218 1326 323 1348 turum.

254 1355 356 1395 Nam,
372 1355 438 1387 licet
456 1355 576 1387 Summa
597 1357 680 1394 petita
693 1366 747 1395 pro
761 1357 854 1396 Arris‚
872 1357 1047 1391 consideratis
1068 1359 1187 1391 Guerris
1209 1370 1276 1400 quas

220 1393 372 1434 habemus,
387 1394 470 1426 nobis
492 1395 524 1426 fit
545 1404 605 1424 non
628 1395 807 1426 mediocriter
824 1398 940 1429 onerosa
952 1421 962 1436 ,
979 1398 1028 1428 sub
1051 1398 1097 1436 spe
1116 1408 1210 1429 tamen
1231 1409 1276 1429 re·

220 1432 357 1463 miffionis
372 1434 451 1471 partis
466 1434 500 1463 &
514 1432 688 1471 prolixorum
704 1436 892 1466 terminorum
907 1435 1060 1466 Solutionis
1073 1437 1275 1477 habendarum,

218 1470 408 1502 consensimus
423 1471 530 1503 solvere
544 1470 654 1503 dietam
668 1472 836 1511 Summam,
855 1474 932 1512 cujus
946 1476 1166 1506 minorationem
1186 1476 1276 1508 velitis

220 1510 365 1548 (petimus)
383 1518 467 1546 prout
481 1509 641 1540 commode
654 1512 794 1552 poteritis,
812 1521 971 1550 procurare.

255 1547 310 1586 Et,
329 1558 388 1586 quo
402 1548 436 1578 ad
453 1548 690 1587 Matrimonium,
709 1550 780 1581 inter
790 1550 953 1595 Johannem
968 1551 1071 1582 Filium
1085 1551 1214 1583 nostrum
1230 1563 1278 1583 ca-

218 1585 377 1624 riffimum,
395 1587 429 1618 &
443 1586 579 1617 Sororem
593 1586 717 1618 vestram
732 1588 876 1627 inclitam,
893 1589 1007 1621 Illustris
1023 1590 1110 1629 Regis
1130 1591 1278 1631 Portugal—

218 1623 263 1654 liae
278 1624 396 1664 Filiam,
414 1624 642 1657 contrahendum
664 1626 711 1664 (de
735 1637 794 1665 quo
812 1627 881 1658 dieti
900 1627 936 1658 N
939 1629 1015 1659 uncii
1034 1629 1121 1658 nostri
1136 1630 1218 1659 nobis
1241 1637 1275 1659 ex

218 1670 296 1707 parte
311 1662 404 1694 vestra
418 1663 549 1695 secretius
568 1664 731 1705 tetigerunt)
752 1666 821 1696 scire
838 1665 906 1697 velit
919 1666 1009 1697 vestra
1023 1666 1174 1705 Sermiras,
1195 1667 1275 1711 quod

218 1711 248 1731 m
261 1701 340 1740 casu,
358 1712 435 1740 quo,
455 1701 572 1733 illustris
587 1700 818 1742 consanguineus
830 1703 942 1743 noster,
961 1704 1043 1736 Pater
1064 1704 1155 1736 vester
1176 1706 1279 1743 praedi-

218 1738 298 1778 etus,
316 1741 394 1779 cujus
409 1741 557 1778 notitiam,
576 1749 692 1779 propter
704 1742 876 1781 divulgatam
890 1753 938 1780 per
951 1743 1054 1774 orbem
1074 1744 1218 1781 probitatis
1242 1745 1276 1775 &

219 1777 352 1809 bonitatis
372 1778 453 1816 ips1us
471 1780 671 1819 eminentiam,
689 1780 845 1818 plurimum
867 1780 1050 1820 affectamus,
1067 1782 1216 1813 nobiscum
1231 1783 1276 1813 su-

220 1825 270 1855 per
289 1816 348 1848 hoc
369 1817 484 1848 tractare
506 1817 627 1848 voluerit
642 1840 653 1855 ,
676 1818 711 1848 δε
730 1818 811 1857 super
830 1819 889 1849 hoc
907 1820 990 1850 nobis
1009 1820 1027 1840 *Γ
1047 1820 1182 1858 scripserit
1205 1821 1277 1852 velle

219 1855 321 1923 suulrin‚
336 1855 559 1886 consideratione
574 1854 675 1895 vestri,
691 1866 744 1888 nos
766 1857 891 1890 inveniet
912 1858 947 1889 ad
966 1867 1032 1890 vota
1052 1858 1098 1889 sua
1112 1859 1276 1897 propensius

219 1903 266 1924 mc
288 1901 376 1925 natos.

258 1929 328 1962 Dat.
349 1932 379 1961 in
401 1930 491 1962 Portu
511 1931 668 1971 Sandwici,
689 1931 769 1970 super
793 1931 944 1974 Progreffu
964 1934 1064 1966 nostro
1083 1935 1161 1975 supra
1176 1935 1277 1976 Mare,

218 1967 335 2000 decimo
347 1969 453 2000 odtavo
467 1970 514 2000 die
521 1969 611 2008 Junii.

217 2106 279 2143 'Ad
302 2107 524 2143 cancellarium
547 2106 807 2202 praedibli‘stssegiii,
821 2112 913 2159 fhper
930 2114 1063 2161 prefatis
1081 2117 1218 2164 Negotiis
1224 2116 1277 2162 fe-

702 2170 773 2192 inan
796 2172 831 2194 Π.

223 2249 355 2310 REX,
367 2249 479 2296 'Nobili
494 2249 583 2288 Viro,
597 2250 723 2290 Johanni
735 2252 868 2297 Stephani
880 2253 916 2285 de
929 2253 1093 2302 Castellanis
1115 2255 1222 2296 Militi,
1240 2258 1278 2289 Il-

295 2290 385 2320 lustris
398 2290 491 2327 Regis
511 2289 642 2321 Castellae
663 2290 856 2330 Cancellano,
873 2293 981 2324 Amico
994 2294 1044 2325 suo
1059 2295 1182 2336 dilecto,
1200 2297 1280 2328 Salu-

221 2335 280 2359 tem
295 2329 329 2359 &
344 2328 540 2359 Dileecionem
556 2328 700 2360 sinceram.

259 2366 310 2397 De
325 2365 473 2405 Confiliis,
491 2367 625 2406 Auxiliis,
644 2368 677 2399 ὅς
692 2367 879 2409 Honoribus,

260 2405 376 2444 Qibus
392 2405 601 2436 Ambassatores
612 2405 738 2445 nostros,

260 2443 308 2474 Ad
323 2444 497 2481 praesentiam
512 2443 583 2475 disti
597 2444 684 2484 Regis
695 2445 843 2486 Castellae,
861 2445 1075 2485 consanguinei
1090 2450 1178 2482 nostri
1199 2453 1281 2482 caris-

221 2482 303 2521 fimi,
321 2492 375 2520 pro
388 2482 524 2514 Tractatu
538 2482 739 2522 Matrimonii,
758 2486 831 2516 inter
845 2484 1071 2525 Primogenitum
1087 2489 1166 2519 suum
1181 2491 1214 2521 δί
1227 2490 1281 2529 Jo-

222 2520 347 2552 hannam
357 2520 457 2552 Filiam
469 2520 597 2552 nostram
613 2521 780 2553 cariffimam
793 2524 995 2563 contrahendi,
1014 2527 1124 2564 pridem
1140 2528 1256 2567 missos,

258 2558 339 2590 Tam
352 2559 488 2591 benivole
503 2560 693 2606 praevfnistis,

259 2596 353 2627 Vobis
367 2597 470 2628 scimus
483 2599 585 2629 intime
601 2607 689 2638 grates
706 2600 810 2640 bonas,
827 2601 904 2632 &in
925 2602 1000 2633 votis
1022 2605 1146 2641 gerimus
1166 2612 1280 2643 propter

222 2635 282 2666 hoc
297 2643 404 2673 gratam
417 2636 500 2666 vobis
514 2637 606 2667 facere
621 2638 804 2675 repenfivam.

261 2673 300 2704 Et
319 2674 402 2711 quia,
421 2673 514 2703 audita
532 2673 666 2705 relatione
685 2676 832 2707 dictorum
856 2678 1106 2719 Ambassatorum,
1125 2682 1216 2719 petitis
1228 2691 1278 2720 per

223 2711 338 2742 dicitum
351 2712 477 2742 vestrum
493 2711 607 2750 Regem
621 2712 717 2752 (licet,
735 2715 787 2744 hiis
802 2715 976 2747 Guerrarum
992 2719 1150 2750 nostrarum
1168 2728 1282 2758 tempo-

225 2750 318 2787 ribus,
336 2749 484 2817 nobisdsmt
493 2750 651 2786 plurimum
666 2753 792 2789 oneross)
809 2752 860 2784 sub
872 2754 919 2793 spe
934 2756 1070 2787 uberioris
1083 2758 1283 2797 gratiae,duxi-

227 2797 291 2818 mus
304 2797 415 2818 annuen
438 2797 487 2817 um
496 2809 506 2825 ,

263 2825 302 2856 Et
325 2825 360 2855 ad
379 2825 584 2863 complendum
607 2826 641 2857 &
666 2826 834 2858 firmandum
859 2838 906 2867 ea,
921 2839 986 2867 quae
1008 2831 1046 2862 fic
1059 2834 1192 2864 condicta
1206 2835 1283 2874 sunt,

227 2863 336 2895 Fideles
357 2863 468 2894 nostros
490 2863 629 2902 dilectos,
647 2864 846 2896 Venerabilem
868 2866 980 2898 Patrem
995 2892 1005 2907 ‚
1025 2870 1144 2901 Petrum
1165 2872 1284 2910 Episco-

227 2912 297 2971 gum
317 2902 452 2940 Baionae,
471 2902 506 2932 &
520 2925 530 2940 ,
548 2902 696 2933 discretum
715 2903 817 2934 Virum
831 2929 840 2942 ,
869 2905 1042 2945 Magistrum
1065 2908 1226 2940 Gerardum
1247 2911 1284 2942 de

254 2940 343 2979 odio,
359 2941 393 2971 ad
408 2940 489 2978 ipfius
504 2940 593 2978 Regis
608 2941 871 2981 praesentiam,cum
885 2944 1028 2976 Potestate
1040 2946 1285 2987 sufficienti,prae-

227 2979 352 3011 vidimus
365 2978 542 3010 destinandos
551 3003 560 3017 ,

264 3016 364 3048 Velitis
384 3017 456 3055 ipsos
477 3017 628 3055 specialiter
649 3019 896 3050 recommendatos
917 3021 1036 3061 habere,
1054 3024 1104 3062 δε,
1121 3033 1152 3055 ut
1171 3024 1282 3057 distum

226 3055 391 3094 Negotium
404 3055 490 3086 finem
505 3055 618 3086 felicem
633 3057 667 3088 &
683 3057 817 3087 festinum
833 3059 955 3089 inveniat
987 3071 1076 3098 opem
1091 3063 1171 3092 ferre.

265 3094 334 3125 Dat.
350 3096 380 3124 in
395 3093 486 3138 Portu
499 3094 659 3138 Sandwici,
676 3096 756 3133 super
770 3095 897 3134 Passagio
914 3083 1012 3129 nolito
1026 3101 1104 3138 supra
1119 3101 1221 3141 Mare,
1235 3101 1285 3133 de-

227 3133 308 3163 cimo
321 3133 428 3163 octavo
441 3133 486 3163 die
496 3132 581 3172 Junn.

364 3270 422 3305 Ad
438 3269 614 3316 Johannem
636 3271 772 3317 Alfonst,
789 3272 878 3319 sitper
893 3275 1042 3321 Succurfh
1058 3273 1166 3310 oblato.

85 3381 162 3414 Ann-
173 3380 215 3412 D·
231 3363 369 3422 REX,
386 3363 492 3395 Nobili
507 3363 595 3403 Viro,
608 3364 732 3402 johanni
749 3366 858 3399 Alfonfi
871 3368 907 3399 de
921 3369 999 3400 Bona
1012 3370 1078 3402 Vita
1086 3395 1096 3410 ‚
1115 3371 1223 3403 Amico
1237 3372 1286 3405 suo

84 3429 198 3494 Mt:

86 3503 114 3525 ε.
135 3507 161 3534 3-

86 3536 191 3565 Ibidem.

307 3402 430 3440 dileCio,
449 3402 572 3433 Salutem
589 3402 623 3434 &
638 3403 834 3436 Dileffionem
847 3406 992 3438 finceram.

266 3440 429 3471 Redeunt&
442 3441 477 3471 ad
492 3451 544 3471 nos
560 3440 770 3473 Ambaffarores
783 3443 890 3483 nostri,

269 3479 317 3510 Ad
337 3478 525 3516 praesentiam,
544 3479 694 3516 Magnifici
717 3480 875 3521 Principis,
895 3482 1020 3515 Domini
1035 3485 1126 3524 Regis
1140 3485 1285 3526 Castellae,

232 3517 445 3554 Consanguinei
457 3517 544 3547 nostri
557 3517 687 3548 cariffimi
696 3540 706 3556 ,
723 3519 833 3556 pridem
844 3520 917 3551 miffi
926 3544 936 3560 ,

268 3556 419 3586 sincerum
438 3555 577 3586 affectum
592 3579 602 3594 ,
620 3565 707 3594 quem
726 3557 760 3587 ad
777 3567 830 3588 nos
852 3558 999 3591 Nobilitas
1020 3560 1113 3592 vestra
1133 3564 1203 3601 gerit
1216 3585 1225 3600 ,
1250 3564 1284 3594 ὃς

228 3594 348 3633 qualiter
362 3593 397 3624 ad
411 3594 604 3632 veniendum,
621 3596 651 3625 in
666 3595 835 3626 Succursum
847 3597 994 3637 nostrum,
1012 3608 1080 3629 cum
1099 3599 1286 3632 Armatorum

229 3632 408 3663 multitudine
430 3632 564 3670 copiosa,
581 3633 718 3669 optulistis
737 3634 797 3665 tim
820 3635 954 3666 benivole
971 3647 1024 3667 vos
1046 3646 1171 3677 paratos,
1188 3640 1288 3678 nobis,

230 3672 301 3701 inter
315 3671 380 3709 alia,
398 3670 565 3708 retulerunt,
587 3669 624 3701 de
639 3681 697 3709 quo
710 3672 792 3702 vobis
805 3681 895 3713 grates
909 3674 1052 3705 referimus
1067 3677 1205 3713 speciales.

268 3708 306 3739 Et
321 3708 416 3740 revera
431 3709 529 3739 libenti
544 3709 699 3739 faceremus
713 3711 810 3741 animo
821 3721 886 3749 quae
901 3713 984 3743 vobis
995 3713 1157 3745 sciverimus
1169 3716 1289 3753 placitu-

230 3758 277 3785 ra,
294 3748 322 3777 in
334 3748 435 3786 quibus
449 3757 500 3778 nos
513 3747 602 3778 velitis
617 3747 780 3778 fiducialiter
796 3751 928 3787 experiri,
947 3752 996 3788 &‚
1016 3762 1065 3789 per
1081 3752 1138 3783 Dei
1153 3755 1269 3790 gratiam
1279 3779 1289 3793 ,

229 3786 367 3816 habebitis
378 3787 407 3816 in
423 3786 555 3823 proximo
565 3785 602 3815 de
615 3785 766 3824 Progreffu
779 3787 879 3819 nostro
894 3788 984 3819 Nova
997 3790 1130 3828 placentia
1139 3813 1148 3829 ‚
1167 3792 1201 3823 ad
1210 3803 1289 3831 mag-

230 3833 302 3854 num
314 3824 401 3856 vestri
414 3824 630 3854 &Amicorum
644 3824 810 3856 nostrorum
824 3826 959 3864 gaudium
973 3828 1007 3859 &
1024 3828 1157 3860 solamen.

269 3861 337 3893 Dat.
358 3864 387 3893 in
408 3860 499 3893 Portu
521 3862 678 3902 Sandwici,
695 3863 776 3901 super
796 3863 949 3904 Progressu
972 3865 1072 3898 nostro
1091 3867 1171 3906 supra
1187 3867 1288 3908 Mare,

229 3898 347 3931 decimo
359 3900 464 3934 octavo
477 3900 523 3931 die
536 3899 623 3939 Junii.

1330 220 1363 261 P
1404 223 1444 264 U
1489 224 1522 264 B
1559 225 1593 265 L
1629 225 1648 265 I
1687 227 1725 267 C
1762 222 1814 269 Α.
2307 236 2382 273 181

2386 345 2461 377 Ann.
2476 346 2520 379 DJ

1372 395 1616 428 Procuratorium
1629 424 1638 440 ‚
1660 398 1750 444 sinper
1772 402 1873 448 Ltgis,
1898 405 1934 439 (ᾗ
1954 400 2140 447 Sponstzlibus
2156 403 2321 438 antediciiis.
2386 394 2499 460 ΕΛῙΊΪἛ

1320 480 1439 534 REX
1459 482 1618 523 Universis,
1636 486 1781 523 praesentes
1796 488 1902 520 Literas
1912 490 2086 529 inspecturis,
2105 491 2236 523 Salutem.
2383 499 2435 525 An.
2456 506 2500 533 ¹9·

1416 519 1564 552 Noveritis
1577 524 1655 561 quod
1672 534 1740 562 nos,
2383 539 2413 562 Ε.
2436 545 2461 571 3.

1330 592 1334 597 ⁴
1354 555 1404 587 De
1420 557 1562 590 Fidelitate
1578 563 1610 592 ὃς
1624 561 1888 603 Circumspeffione
1900 565 2034 603 providi,
2044 565 2225 598 Dilectorum
2239 570 2271 601 ὃς
2287 569 2369 601 Fide·
2386 573 2488 600 Ibidem„

1317 590 1569 639 llum-nostrorum
1585 624 1595 637 ,
1621 602 1764 631 reverendi
1784 602 1870 633 Patris
1884 626 1894 641 ‚
1925 603 1999 634 Petri
2021 604 2154 646 Episcopi
2174 606 2287 638 Baionae
2302 633 2312 646 ,
2337 610 2370 640 ὅ(
2387 621 2423 639 m.
2443 620 2471 645 9,

1317 630 1447 698 {Magistri
1463 633 1583 666 Gerardi
1594 637 1630 668 de
1645 638 1755 679 Podio,
1770 640 1875 679 Judicis
1890 641 2076 681 Burdegaliae,
2095 644 2202 682 plenius
2224 646 2371 678 confiden-

1330 680 1373 707 es,

1354 707 1628 753 Ipsostconjunfflrn
1642 738 1651 752 ,
1679 716 1713 746 ὃς
1735 715 1844 745 divilim
1860 740 1869 754 ,
1894 717 2030 748 Nuncios
2047 720 2080 750 ὃς
2103 719 2303 752 Procuratores
2323 723 2369 754 seu

1317 745 1536 779 Commiffarios
1556 751 1669 782 nostros
1691 755 1890 785 constituimus
1911 755 2061 794 speciales,
2081 758 2115 787 ad
2136 760 2312 790 tractandum
2335 763 2369 792 ὅ(

1319 787 1554 829 concordandum
1577 800 1630 828 pro
1652 792 1751 829 nobiS,
1767 793 1799 822 ὃς
1818 792 1917 824 nostro
1939 796 2058 824 nomine
2071 819 2080 833 ,
2098 805 2166 825 cum
2181 821 2190 834 ,
2210 797 2370 830 Maonifico

1317 821 1617 869 Principe,·Domino
1638 828 1774 867 Alfonso,
1793 829 1852 861 Dei
1872 832 1976 870 gratia,
1996 831 2125 863 Castellae
2147 834 2229 874 Rege
2251 821 2370 876 ffiustri,

1316 859 1537 906 Consanguineo
1557 866 1656 896 nostro
1677 867 1836 906 cariffimo,
1853 869 1898 899 seu
1922 868 2098 908 Deputandis
2120 882 2168 909 per
2186 883 2251 903 eum
2265 897 2274 913 ,
2292 875 2371 913 super

1316 898 1496 936 sponsalibus
1517 903 1550 933 ἃ
1572 904 1780 944 Matrimonio,
1798 908 1870 937 inter
1891 907 2121 945 Primogenitum
2143 910 2212 942 dieti
2230 911 2318 951 Regis
2336 914 2370 944 ὃς

1314 937 1475 975 Johannam
1492 940 1590 971 Filiam
1606 943 1730 973 nostram
1744 945 1912 975 cariffimam
1926 947 2138 986 contrahendis,

1356 975 1392 1020 Et
1407 977 1486 1015 super
1500 978 1580 1010 Dore
1594 981 1627 1011 ὃς
1642 981 1799 1020 Dotalitio‚
1818 994 1851 1014 ac
1867 983 2047 1022 Donatione,
2064 995 2179 1024 propter
2192 987 2370 1027 Nuptias,&

1318 1013 1394 1045 Arris
1409 1016 1437 1045 in
1452 1016 1504 1046 hac
1520 1026 1595 1055 parte
1608 1019 1825 1060 constituendis,
1842 1022 1937 1052 dandis
1951 1024 1985 1054 &
1999 1023 2046 1053 affi
2069 1025 2180 1063 nandis,

1356 1053 1374 1072 '¹‘
1395 1053 1525 1097 Necnon
1540 1055 1576 1085 de
1591 1056 1735 1088 Terminis
1747 1059 1902 1091 Solutionis
1916 1061 2046 1099 hujusmo
2068 1064 2075 1092 i
2089 1062 2254 1103 statuendis,

1355 1091 1400 1122 Ac
1425 1100 1509 1123 etiam
1528 1093 1606 1131 super
1629 1095 1708 1134 Ligis
1730 1098 1763 1128 ὃς
1777 1097 1918 1129 Amicitiis
1929 1101 2081 1138 perpetuis,
2100 1102 2173 1139 inter
2185 1101 2295 1132 dicium
2310 1102 2370 1134 Re—

1337 1138 1402 1167 em,
1419 1139 1471 1174 pro
1486 1131 1529 1168 se,
1547 1132 1581 1162 ὃ(
1595 1132 1767 1164 Haeredibus
1781 1136 1848 1173 suis,
1867 1146 1899 1167 ac
1917 1147 1987 1176 nos,
2004 1148 2057 1176 pro
2070 1140 2170 1177 nobis,
2189 1141 2221 1170 &
2238 1140 2370 1172 Haeredi-

1333 1177 1368 1211 *us
1383 1167 1501 1212 nostris,
1521 1170 1566 1213 vel
1579 1171 1673 1201 saltem
1688 1173 1760 1202 inter
1773 1174 1864 1210 ipsum
1880 1176 1913 1205 &
1926 1186 1978 1206 nos
1992 1187 2045 1213 pro
2060 1185 2192 1215 tempore
2214 1189 2272 1216 quo
2294 1181 2371 1210 vixe-

1316 1215 1419 1273 ἕψω,
1429 1207 1580 1276 &effi-'⁶³¹⁵'
1596 1210 1630 1240 ὅ(
1646 1211 1750 1241 mutuis
1764 1211 1879 1242 Auxiliis
1892 1222 1992 1244 contra
2007 1224 2107 1245 omnes
2124 1215 2233 1247 Gentes
2247 1218 2314 1248 hinc
2326 1219 2371 1249 in-

1338 1255 1355 1275 e
1371 1254 1428 1283 prae
1454 1255 1489 1275 an
1510 1256 1548 1284 is,

1354 1282 1400 1326 Ac
1414 1293 1459 1320 ea,
1475 1293 1537 1321 quae
1552 1284 1589 1315 fic
1605 1285 1739 1318 Traetata
1751 1288 1784 1318 &
1799 1286 1982 1320 Concordata
1995 1290 2114 1327 fuerint,
2132 1301 2314 1331 quacumque
2329 1293 2370 1324 se-

1315 1330 1432 1352 curitate
1445 1321 1630 1362 firmandum,
1646 1325 1680 1355 δε
1695 1326 1728 1355 ad
1742 1326 1967 1357 observationem
1988 1330 2157 1360 eorumdem
2182 1333 2210 1360 in
2235 1331 2370 1362 Animam

1315 1358 1439 1390 nostram
1449 1360 1606 1397 Jurandum
1615 1385 1625 1400 ,
1640 1372 1674 1394 ac
1688 1363 1756 1394 Nos
1769 1365 1804 1395 &
1817 1365 1956 1396 Haeredes
1971 1367 2098 1406 nostros,
2116 1378 2250 1405 quatenus
2262 1370 2296 1400 ad
2318 1380 2372 1400 nos

1316 1398 1429 1435 attinet,
1446 1399 1651 1440 obligandum,

1353 1435 1391 1466 Et
1412 1436 1624 1476 obligationem
1645 1449 1678 1470 ac
1699 1439 1900 1480 Securitatem,
1919 1452 1985 1481 quae
2000 1444 2081 1474 nobis
2095 1443 2154 1474 fieri
2167 1444 2287 1476 debeant
2323 1445 2371 1476 sti-

1315 1473 1468 1511 pulandum
1487 1477 1521 1506 &
1541 1477 1750 1516 recipiendum,
1770 1481 1804 1510 &
1824 1482 1922 1511 onmia
1940 1481 1990 1511 alia
2013 1483 2046 1512 &
2068 1482 2172 1521 singula
2192 1470 2373 1522 faciendum,

1316 1521 1381 1550 quae
1399 1514 1458 1543 tarn
1479 1524 1533 1552 pro
1553 1515 1636 1546 dicto
1657 1514 1793 1548 Tractatu
1818 1517 1996 1555 Sponsalium
2014 1521 2047 1551 &
2069 1520 2266 1559 Matrimonii,
2285 1523 2371 1559 quam

1316 1560 1369 1588 pro
1385 1550 1468 1581 dietis
1488 1553 1563 1592 Ligis
1582 1555 1615 1585 δε
1635 1554 1776 1586 Amicitiis
1798 1557 1941 1595 ineundis,
1958 1567 2100 1596 oportuna
2113 1559 2231 1598 fuerint,
2248 1560 2330 1590 etiam
2351 1561 2372 1590 si

1319 1587 1488 1621 Mandatum
1503 1593 1613 1631 exigant
1624 1592 1756 1632 speciale,

1356 1627 1554 1660 Promittentes
1566 1640 1619 1668 pro
1632 1631 1745 1670 Nobis,
1761 1633 1795 1663 &
1811 1632 1982 1664 Haeredibus
1995 1633 2113 1674 nostris,
2134 1635 2202 1666 Nos
2213 1636 2322 1667 Rarum
2339 1637 2373 1668 δε

1317 1663 1440 1697 Gratum
1459 1667 1603 1699 habituros
1619 1671 1753 1708 quicquid
1766 1680 1815 1707 per
1828 1671 1919 1701 dictos
1935 1672 2086 1711 Nuncios,
2104 1674 2152 1703 seu
2173 1674 2372 1706 Procuratores

1317 1704 1443 1742 nostros,
1461 1707 1506 1737 vel
1520 1716 1621 1738 eorum
1634 1707 1767 1746 alterum,
1782 1709 1891 1740 Actum
1905 1710 1951 1742 vel
1965 1710 2091 1742 Gestum
2105 1712 2227 1743 fueritin
2241 1714 2369 1751 praemis-

1317 1742 1365 1781 fis,
1383 1743 1416 1773 &
1431 1744 1558 1781 quolibet
1570 1746 1790 1783 praemifforum.

1392 1780 1425 1811 In
1441 1783 1536 1821 cujus,
1553 1783 1615 1815 ὅτε.

1356 1818 1423 1887 1Dat.
1436 1822 1474 1889 gn
1491 1821 1583 1898 'Portu
1607 1821 1747 1855 Sandwici
1770 1822 1848 1862 super
1861 1823 1990 1863 Paffigio
2007 1825 2107 1857 nostro
2119 1826 2196 1865 supra
2212 1826 2313 1866 Mare,
2331 1828 2374 1860 vi-

1318 1866 1354 1887 ce
1365 1867 1425 1888 imo
1458 1869 1482 1889 te
1513 1870 1579 1890 unu.

2387 1079 2407 1100 '¹‘
2417 1081 2519 1119 V.464‚

1351 1981 1410 2017 Ad
1426 1981 1649 2030 Ambaffitorcs
1665 1988 1697 2018 in
1717 1988 1843 2033 Negatio
1858 1987 2013 2033 prataria,
2036 1987 2074 2021 de
2090 1986 2345 2031 lustrationibus.

1322 2067 1457 2124 REX,
1476 2067 1637 2099 Venerabili
1650 2069 1679 2098 in
1694 2068 1812 2100 Christo
1826 2070 1916 2109 Patri,
1932 2069 1967 2102 P.
1986 2071 2086 2104 eadem
2108 2074 2211 2112 gratia,
2230 2073 2374 2113 Episcopo
2395 2077 2471 2109 Ann.
2485 2075 2529 2109 DJ

1343 2144 1347 2149 ι
1401 2107 1528 2145 Baionae,
1545 2117 1597 2146 ac,
1615 2106 1702 2138 Fideli
1717 2107 1817 2139 nostro
1831 2109 1952 2148 dilecto,
1970 2110 2110 2152 Magistro
2122 2112 2253 2144 Gerardo
2266 2113 2303 2144 de
2317 2113 2376 2144 Po-
2420 2124 2505 2157 1345.

1320 2142 1386 2183 dio,
1403 2146 1537 2176 Salutem.
2395 2159 2448 2184 An.
2470 2162 2514 2190 194

1358 2183 1557 2222 Relationem,
1572 2183 1752 2215 Dilectorum
1767 2186 1800 2217 ὅτ.
1815 2185 1953 2217 Fidelium
1968 2187 2256 2228 nostrorum,Fratris
2268 2188 2377 2227 Johan·
2395 2199 2425 2222 Ε.
2447 2204 2474 2231 3.

1319 2221 1361 2251 nis
1376 2221 1483 2253 Prioris
1495 2221 1656 2261 Roffenfis,
1674 2224 1709 2254 ὅτ.
1721 2223 1872 2254 Willielmi
1883 2224 1998 2256 Truffel
2020 2226 2140 2266 Militis,
2158 2228 2236 2265 super
2256 2229 2378 2260 Tracta-
2400 2234 2506 2262 Ibidem:

1319 2268 1370 2299 tu,
1388 2271 1437 2298 per
1458 2271 1510 2292 vos
1532 2262 1565 2292 &
1580 2271 1646 2300 eos,
1664 2271 1749 2299 cum,
1767 2261 1984 2302 Consanguineo
1998 2264 2098 2296 nostro
2112 2266 2271 2304 cariffimo,
2290 2266 2378 2306 Rege

1321 2297 1452 2330 Castellae
1466 2300 1618 2338 inchoato,
1637 2300 1706 2330 sicut
1717 2300 1790 2331 scitis
1821 2301 1977 2333 andivimus
1992 2304 2027 2334 &
2039 2304 2206 2336 attendimus
2220 2305 2378 2345 diligenter,

1320 2338 1355 2368 &
1377 2339 1470 2376 primo
1493 2338 1529 2368 de
1550 2339 1631 2368 bono
1643 2337 1736 2369 Gestu
1751 2324 1845 2370 vestro
1860 2340 1889 2369 in
1903 2340 2041 2372 Tra&atu
2055 2342 2193 2386 praedioto
2207 2343 2241 2374 &
2258 2344 2379 2376 Labori-

1320 2375 1391 2414 bus,
1409 2386 1481 2414 quos
1493 2376 1607 2407 subiistis
1620 2377 1648 2407 in
1665 2377 1717 2407 hac
1732 2386 1824 2416 parte,
1842 2378 1925 2409 vobis
1937 2379 2038 2410 scimus
2052 2382 2154 2411 intime
2170 2390 2260 2421 grates
2277 2383 2378 2422 bonas;

1321 2415 1355 2445 &
1378 2417 1460 2453 quia,
1478 2414 1570 2446 habita
1589 2414 1667 2452 super
1684 2415 1762 2446 dieta
1781 2416 1932 2447 Relatione
1946 2417 2146 2450 deliberatione
2158 2421 2296 2467 pleniori,
2313 2421 2380 2453 licet

1321 2452 1428 2483 summa
1452 2453 1558 2491 Petita,
1574 2454 1692 2484 nomine
1711 2454 1861 2493 Arrarum,
1881 2465 1934 2493 pto
1949 2456 2081 2495 Johanna
2103 2457 2171 2488 Filia
2189 2458 2301 2497 nostra,
2320 2468 2379 2491 tra-

1321 2490 1413 2522 denda
1433 2493 1532 2530 nuptui
1554 2491 1748 2531 Primogenito
1768 2492 1837 2523 dieti
1861 2493 1963 2533 Regis,
1981 2494 2109 2526 videatur
2124 2497 2207 2527 nobis
2221 2497 2378 2535 plurimum

1322 2530 1455 2568 onerosa,
1473 2530 1522 2561 sub
1541 2529 1586 2568 spe
1607 2538 1702 2560 tamen
1722 2531 1846 2570 gratiosae
1861 2532 2027 2563 remissionis
2040 2535 2123 2571 partis
2136 2534 2219 2565 dieiae
2236 2536 2379 2581 Summae,

1322 2569 1357 2599 &
1376 2567 1582 2599 Terminorum
1603 2568 1757 2600 Solutionis
1779 2570 1956 2607 prolixorum
1968 2594 1978 2609 ,
2003 2572 2037 2602 δε
2056 2581 2170 2610 propter
2191 2572 2378 2605 affeffionem

1322 2616 1409 2644 quam
1431 2607 1466 2637 ad
1489 2606 1636 2645 personam
1656 2607 1726 2638 dieti
1744 2607 1831 2646 Regis
1853 2608 2004 2647 habemus,
2024 2610 2128 2641 Foedus
2141 2614 2265 2642 omnino
2277 2613 2379 2643 habere

1323 2645 1457 2675 volumus
1471 2655 1540 2676 cum
1553 2645 1673 2684 eodem,
1691 2646 1724 2676 &
1738 2645 1817 2684 super
1829 2647 1903 2685 hoc,
1921 2647 2028 2678 nostras
2043 2649 2093 2678 fibi
2107 2648 2251 2680 scribimus
2261 2649 2379 2681 Litteras

1322 2682 1466 2721 speciales,
1487 2693 1604 2722 quarum
1618 2683 1819 2721 Copiam‚un*a
1835 2695 1902 2715 cum
1917 2685 2018 2724 Copiis
2032 2686 2188 2718 Literarum
2201 2687 2379 2727 nostrarum,

1323 2720 1464 2752 Dominae
1587 2721 1707 2762 Reginae
1728 2721 1877 2761 Castellae,
1898 2723 2038 2754 Dominae
2057 2725 2209 2756 Allianorae
2231 2726 2378 2765 Gysman,

1323 2770 1374 2798 ac,
1394 2759 1551 2790 Nobilibus
1567 2759 1641 2790 Viris
1655 2760 1806 2799 Dominis,
1821 2761 1945 2799 Johanni
1960 2762 2069 2794 Alfonfi
2084 2763 2120 2794 de
2133 2764 2314 2803 Albuquerq,
2324 2765 2378 2804 Jo-

1323 2799 1409 2829 hanni
1429 2798 1539 2828 Alfonfi
1560 2798 1596 2828 de
1617 2798 1696 2829 Bona
1717 2799 1797 2836 Vita,
1814 2801 1847 2831 &
1864 2799 1988 2838 Johanni
2002 2800 2133 2839 Stephani
2148 2802 2184 2832 de
2199 2802 2380 2842 Castellanis,

1323 2837 1394 2867 dieti
1410 2836 1498 2876 Regis
1511 2835 1702 2874 Cancessarto,
1720 2837 1951 2877 transmiffarum,
1969 2839 2050 2869 vobis
2063 2841 2200 2871 mittimus
2211 2841 2265 2872 hiis
2285 2842 2378 2873 inclu-

1324 2875 1398 2913 sam,
1416 2875 1452 2904 de
1474 2874 1570 2905 vestris
1590 2874 1756 2905 Dilectione
1773 2877 1808 2907 ὅτ
1821 2876 2086 2914 Circumspeetione
2098 2879 2218 2917 provida
2232 2880 2380 2911 confiden-

1324 2922 1383 2951 tes,
1400 2913 1535 2943 mittimus
1553 2914 1636 2943 vobis
1655 2911 1897 2945 Commiffionem
1918 2915 2061 2955 nostram,
2076 2918 2111 2947 ad
2133 2917 2243 2948 dietum
2256 2918 2378 2949 Tracta-

1324 2959 1386 2981 tum
1402 2950 1627 2990 terminandum,
1643 2960 1726 2988 prout
1734 2953 1833 2986 melius
1847 2953 1976 2990 expedire
1988 2955 2126 2993 videritis,
2143 2956 2176 2987 ὅτ
2190 2956 2377 2995 firmandum,

1364 2989 1581 3028 Qamobrem,
1600 2989 1750 3028 specialiter
1764 3001 1814 3021 vos
1829 3001 1977 3031 rogamus,
1993 2994 2137 3031 quatinus,
2155 2995 2225 3025 cum
2245 2995 2313 3025 alios
2333 2995 2379 3026 so-

1324 3028 1451 3066 lempnes
1473 3027 1622 3065 Nuncios,
1638 3028 1696 3064 jam
1717 3037 1793 3059 extra
1815 3029 1948 3069 Regnum
1964 3031 2094 3062 nostrum
2113 3032 2224 3069 Angliae
2239 3057 2248 3071 ,
2266 3034 2379 3064 mittere

1325 3066 1481 3097 commode
1498 3075 1556 3096 non
1580 3066 1730 3103 poffimus,
1747 3067 1852 3107 velitis,
1870 3068 1939 3099 ficut
1959 3069 1994 3099 de
2013 3071 2094 3100 vobis
2113 3070 2299 3109 confidimus,
2317 3073 2379 3102 abs-

1326 3115 1382 3142 que
1394 3104 1554 3142 cujusquam
1568 3105 1748 3135 excusationis
1759 3106 1861 3144 obice,
1878 3117 1951 3137 onus
1962 3108 2134 3139 &laborem
2149 3109 2308 3147 hujusmodi
2316 3120 2378 3141 ver-

1322 3144 1368 3173 sus
1387 3143 1496 3173 dictum
1518 3142 1632 3181 Regem
1653 3142 1748 3173 statim
1762 3144 1917 3183 affumere,
1934 3146 1972 3177 ita
1986 3146 2082 3184 quod,
2103 3146 2136 3176 ad
2149 3157 2215 3177 eum
2229 3150 2378 3179 omnimo-

1324 3180 1364 3211 do
1378 3205 1387 3218 ,
1413 3182 1480 3211 citra
1503 3180 1619 3211 Festum
1638 3180 1845 3219 Assumptionis
1866 3184 1952 3213 beatae
1975 3183 2076 3214 Mariae
2097 3185 2222 3223 Virginis
2242 3187 2377 3222 proximo

1326 3218 1467 3256 futurum,
1485 3218 1518 3248 ad
1540 3219 1640 3249 Finem
1661 3219 1844 3252 defideratum
1859 3245 1869 3259 ,
1885 3222 1966 3252 dieto
1986 3222 2121 3260 Negotio
2136 3247 2146 3261 ,
2165 3234 2214 3261 per
2237 3224 2295 3255 Dei
2315 3234 2378 3264 gra-

1326 3258 1412 3295 tiam,
1429 3257 1546 3288 feliciter
1559 3258 1783 3298 imponendum,
1802 3269 1872 3297 quos
1889 3270 1941 3290 vos
1954 3260 2047 3290 facere
2060 3261 2179 3292 velimus
2193 3263 2303 3292 meliori
2313 3273 2378 3293 mo-

1326 3295 1384 3334 do,
1400 3305 1460 3334 quo
1478 3296 1618 3334 poteritis,
1637 3296 1688 3326 ista
1709 3298 1788 3336 vice,
1806 3299 1840 3328 &
1859 3307 1912 3334 pro
1927 3299 2116 3330 minoratione
2130 3299 2216 3330 dietae
2229 3300 2376 3339 Summae,

1327 3335 1361 3365 &
1384 3334 1497 3371 prolixis
1518 3333 1602 3364 diecae
1622 3334 1774 3365 Solutionis
1789 3335 1948 3374 Terminis,
1965 3337 2000 3367 &
2015 3346 2068 3375 pro
2081 3337 2161 3369 Dote
2174 3338 2267 3377 bona,
2285 3339 2379 3370 eidem

1327 3371 1406 3402 Filiae
1425 3372 1545 3409 nostrae,
1563 3372 1596 3402 &
1615 3372 1664 3402 sub
1685 3373 1767 3403 bonis
1787 3373 2016 3413 conditionibus,
2035 3376 2151 3406 &locis
2164 3377 2378 3416 accommodis,

1326 3409 1372 3441 ass
1414 3409 1503 3448 anda,
1521 3418 1657 3447 quantum
1678 3413 1803 3450 poteritis
1825 3412 1973 3451 laboretis,
1991 3414 2025 3444 &
2040 3413 2081 3444 est
2099 3414 2206 3451 semper
2218 3416 2380 3446 intentionis

1327 3459 1367 3478 no
1394 3458 1448 3487 rae,
1465 3448 1562 3485 quod,
1578 3458 1628 3487 per
1650 3449 1814 3488 praesentem
1832 3449 2002 3482 Tractatum
2015 3476 2024 3489 ,
2043 3452 2114 3483 inter
2135 3452 2244 3483 dictum
2265 3453 2379 3493 Regem

1327 3488 1361 3518 ὅ(
1376 3486 1460 3524 Nos,
1478 3486 1512 3516 &
1534 3486 1649 3516 Domos
1669 3486 1777 3517 nostras
1796 3487 1900 3525 Regias
1919 3492 2074 3528 perpetuo,
2092 3490 2137 3521 vel
2150 3490 2185 3521 ad
2198 3500 2326 3531 tempuS,
2344 3493 2380 3524 de

1327 3524 1488 3562 praestandis
1503 3525 1607 3555 mutuis
1620 3525 1752 3564 Auxiliis,
1772 3525 1852 3565 Ligae
1866 3526 1947 3558 fiant·

1366 3562 1509 3593 Volumus
1533 3564 1615 3593 etiam
1637 3563 1736 3602 quod,
1754 3564 1824 3595 curn
1844 3564 1921 3595 diota
1934 3551 2064 3596 bomin&
2078 3565 2191 3603 Regina
2205 3567 2235 3598 lo
2257 3569 2381 3607 uamini,

1328 3601 1422 3640 quod,
1439 3600 1662 3632 consideratione
1673 3601 1729 3640 sui,
1746 3602 1863 3632 libenter
1877 3604 1994 3634 tractare
2007 3605 2138 3635 volumus
2154 3615 2222 3635 cum
2267 3607 2381 3645 omino,

1328 3639 1410 3669 Patre
1430 3639 1480 3670 suo
1500 3638 1601 3669 Illustri
1614 3662 1624 3678 ,
1642 3639 1725 3678 Rege
1745 3640 1922 3673 Portugalliae
1935 3665 1945 3680 ,
1973 3642 2051 3679 super
2072 3642 2263 3675 Matrimonio
2277 3667 2287 3683 ,
2309 3645 2382 3676 inter

1324 3677 1486 3716 johannem
1500 3677 1603 3707 Filium
1617 3677 1765 3716 nostrum,
1782 3679 1816 3710 &
1833 3679 1932 3710 Filiam
1951 3678 2020 3710 diffi
2041 3680 2149 3719 Regis,
2169 3683 2382 3722 contrahendo,

1329 3716 1349 3746 si
1363 3716 1441 3755 super
1457 3716 1515 3745 hoc
1527 3715 1603 3746 idem
1617 3715 1682 3746 Rex
1696 3726 1748 3746 nos
1762 3718 1898 3754 requirat·
1921 3719 2048 3754 poteritis
2068 3721 2150 3749 etiarn
2167 3720 2277 3758 dicere,
2295 3721 2381 3753 dictae

1330 3754 1469 3784 Dominae
1483 3754 1638 3792 Alianorae,
1657 3754 1755 3792 quod,
1770 3755 1811 3785 ob
1823 3741 2010 3787 affefftionem
2025 3765 2111 3794 quam
2125 3757 2160 3788 ad
2172 3768 2224 3788 nos
2236 3759 2337 3798 habet,
2351 3769 2384 3792 ut

1329 3792 1507 3830 audivimus,
1525 3792 1680 3822 faceremus
1694 3792 1813 3823 libenter
1826 3803 1892 3831 quae
1912 3794 1962 3824 fibi
1981 3794 2143 3826 sciverimus
2163 3797 2312 3837 placitura,
2329 3799 2383 3837 &,

1330 3830 1351 3860 fi
1366 3830 1446 3861 nobis
1460 3831 1581 3861 mitteret
1595 3831 1716 3868 aliquem
1731 3831 1767 3861 de
1781 3830 1855 3862 Filiis
1864 3856 1873 3870 ,
1891 3831 1961 3862 dieti
1974 3832 2062 3872 Regis
2075 3834 2108 3864 &
2122 3834 2172 3864 suis
2181 3859 2190 3873 ,
2208 3834 2385 3875 Consangui-

1331 3869 1389 3898 neis
1412 3867 1514 3898 nostris
1532 3891 1541 3906 ,
1564 3868 1643 3898 illum
1666 3869 1727 3899 laete
1747 3870 1913 3907 recipiemus
1925 3892 1936 3908 ,
1958 3881 2027 3901 cum
2048 3871 2247 3910 Primogenito
2267 3875 2385 3912 nostr0‚

1332 3906 1467 3944 Principe
1480 3905 1612 3944 Walliae,
1630 3906 1717 3937 Duce
1729 3906 1886 3939 Cornubiae
1919 3910 1953 3939 &
1974 3908 2093 3940 Comite
2112 3910 2249 3951 Cestriae,
2266 3913 2385 3943 honori-

1333 3944 1389 3975 fice
1401 3952 1593 3983 moraturum,
1611 3944 1736 3976 laborem
1749 3945 1834 3976 istum
1847 3932 2002 3978 nullatenus
2013 3947 2269 3990 recusetis,gratam
2285 3951 2305 3970 ³*
2323 3949 2383 3987 spe-

1333 3991 1424 4013 rantes
1438 3981 1474 4012 de
1489 3983 1584 4013 nostra
1598 3982 1797 4015 Munificentia
1810 3985 1992 4023 repenfivam.

1369 4020 1527 4051 Scribimus
1539 4029 1650 4059 autem,
1668 4022 1824 4053 Senescallo
1837 4023 1938 4054 nostro
1958 4024 2126 4064 Vaseoniae,
2145 4026 2180 4058 &
2195 4025 2382 4056 Constabula-

1333 4059 1378 4089 rio
1389 4058 1488 4089 nostro
1501 4058 1685 4104 Burdegaliae,
1703 4061 1783 4099 quod
1795 4061 1945 4092 vobiscum
1957 4064 2078 4095 tractent
2089 4066 2124 4096 ὅτ
2139 4064 2330 4102 concordent,
2347 4064 2384 4094 de

1335 4096 1512 4129 Honorifieis
1528 4097 1625 4130 Vadas
1638 4098 1672 4130 &
1685 4098 1834 4138 Expensm
1851 4101 1886 4132 ὃ(
1899 4101 1979 4133 dieto
2001 4101 2235 4140 Constabulario,
2250 4111 2280 4133 ut
2302 4103 2386 4133 vobis

1782 4137 1811 4169 Z
1832 4146 1847 4177 3
2327 4140 2386 4177 ple·

2398 3983 2414 4001 θ
2425 3984 2528 4019 ν.46ς,
