2562 4279
0 204 67 234 Knn.
78 201 119 232 D.

16 251 102 281 1331,

0 282 96 317 &23-

0 885 68 915 sinn.
82 882 125 913 D.

20 931 106 961 1331.

0 966 45 990 ιιι.
62 970 89 996 ς’,

121 2257 128 2264 .
184 2232 265 2264 Cum
278 2235 293 2264 a
309 2244 454 2271 tempore,
473 2245 489 2265 c

133 122 188 158 60
568 107 1364 159 CO-NVENTIONES,
1442 108 1840 161 LITERAE,

137 203 285 234 Paternalis
295 202 390 246 gratiae
406 202 438 232 δε
453 200 557 245 favoris
569 199 695 231 Subsidia
709 199 809 230 nostris
823 199 972 238 precibus,
988 199 1008 230 fi
1025 198 1134 238 placet,
1150 198 1194 227 iri-
2312 220 2389 252 ΑΜ.
2397 201 2442 252 D·-

137 242 353 284 tervenientibus
368 241 531 283 praebeatis.⁷
665 277 670 282 ⁴
743 277 747 282 ⁴
859 278 864 283 ι
1062 277 1066 282 ⁴
1106 276 1111 281 ⁴
1176 274 1181 280 ⁴
2331 265 2418 300 1331·
2428 288 2440 299 ⁴⁴

176 280 244 310 Nos
257 289 332 309 enim
348 278 417 308 dieti
433 275 603 306 Offorienfis
618 275 750 314 Episcopi
762 275 934 308 Assertiones
948 286 984 307 eo
999 276 1126 307 Rarioris
1149 274 1197 305 Fi·
1581 310 1585 315 ⁴
1642 309 1646 314 ⁴
1682 310 1687 315 ⁴
1769 310 1773 315 ⁴
1853 309 1858 314 .
2067 308 2072 313 ⁴

134 317 181 349 dei
194 317 381 353 aestimamus,
399 325 458 352 quo
472 316 501 352 ip
907 334 911 336 >
1441 310 1490 342 De
1508 307 1661 342 Articulis
1676 319 1707 338 m
1726 303 1878 339 Huberma
1894 303 2095 350 obssrvandts.
2278 351 2284 354 γ
2307 300 2376 328 ΕΜ·
2397 309 2423 337 3·

503 315 528 344 se

176 355 266 386 Certo
287 354 349 391 die,
365 354 415 383 libi
436 363 484 390 per
506 337 592 394 Ixfos,
609 353 643 384 &
666 352 836 384 Concilium
853 353 1000 392 nostrum,
1018 352 1136 391 praefixo
1161 350 1197 381 ad

137 392 341 425 discutiendum
355 392 518 429 veritatem,
536 393 616 430 super
630 391 796 429 quibusdam
809 392 961 431 Articulis,
978 392 1068 431 ipsum
1083 391 1199 422 contin-

138 431 282 471 gentibus,
1175 470 1179 474 ⁴

178 469 288 503 Contra
300 466 452 506 expressam
468 467 692 506 prohibitionem
705 468 847 506 nostram,
865 469 1004 509 Regnum
1019 467 1150 499 nostrum
1158 466 1198 496 la-

138 516 229 539 tenter
240 508 324 537 exivit
332 530 341 543 ‚
359 507 393 536 &
409 507 531 537 veritatis
542 505 704 547 indaginem
714 507 902 546 eorumdem,
917 517 1052 546 tanquam
1061 506 1112 537 fibi
1121 504 1196 536 male

123 562 126 564 ·
139 546 268 577 conscius
276 568 285 583 ,
303 545 466 575 declinavit.

177 583 337 614 Conservet
344 606 353 620 ,
371 583 432 613 &c.
442 619 446 623 ⁴

176 659 245 692 Dat.
259 658 333 697 apud
348 658 525 698 Croynden‚
544 661 681 693 vicesimo
696 662 797 701 quinto
809 661 855 692 die
871 661 1022 692 Februarii.

226 815 231 819 .
274 785 442 829 Cotfimiles
457 780 583 830 Lam,
606 796 661 834 pro
677 786 814 830 Eodem,
840 786 884 820 ad
900 786 1083 821 cardinales.

209 870 352 901 Enerabili
363 872 392 900 in
405 870 522 901 Christo
538 871 628 909 Patri,
648 870 783 903 Domino
800 872 840 903 G.
855 871 913 903 Dei

228 908 370 947 Episcopo
377 933 387 947 ,
407 909 515 940 Amico
528 910 577 940 suo
588 910 728 942 cai-immo
736 935 745 949 ,
755 910 908 942 Edwardus
916 933 927 950 ,

144 948 259 978 sincerae
273 947 432 978 dileeiionis
447 947 595 979 affestum.

184 986 381 1017 Venerabilem
394 986 520 1024 Patrem,
540 987 576 1017 A.
591 986 807 1018 Dubliniensem
821 987 1091 1026 Areliiepiscopum,
1109 986 1206 1017 Pater-

145 1025 225 1056 nitati
239 1023 340 1055 vcstrae
355 1024 620 1056 recommendamus
631 1024 750 1056 Affet‘Ltu
766 1037 825 1064 quo
838 1027 984 1067 possumus
1005 1027 1121 1064 cariori,
1139 1036 1206 1056 cor-

143 1062 216 1094 diter
236 1063 417 1101 deprecantes
440 1065 568 1101 quatinus
589 1063 683 1094 eidem
703 1065 732 1094 in
746 1065 894 1104 Negotio,
910 1065 988 1104 quod
1002 1074 1102 1095 contra
1115 1064 1205 1102 ipsum

143 1103 263 1133 intentat
285 1101 452 1131 Offorienfis
475 1101 647 1142 Episcopus,
665 1102 861 1142 saffraganeus
883 1105 954 1142 ejus,
983 1105 1075 1134 minus
1097 1105 1206 1134 veraci-

142 1149 204 1179 ter,
221 1149 253 1171 ut
273 1139 431 1178 credimus,
450 1139 598 1171 Paternalis
618 1142 713 1180 gratiae
731 1143 764 1172 &
783 1143 885 1173 favoris
903 1141 1018 1174 subsidia
1038 1141 1139 1173 nostris
1155 1166 1166 1181 ,
1185 1142 1204 1172 fi

145 1179 254 1218 placet,
271 1178 402 1216 precibus
414 1179 661 1210 intervenientibus
674 1181 826 1217 praebeatis.

184 1217 251 1247 Nos
264 1218 341 1247 enim
356 1216 426 1247 dieti
441 1217 610 1248 Offoriensis
624 1217 756 1256 Episcopi
770 1219 929 1250 affertiones
949 1221 986 1250 εὸ
1011 1220 1120 1249 rarioris
1141 1218 1204 1249 fidei

145 1255 318 1286 aestimamus
353 1265 413 1293 quo
432 1254 504 1294 ipse,
521 1266 601 1287 certo
619 1256 663 1286 die
685 1256 733 1286 fibi
754 1267 803 1294 per
816 1257 884 1288 Nos
898 1259 932 1288 &
947 1257 1117 1288 Concilium
1131 1267 1204 1295 proe-

146 1294 223 1332 fixo,
240 1294 275 1324 ad
289 1278 497 1324 discutiendum
510 1296 656 1325 veritatem
669 1294 748 1332 super
761 1295 925 1333 quibusdam
946 1295 1096 1334 Articulis,
1114 1296 1205 1333 ipsum

146 1333 376 1372 contingentibus
388 1355 398 1370 ,
417 1342 514 1363 contra
533 1333 688 1370 expressam
715 1332 943 1364 Prohibitionem
968 1333 1095 1365 nostram
1110 1357 1120 1373 ‚
1145 1333 1207 1365 Re-

153 1380 244 1410 gnum
268 1370 395 1400 nostrum
411 1370 527 1402 latenter
546 1372 645 1409 exivit,
662 1371 696 1400 &
709 1373 830 1403 veritatis
844 1372 1006 1412 indaginem
1020 1372 1208 1411 eorumdem,

151 1418 285 1448 tanquam
301 1409 351 1439 fibi
365 1408 437 1439 male
453 1409 599 1448 conscius,
617 1409 775 1442 declinavit.

186 1447 256 1480 Dat.
271 1456 301 1478 ut
315 1446 402 1485 supra.

969 921 994 941 c.
1033 921 1076 941 au
1145 932 1155 949 ,

318 1522 433 1554 Eodem
450 1524 542 1556 modo
556 1524 684 1555 scribitur
696 1524 870 1564 subscriptis,
888 1525 1036 1566 videlicet,

186 1604 301 1632 Domino
316 1603 352 1631 G.
368 1603 423 1630 Dei
437 1600 534 1637 gratia
550 1600 687 1679 Sabingtli
701 1601 834 1641 Episcopo.

187 1642 303 1686 Domino
316 1641 361 1669 M.
375 1638 452 1668 tituli
467 1640 627 1670 Sanfforum
668 1639 781 1671 ohannis
793 1639 831 1676 ὠ·
846 1640 929 1671 Pauli
942 1641 1094 1672 presbitero
1108 1642 1207 1673 Cardi-

186 1677 302 1747 Dblrzgio
317 1717 351 1746 R.
366 1714 445 1746 tituli
456 1717 551 1747 Sanci‘i
563 1715 674 1756 Eusbbii
682 1713 838 1748 *Presbitero
850 1717 1000 1749 cardinali.

152 1780 159 1789 ,
187 1756 303 1784 Domino
315 1756 477 1785 Bsantlae
491 1758 594 1785 Mariae
607 1759 636 1784 in
651 1758 759 1795 Aquiro
774 1759 895 1786 Diacono
910 1756 1060 1787 Cardinali.

187 1796 304 1861 DZ?
323 1795 363 1824 H.
382 1793 458 1824 tituli
481 1796 576 1824 Sanlli
598 1797 746 1824 Laurentii
767 1798 796 1824 in
816 1795 925 1825 Lucina}
946 1795 1097 1827 Presbitero
1109 1797 1208 1827 Cardi-

336 1958 394 1988 Pro
414 1953 575 1988 Nobilibus
594 1957 721 1987 Baroniae
743 1954 780 1988 de
795 1958 885 1988 stsiro
900 1960 1020 1991 Monte.

121 2064 132 2077 ‚
152 2039 269 2098 REX
289 2018 457 2072 Senescallus
477 2040 528 2071 suis
551 2039 701 2071 Vasconiae
721 2041 755 2072 &
777 2040 958 2080 Landarum,
976 2043 1025 2081 qui
1037 2053 1116 2075 nunc
1130 2044 1207 2084 sunt,

226 2080 270 2110 vel
291 2081 340 2118 qui
362 2089 414 2117 pro
437 2088 568 2118 tempore
589 2088 687 2118 erunt,
704 2089 738 2110 ac
757 2089 858 2111 eorum
879 2081 996 2111 cuilibet
1008 2104 1018 2121 ,
1036 2090 1084 2113 aut
1104 2092 1207 2114 eorum

90 2145 95 2149 .
149 2116 230 2148 Loca
243 2118 418 2156 tenentibus,
436 2118 570 2149 Salutem.

115 2183 124 2185 -
184 2155 228 2186 Ex
238 2166 316 2194 parte
327 2157 481 2187 Nobilium
496 2157 624 2188 Baroniae
635 2156 671 2187 de
688 2156 770 2187 Miro
783 2156 907 2196 Monte,
924 2158 1008 2188 nobis
1021 2158 1062 2189 est
1078 2169 1207 2199 conque-

147 2194 236 2225 rendo
250 2195 440 2229 monstratum
453 2195 548 2234 quod,

493 2235 551 2265 u'us
565 2235 698 2265 contrarii
712 2235 850 2265 memoria
870 2244 932 2266 non
953 2234 1062 2275 existit,
1080 2237 1109 2267 in
1128 2237 1207 2270 dieta

147 2269 267 2304 Batonia
280 2272 356 2304 Dua:
371 2273 483 2316 ⁴fuissent
496 2244 610 2317 Curiae,
648 2312 652 2316 ⁴
802 2312 807 2317 ⁴
850 2312 855 2317 ⁴
880 2313 885 2318 ⁴

185 2310 275 2349 Una,
294 2311 440 2348 videlicet,
455 2313 484 2340 in
499 2321 554 2349 qua
569 2311 693 2341 Nobiles
707 2310 836 2342 Baroniae
848 2311 934 2351 illius,

184 2348 223 2379 Et
241 2350 304 2379 Alia
317 2351 345 2379 in
360 2349 417 2386 qua
431 2349 574 2389 ignobiles
587 2350 711 2380 solebant
721 2350 854 2387 judicari,
1178 2365 1181 2368 >

189 2386 317 2424 Qidam
338 2397 426 2425 vero,
442 2389 560 2417 nitentes
580 2388 607 2417 se
620 2387 745 2418 Nobiles
759 2388 910 2425 praedictos
923 2398 1115 2429 praegravare,
1133 2391 1206 2429 ipsos

147 2425 177 2454 in
192 2424 280 2456 Curia
300 2424 473 2464 Ignobiliuin
488 2426 623 2463 judicari,
639 2427 674 2457 &
693 2425 758 2456 alias
773 2426 916 2456 molestari
931 2427 964 2458 ὃς
980 2430 1086 2467 gravari
1102 2439 1206 2468 procu-

146 2471 224 2493 rant:

185 2499 275 2539 Super
289 2510 348 2539 quo
361 2501 457 2532 Nobis
473 2501 513 2532 est
528 2501 728 2540 supplicatum,
748 2510 778 2532 ut
793 2512 847 2540 pro
862 2502 963 2533 eisdem
978 2503 1138 2537 Nobilibus
1152 2517 1202 2539 ve-

144 2537 247 2577 limus,
265 2540 294 2568 in
310 2540 362 2569 hac
375 2549 467 2580 parte,
485 2540 521 2570 de
534 2540 678 2570 Remedio
690 2549 821 2583 congruo
833 2541 996 2580 providere,

178 2576 267 2615 Nos,
287 2577 414 2608 volentes
432 2578 511 2616 super
531 2578 675 2616 praemiffis
692 2578 751 2608 fieri
770 2580 849 2617 quod
863 2579 904 2610 est
914 2580 1039 2621 justum,
1057 2583 1091 2613 &
1106 2583 1202 2615 haste-

118 2644 123 2648 .
144 2624 196 2646 nus
212 2615 395 2655 consuetum,
412 2617 495 2647 vobis
510 2617 675 2647 mandamus
689 2618 784 2655 quod,

181 2653 291 2685 Habita
311 2654 389 2692 super
411 2653 622 2686 Consuetudiiie
644 2655 776 2693 praedit-tta
798 2655 999 2687 informatione
1019 2658 1139 2695 pleniori
1155 2684 1164 2698 ,
1180 2661 1201 2691 fi

143 2693 227 2723 vobis
241 2715 250 2731 ,
274 2702 322 2732 per
339 2692 572 2724 informationem
593 2694 776 2732 hujusmodi,
800 2703 846 2724 aut
865 2694 919 2725 alio
943 2695 1034 2726 modo
1053 2697 1199 2737 legitimo,

143 2730 273 2761 constare
294 2733 395 2768 poterit
413 2731 655 2763 Consuetudinem
673 2732 854 2771 praedictam,
871 2734 886 2763 ‘a
900 2741 1030 2772 tempore
1042 2736 1200 2776 praedicto,

143 2768 229 2799 talem
241 2768 337 2808 fuisse,
355 2771 388 2801 &
402 2771 459 2801 esse
472 2771 592 2809 debere,

180 2805 268 2837 Tunc
289 2808 325 2837 ab
351 2809 507 2846 hujusmodi
534 2809 781 2840 ixiolestationibus
811 2809 1053 2850 Gravaminibus,
1083 2802 1201 2853 praefatis

120 2849 123 2855 ·
142 2843 303 2875 Nobilibus
313 2845 348 2875 de
364 2855 469 2877 caetero
484 2848 652 2887 inferendis,
669 2847 760 2878 desisti
772 2848 893 2886 faciatis,
911 2857 997 2886 prout
1010 2849 1046 2880 de
1059 2851 1147 2891 Jure,
1165 2854 1199 2885 ὃς

0 3176 3 3184 “
21 3174 73 3200 1v.

0 3219 53 3242 -75-

0 3248 60 3276 inii.
79 3247 118 3278 s).

7 3294 91 3326 ¹331·

0 3327 36 3350 la.
52 3335 79 3359 5.

0 3366 15 3387 ἶ.
38 3372 61 3398 3.

0 3404 117 3434 'at.5.E.

9 3443 44 3473 .p.
58 3448 79 3465 i.

0 3484 20 3502 ⁷.
36 3477 78 3504 26.

142 2881 298 2913 secundum
314 2883 556 2916 Consuetudinem
569 2887 751 2924 praediCtam,
768 2887 849 2918 fuerit
862 2887 1032 2919 faciendum.

178 2957 270 2990 Teste
284 2959 367 2999 Rege
379 2960 452 2999 apud
464 2961 624 3003 Croyndon
634 2987 643 3001 ,
659 2963 793 2995 vicesimo
807 2965 906 3003 quinto
918 2964 964 2996 die
975 2964 1127 2996 Februarii.

871 3043 925 3071 Per
940 3041 1091 3072 Concilium.

232 3163 260 3190 ἒ*
287 3167 335 3198 De
353 3169 468 3199 Locum
482 3177 596 3200 tenente
612 3171 700 3215 Regis
716 3172 747 3200 in
767 3167 918 3201 Ilibernia
935 3169 1097 3215 constituto,
1134 3173 1135 3176 ¹

136 3247 251 3307 REX
267 3248 430 3288 Omnibus,
448 3251 483 3282 ad
498 3253 651 3291 quos‚&c.
671 3252 803 3284 Salutem.

228 3287 326 3318 Sciatis
340 3289 419 3326 quod
431 3289 517 3329 Nos,

172 3324 222 3356 De
242 3327 497 3364 circumspectione
517 3329 635 3368 providzi
649 3330 682 3360 &
698 3329 828 3359 fidelitate
843 3330 978 3368 probata,
997 3330 1093 3362 dileffi
1110 3332 1195 3363 Con-

133 3362 274 3402 sanguinei
289 3365 322 3395 &
337 3364 437 3395 Fidelis
449 3366 553 3406 nostri,
571 3367 722 3398 Willielmi
736 3368 772 3398 de
784 3367 879 3408 Burgh
887 3391 897 3408 ,
911 3367 1037 3400 Comitis
1050 3370 1194 3412 Ultoniae,

135 3401 246 3438 plenam
262 3402 394 3433 fiduciam
410 3413 595 3443 reportantes,

155 3438 381 3482 ⁴Constituimus
402 3443 489 3479 ipsum
512 3443 663 3475 Comitem
677 3467 688 3482 ,
713 3444 829 3475 Locum
849 3444 979 3476 nostrum
1000 3454 1142 3478 tenentem
1164 3450 1193 3479 in

132 3475 208 3520 diffisi
224 3478 315 3509 Terra
329 3479 426 3510 nostra
441 3480 605 3520 Hiberniae,
621 3482 655 3513 ad
670 3483 830 3513 faciendum
845 3484 878 3514 &
898 3486 1107 3516 excercendum
1126 3497 1193 3517 oni-

132 3525 175 3544 nia
195 3517 228 3546 ὃς
248 3516 370 3555 singula,
390 3529 454 3556 quae
477 3520 510 3549 ad
530 3520 783 3551 Conservationem
804 3521 884 3551 Pacis
896 3522 1001 3552 nostrae
1015 3523 1122 3554 ibidem
1140 3536 1193 3562 po-

131 3560 223 3595 terunt
238 3557 389 3596 pertinere,
409 3559 444 3587 ita
460 3558 539 3595 quod
553 3569 583 3589 ea
599 3569 648 3596 per
661 3560 810 3590 consilium
831 3560 864 3590 &
883 3560 1100 3600 avisamentum,
1117 3562 1189 3594 dile-

131 3590 172 3624 eh
186 3593 219 3622 δε
233 3592 319 3624 iidelis
332 3594 437 3633 nostri,
456 3597 576 3627 Antonii
590 3598 626 3627 de
640 3598 739 3636 Lucy,
754 3597 903 3637 justiciarii
919 3598 1007 3628 nostri
1022 3599 1188 3640 Hiberniae,

130 3627 164 3657 ὃς
184 3630 303 3660 aliorum
322 3632 358 3662 de
379 3632 516 3664 Concilio
538 3634 635 3665 nostro
655 3637 781 3674 ibidem,
799 3637 879 3666 faciat
891 3638 925 3667 &
939 3647 1083 3675 exerceat,
1101 3649 1187 3676 prout

130 3673 185 3701 pro
199 3667 277 3697 bono
294 3670 449 3707 Reginiine
460 3673 561 3703 Terrae
578 3673 683 3704 nostrae
699 3676 860 3713 praedietae,
875 3676 909 3706 &
924 3675 1036 3708 honore
1050 3676 1084 3708 &
1103 3686 1188 3709 com-

131 3703 222 3733 modo
236 3707 350 3745 nostro,
368 3710 466 3739 meiius
480 3711 561 3741 fuerit
575 3711 744 3744 faciendum.

168 3739 203 3769 In
219 3744 311 3782 cujus,
330 3747 389 3776 &c.
409 3749 542 3786 quamdiu
555 3751 637 3781 nobis
651 3751 783 3789 placuerit
797 3752 945 3783 duraturas.

170 3815 259 3847 Teste
272 3817 354 3858 Rege
366 3823 438 3859 apud
452 3823 614 3864 Croyndon
622 3849 632 3867 ,
649 3829 733 3859 tertio
746 3828 792 3859 die
804 3828 911 3860 Martii.

1234 399 1350 457 REX
1367 400 1546 441 Justiciario,
1566 401 1761 440 Cancellario,
1781 401 1814 431 &
1836 400 2043 440 Thesaurario,
2062 400 2114 433 suis
2131 401 2300 444 Hiberniae,
2309 417 2362 443 Aa.
2376 424 2406 451 5,

1273 439 1446 509 Msaglgatffig
1461 480 1545 511 vobis
1560 478 1639 518 quod
1656 477 1798 509 Articulos
1812 477 1994 516 subscriptos,-

2311 457 2342 480 E.
2363 462 2389 490 3·

2286 521 2290 526 ,
2310 494 2408 527 Pass-

1274 515 1360 558 Qos
1373 539 1384 554 ,
1407 527 1462 554 pro
1482 518 1679 562 emendatione
1700 515 1793 561 ⁴Stats1s
1812 516 1914 560 Terrae
1936 516 2039 547 nostrae
2062 515 2211 563 Hiberniae
2225 542 2243 561 ,⁴
2260 521 2295 563 &⁴
2308 531 2443 567 3495.

1237 561 1329 588 quiete
1346 555 1380 584 &
1400 557 1586 594 tranquilitate
1606 555 1708 593 Populi
1730 555 1820 585 nostri
1846 554 1953 585 ibidem
1967 577 1977 593 ,
2014 565 2064 593 per
2092 557 2296 591 avisamentum
2311 578 2348 597 m.
2367 577 2415 603 25·

1236 590 1363 622 Concilii
1378 593 1467 624 nostri
1479 596 1509 624 in
1522 594 1623 624 ultimo
1637 594 1826 624 Parliamento
1841 592 1940 624 nostro
1948 609 1958 632 5
1974 593 2048 632 apud
2067 595 2299 630 Westmonaste-

1235 631 1311 660 rium
1327 638 1406 662 tento
1415 656 1423 669 ,
1442 632 1634 662 ordinavimus
1642 656 1652 670 ,

1275 668 1308 698 In
1322 668 1400 700 dieta
1411 670 1504 701 Tetri
1524 669 1690 708 Hiberniae,
1709 680 1846 709 quantum
1867 670 1902 701 ad
1922 681 1974 701 vos
1994 671 2107 711 attinet,
2124 675 2240 705 teneatis
2261 675 2296 706 δε

1236 707 1405 776 pbserveftis,
1422 708 1456 739 &
1467 719 1518 747 per
1531 709 1598 740 aiios
1610 708 1719 740 Fideles
1732 709 1846 741 nostros
1861 709 1946 741 didiae
1960 709 2062 741 Terrae
2080 713 2170 743 teneri
2188 713 2222 745 δε
2241 713 2297 744 oba

1249 755 1338 777 ervan
1360 755 1462 776 aciatis.
2288 760 2291 763 ·

1399 835 1485 862 Tenor
1499 839 1590 862 autem
1604 831 1793 863 Articulorum
1801 835 1993 873 praediHorum
2007 837 2073 868 talis
2088 837 2134 878 est.

1278 913 1317 946 IN
1338 924 1475 954 PRiMis,
1489 916 1660 955 Justiciarius
1679 916 1847 958 Hiberniae,
1865 922 1914 958 qui
1933 931 2011 954 nunc
2030 923 2087 962 est,
2112 925 2159 956 vel
2177 926 2225 964 qui
2249 935 2303 965 pro

1241 962 1372 992 tempore
1400 955 1484 985 fuerit
1538 963 1599 985 non
1620 956 1762 986 concedat
1783 955 1880 988 Cartas
1900 957 2114 994 Pardonationis
2141 964 2178 994 de
2199 964 2301 996 Morte

1241 992 1381 1023 Hominis
1416 1003 1470 1024 nec
1485 978 1521 1023 de
1535 993 1668 1024 Roberiis
1679 994 1713 1024 ὅ(
1729 993 1871 1025 incendiis
1883 997 2035 1039 aliquibus,
2052 1001 2102 1031 nifi
2119 1002 2155 1032 de
2168 1002 2304 1035 Roberiis

1242 1031 1276 1076 &-
1291 1016 1445 1076 Incendiis,
1464 1032 1656 1076 antefestum
1669 1031 1784 1063 Paschae
1819 1033 1908 1065 Anno
1922 1035 2023 1074 Regni
2044 1039 2168 1071 Domini
2187 1040 2222 1073 E.
2242 1041 2305 1073 Re-

1241 1078 1282 1109 gis
1303 1070 1432 1110 Anghae,
1457 1071 1550 1102 Tertii
1569 1071 1636 1114 post
1657 1057 1858 1109 Conquestum
1874 1095 1886 1110 ,
1909 1084 2009 1112 quarto
2024 1099 2034 1114 ,
2058 1075 2244 1117 Perpetratis:
2270 1081 2305 1111 ὃς

1241 1109 1339 1176 guod,
1357 1109 1394 1140 de
1408 1118 1531 1148 caetero,
1550 1109 1686 1141 certificet
1699 1109 1812 1149 Regem
1826 1110 1863 1141 de
1877 1111 2057 1145 Nominibus
2070 1116 2228 1155 hujusmodi
2237 1118 2307 1150 Par-

1262 1149 1408 1178 onationes
1430 1149 1603 1188 petentium,
1620 1149 1654 1179 &
1674 1146 1709 1178 de
1725 1148 1897 1180 avisamento
1909 1151 1976 1185 suo:
1995 1153 2029 1184 &
2044 1154 2124 1191 quod
2136 1155 2201 1187 Rex
2219 1158 2304 1189 faciat

1241 1185 1309 1216 inde
1323 1186 1498 1217 voluntatem
1512 1187 1588 1218 suam
1597 1198 1603 1218 z
1613 1187 1648 1217 &
1663 1187 1743 1225 quod
1758 1187 1850 1218 nullus
1863 1189 1892 1218 in
1908 1188 2000 1221 Terra
2015 1190 2166 1225 Hiberniae
2179 1204 2214 1225 ex
2226 1205 2305 1227 nunc

1242 1225 1324 1255 faciat
1345 1225 1410 1256 tales
1431 1225 1668 1264 Pardonariones,
1686 1225 1756 1256 infra
1778 1225 1970 1267 Libertatem,
1989 1230 2024 1260 &
2046 1239 2140 1270 extra,
2156 1232 2206 1264 sub
2227 1236 2306 1275 gravi

1242 1263 1418 1295 forisfa&ura
1433 1263 1557 1295 Domini
1571 1265 1666 1304 Regis.

1281 1301 1387 1341 ITEM,
1402 1303 1482 1342 quod
1495 1302 1587 1335 diCtus
1598 1302 1789 1342 justiciarius,
1804 1303 1841 1334 de
1854 1313 1979 1344 caetero,
1997 1316 2059 1337 non
2073 1308 2214 1340 concedat
2232 1310 2307 1342 Tui-

1243 1340 1354 1370 tionem
1369 1342 1446 1380 pacis
1458 1341 1481 1371 F
1483 1341 1610 1373 elonibus
1623 1342 1657 1372 ad
1672 1341 1778 1372 Silvam
1791 1342 1981 1375 existentibus.

1280 1378 1369 1410 ITEM
1378 1403 1389 1418 ,
1406 1380 1487 1418 quod
1501 1390 1555 1411 una
1568 1381 1603 1412 &
1616 1381 1715 1411 eadem
1731 1380 1793 1411 Lex
1807 1381 1853 1412 fiat
1867 1391 1925 1413 tam
1946 1382 2126 1422 Hibernicis,
2142 1385 2230 1424 quarn
2247 1386 2307 1418 An-

1245 1417 1340 1456 glicis,
1358 1418 1476 1456 excepta
1494 1417 1625 1451 servitute
1646 1419 1826 1458 Betagiorum
1839 1430 1923 1458 penes
1938 1420 2087 1453 Dominos
2102 1423 2182 1463 sum,
2200 1424 2307 1457 eodem

1245 1456 1338 1487 modo
1353 1467 1412 1496 quo
1429 1457 1556 1488 usitatum
1572 1457 1615 1488 est
1627 1458 1657 1488 in
1671 1457 1779 1495 Angli&⁴
1789 1458 1825 1490 de
1841 1459 1966 1491 Villanis.

1283 1493 1389 1534 ITEM,
1406 1495 1486 1534 quod
1497 1495 1686 1535 Justiciarius,
1704 1497 1750 1528 seu
1761 1497 1859 1536 aliquis
1869 1499 1937 1529 alius
1961 1498 2110 1538 Minister,
2127 1500 2164 1532 de
2183 1510 2308 1542 caeoero,

1245 1543 1306 1563 non
1328 1534 1376 1566 det
1395 1535 1476 1565 alicui
1496 1533 1666 1566 Custodiam
1690 1536 1735 1566 vel
1756 1535 1941 1574 Mariragium
1962 1538 2078 1576 alicujus
2096 1538 2248 1580 Haeredis,
2272 1541 2308 1572 ad

1230 1571 1362 1612 ‚Regem
1378 1575 1559 1611 pertinentia:
1586 1584 1640 1605 nec
1661 1574 1800 1613 pardonet
1820 1575 1927 1606 Debita
1946 1576 2058 1616 Regis,
2081 1578 2127 1609 seu
2149 1578 2250 1618 Fines,
2268 1580 2310 1610 A-

1247 1613 1462 1650 merciamenta,
1480 1612 1526 1642 vel
1546 1611 1654 1644 Catalla
1674 1613 1833 1651 forisfa6ta3
1848 1614 1886 1645 set
1907 1615 1988 1652 quod
2003 1615 2178 1654 Justiciarius
2211 1618 2245 1650 &
2264 1618 2310 1649 alii

1246 1647 1374 1680 Ministri
1411 1650 1570 1690 hujusmodi
1592 1651 1742 1696 Custodias
1756 1653 1798 1695 ,&
1815 1652 2000 1693 Matitagium
2019 1654 2159 1694 vendant,
2174 1640 2210 1688 ἐξ
2222 1657 2310 1688 alium

1245 1697 1368 1720 commo
1389 1699 1438 1720 um
1454 1690 1542 1728 Regis
1558 1691 1626 1721 inde
1637 1691 1738 1721 faciant
1749 1698 1826 1728 Juxta
1842 1691 2035 1724 Discretiones
2047 1693 2111 1724 suas.

1284 1726 1389 1766 ITEM,
1409 1729 1489 1767 quod
1503 1729 1696 1760 Vicecomites
1711 1729 1744 1759 ὃ(
1758 1729 1953 1761 Coronatores
1961 1754 1971 1770 ,
1983 1731 2019 1762 de
2031 1741 2155 1772 caetero,
2173 1733 2310 1774 eligantur

1247 1775 1296 1803 per
1313 1765 1546 1798 Communitates
1562 1767 1778 1806 Comitatuum,
1794 1768 1828 1799 ὃς
1841 1779 1901 1800 non
1916 1769 1972 1800 alio
1985 1770 2091 1802 modo:
2107 1772 2141 1803 &
2158 1772 2239 1810 quod
2251 1772 2312 1805 Ca-

1247 1803 1310 1834 talla
1323 1805 1464 1836 forisfadia
1479 1816 1641 1837 remaneant
1652 1807 1681 1836 in
1696 1806 1828 1838 custodia
1842 1807 2005 1839 villatarum.

1283 1842 1391 1882 ITEM,
1411 1844 1491 1882 quod
1509 1845 1701 1884 justiciarius,
1719 1845 1764 1875 seu
1785 1846 1881 1884 aliquis
1901 1847 1968 1877 alius
1983 1847 2135 1887 Minister,
2153 1859 2214 1880 non
2238 1850 2311 1881 reci-

1245 1881 1302 1950 Eiat
1324 1883 1446 1921 aliquem
1466 1882 1636 1921 Magnatem
1658 1884 1687 1913 in
1708 1882 1857 1922 Plegium,
1873 1885 1919 1915 vel
1939 1884 2199 1927 Manucaptorem,
2216 1889 2312 1919 versus

1265 1923 1413 1990 ·⁰¹{3¹i⁰⁰m
1428 1921 1542 1962 Regem
1551 1947 1561 1960 ,
1576 1921 1626 1952 nisi
1640 1922 1775 1961 quatenus
1789 1931 1842 1962 pro
1854 1925 2016 1955 commodo
2030 1925 2119 1965 Regis
2133 1926 2254 1957 viderint
2269 1927 2313 1959 fa·

1244 1969 1310 1990 cien
1332 1970 1391 1991 um.

1284 1997 1388 2038 ITEM,
1407 1999 1488 2038 quod
1500 1999 1673 2039 Justiciarius
1695 1999 1833 2040 Obsides,
1851 2011 1904 2039 pro
1924 2001 2138 2033 conservatione
2161 2001 2241 2034 Pacis
2259 2003 2312 2035 fibi

1245 2036 1392 2076 liberatos,
1410 2040 1440 2068 in
1455 2038 1562 2070 Castris
1581 2039 1704 2070 Domini
1723 2039 1811 2078 Regis
1828 2039 1910 2070 faciat
1925 2040 2002 2071 salvo
2025 2040 2161 2071 custodiri
2181 2041 2215 2072 ad
2235 2041 2312 2072 sum·

1246 2085 1310 2114 ptus
1324 2076 1387 2107 suos
1400 2078 1545 2117 proprios,
1562 2078 1596 2109 &
1610 2077 1707 2117 quod,
1724 2078 1744 2108 fi
1757 2078 1822 2117 ipii,
1839 2079 1889 2117 qui
1902 2079 2052 2116 posuerunt
2066 2079 2224 2117 hujusmodi
2246 2078 2313 2110 Ob-

1247 2114 1333 2154 sides,
1351 2114 1562 2155 Conditiones,
1579 2117 1612 2147 &
1627 2117 1864 2155 Conventiones,
1883 2127 1949 2155 quas
1971 2117 2118 2156 fecerunt,
2135 2127 2195 2148 non
2216 2119 2312 2149 obser-

1245 2162 1328 2222 gegit,
1343 2154 1518 2194 Justiciarius
1533 2155 1616 2187 faciat
1626 2155 1769 2194 justitiam
1782 2156 1816 2187 &
1827 2155 1974 2194 Judicium
1988 2156 2024 2187 de
2044 2156 2204 2195 hujusmodi
2225 2156 2313 2189 Obsi-

1265 2202 1273 2222 i
1296 2203 1336 2223 us.
2274 2219 2287 2222 ..

1283 2230 1354 2262 Ιτε
1365 2240 1408 2270 Μ,
1432 2233 1512 2271 quod
1529 2232 1721 2271 justiciarius,
1739 2233 1784 2263 {eu
1805 2233 1900 2270 aliquis
1923 2231 2043 2273 Magnas
2061 2233 2230 2273 Hiberniae,
2247 2243 2308 2266 non

1245 2270 1382 2301 concedat
1396 2271 1590 2302 Protefflones
1605 2272 1703 2309 alicui,
1720 2278 1825 2302 contra
1837 2270 1942 2302 Pacem
1957 2272 2045 2310 Regis
2057 2273 2192 2303 existenti.

1282 2308 1409 2349 ITEM,
1424 2310 1506 2348 quod
1526 2310 1616 2340 nullus
1639 2309 1770 2340 Minister
1792 2310 1897 2348 Regis,
1915 2310 1952 2340 de
1970 2320 2094 2349 caetero,
2112 2311 2262 2349 recipiatur
2279 2311 2311 2342 in

1244 2345 1393 2387 Plegium,
1410 2349 1456 2379 vel
1473 2348 1729 2386 Manucaptorem,
1747 2348 1842 2379 versus
1857 2349 2021 2380 Dominum
2034 2349 2157 2380 Reoem.

1281 2385 1387 2425 ITEM,
1407 2386 1487 2426 quod
1509 2387 1593 2417 Fines
1614 2387 1651 2417 de
1673 2387 1793 2426 Vaccis,
1810 2387 1846 2419 de
1865 2396 1987 2427 caetero,
2006 2398 2060 2427 pro
2076 2374 2309 2428 Redemptione,

1243 2433 1303 2454 non
1318 2426 1478 2464 capiantur,
1495 2426 1534 2456 set
1547 2425 1672 2456 Denarii.
2185 2428 2188 2432 ’

1281 2462 1390 2503 ITEM,
1408 2464 1488 2502 quod
1502 2464 1633 2503 Treuga,
1650 2473 1730 2502 capta
1742 2465 1776 2496 δε
1793 2464 1926 2504 capienda
1946 2466 2019 2496 inter
2040 2463 2176 2503 Anglicos
2197 2463 2230 2494 &
2250 2462 2308 2494 Hi-

1243 2501 1393 2541 hernicos,
1411 2503 1448 2533 de
1460 2512 1566 2534 caetero
1580 2503 1763 2540 observetur,
1781 2503 1815 2534 &
1831 2503 1910 2540 quod
1922 2511 2019 2532 neutra
2030 2511 2091 2539 pars
2107 2501 2126 2521 ²*
2148 2501 2307 2539 dampnum

1241 2539 1469 2609 plteri,hd⁴;irante
1482 2541 1643 2580 hujusmodi
1656 2540 1793 2580 Treuga,
1810 2541 1997 2578 inferat;v&,
2015 2540 2035 2570 fi
2048 2539 2163 2579 fecerit,
2181 2549 2236 2578 pro
2253 2540 2307 2582 Fe—

1252 2588 1319 2610 onia
1352 2590 1367 2610 a
1389 2588 1474 2610 eatur.

1279 2616 1386 2656 ITEM,
1405 2618 1484 2656 quod
1502 2617 1594 2648 nullus
1611 2617 1764 2653 Utlagatus
1783 2617 1812 2645 in
1831 2615 1970 2647 Gildabili
1988 2624 2145 2655 receptetur
2164 2612 2235 2653 infra
2255 2617 2308 2649 Li-

1241 2655 1374 2686 bertates·
1394 2666 1466 2694 nec,
1485 2657 1502 2686 ὲ
1515 2656 1672 2692 converso,

1240 2693 1274 2724 &
1287 2693 1354 2723 alios
1368 2680 1538 2732 Ministros,
1557 2694 1590 2725 &
1604 2693 1751 2724 Dominos
1767 2692 1956 2737 Libertatum2

1274 2731 1382 2771 ITEM,
1400 2732 1481 2770 quod
1496 2733 1705 2769 vicecomites,
1724 2733 1758 2762 &
1771 2732 1816 2761 alii
1830 2730 1972 2770 Ministri‚
1990 2740 2161 2771 computent
2179 2733 2306 2772 quolibet

1240 2770 1328 2801 Anno
1343 2771 1446 2810 semel,
1462 2771 1496 2802 ad
1512 2773 1622 2809 minus,
1640 2771 1659 2801 ii
1674 2771 1834 2801 commode
1849 2769 1909 2800 fieri
1927 2771 2041 2808 poterit.

1276 2808 1380 2848 ITEM,
1399 2809 1477 2847 quod
1491 2809 1660 2840 Senescallus
1674 2809 1789 2847 alicujus
1802 2808 1927 2840 Domini
1940 2808 2091 2840 Hiberniae
2105 2820 2167 2841 non
2182 2817 2306 2849 ponatur

1239 2848 1269 2878 in
1284 2848 1381 2886 aliquo
1396 2848 1512 2879 Officio
1524 2849 1619 2887 Regis.

1277 2885 1382 2925 ITEM,
1403 2887 1483 2925 quod
1498 2887 1711 2925 Thesaurarius,
1729 2886 1775 2917 vel
1786 2886 1883 2925 aliquis
1898 2886 1964 2917 alius
1979 2885 2113 2917 Minister
2127 2886 2233 2928 Regis,
2250 2888 2302 2918 ubi

1237 2925 1245 2954 i
1265 2925 1292 2954 se
1314 2926 1459 2956 intendere
1480 2936 1539 2956 non
1559 2925 1671 2964 potest,
1696 2925 1885 2965 supervideat,
1911 2925 2039 2964 quolibet
2059 2925 2148 2957 Anno
2202 2923 2302 2956 Castra

1269 2964 1325 3003 egis
1332 2964 1394 3033 ,ὁδε
1412 2964 1516 2996 statum
1535 2964 1723 3004 eorumdem,
1741 2964 1775 2996 ὅ(
1796 2964 1874 3004 quod
1897 2963 2043 2995 emendari
2059 2963 2143 2994 faciet
2161 2948 2304 2995 beseetus

1236 3012 1338 3032 eorum
1359 3013 1416 3033 em.

1273 3040 1379 3080 ITEM,
1398 3042 1479 3080 quod
1494 3042 1687 3073 Vicecomites
1707 3042 1736 3072 in
1754 3041 1879 3079 Turnis,
1895 3050 1959 3080 quae
1980 3039 2087 3084 faciunt
2107 3038 2144 3070 de
2156 3039 2302 3084 ⁴Brevibus

1235 3078 1359 3110 Domini
1382 3079 1488 3120 Regis,
1503 3089 1610 3119 ponant
1630 3081 1746 3111 nomina
1765 3080 1827 3118 sua,
1846 3080 1884 3123 ita
1901 3077 1979 3117 quod
1994 3077 2112 3122 quilibet
2124 3077 2300 3110 Vicecomes

1232 3117 1269 3148 de
1283 3118 1427 3158 Exitibus,
1443 3119 1590 3150 forisfactis
1598 3142 1608 3158 ,
1623 3120 1658 3150 δε
1669 3119 1727 3150 aliis
1740 3118 1878 3160 Proficuis
1886 3139 1897 3155 ,
1908 3126 1972 3154 quae
1988 3123 2167 3154 requiruntur
2180 3117 2230 3147 sub
2242 3127 2298 3148 no-

1233 3158 1313 3187 mine
1327 3157 1532 3197 Vicecomitis,
1549 3166 1681 3188 oneretur
1695 3157 1730 3187 ad
1747 3156 1928 3187 Scaccarium
1942 3164 1997 3193 pro
2011 3163 2141 3193 tempore
2156 3155 2205 3187 suo
2228 3166 2298 3200 pro-

1233 3205 1303 3232 prio.

1271 3233 1375 3270 ITEM,
1391 3234 1471 3272 quod
1493 3234 1613 3264 extranei
1633 3242 1694 3263 non
1714 3231 1884 3271 affignentur
1897 3230 2076 3263 Colleetores
2089 3231 2298 3264 Custumarum

1233 3270 1338 3310 Regis,
1356 3273 1395 3302 set
1408 3271 1558 3310 Burgenses
1570 3271 1725 3309 villarum,
1743 3272 1792 3300 ubi
1807 3270 1872 3301 tales
1884 3269 2035 3301 Custumae
2049 3271 2150 3308 colligi
2169 3270 2296 3311 debent,

1231 3309 1406 3377 iis'slgnemu'b
1420 3309 1455 3340 ad
1476 3320 1520 3340 eas
1539 3309 1749 3349 colligendum,
1767 3310 1800 3340 δε
1822 3309 1880 3340 hoc
1901 3308 1948 3340 fiat
1969 3309 2006 3340 de
2027 3309 2240 3341 Potentioribus
2261 3310 2297 3342 &

1253 3357 1385 3378 icretiori
1408 3358 1448 3378 us.

1271 3385 1377 3424 ITEM,
1402 3385 1482 3424 quod
1501 3386 1673 3425 Justiciarius
1693 3386 1774 3418 faciat
1794 3387 1950 3425 inquirere,
1977 3387 2106 3426 quolibet
2125 3385 2234 3424 Anno,
2252 3384 2294 3429 ⁸de

1233 3423 1373 3454 Ministris
1394 3424 1517 3455 Domini
1537 3425 1641 3465 Regis,
1656 3426 1690 3456 &
1707 3435 1808 3456 eorum
1827 3426 1923 3464 saetis,
1941 3426 1976 3456 &
1992 3425 2070 3464 quod
2082 3426 2180 3464 puniat
2191 3422 2295 3455 Delm-

1232 3472 1365 3500 quenteS,
1384 3473 1433 3500 per
1448 3463 1598 3495 consilium
1613 3466 1646 3495 &
1659 3464 1859 3495 avisamentum
1883 3463 2052 3495 Cancellarii
2086 3465 2121 3496 δε
2138 3461 2294 3492 Thesaura-

1230 3503 1280 3539 rii,
1299 3503 1332 3533 &
1344 3503 1464 3532 aliorum
1476 3502 1512 3533 de
1534 3502 1673 3536 Concilio
1690 3502 1798 3542 Regis,
1815 3503 1848 3535 ὅ(
1867 3511 2000 3536 amoveat
2018 3489 2236 3537 Insuffici'entoe,
2254 3500 2290 3531 &

1229 3549 1317 3578 ponat
1331 3539 1516 3572 Sufficientes.
1649 3545 1651 3549 ⁴

1265 3577 1353 3608 ITEM
1388 3579 1468 3617 quod
1483 3579 1574 3611 nullus
1590 3587 1781 3617 manuteneat,
1795 3589 1850 3611 nec
1865 3579 1950 3611 ducat
1964 3574 2290 3645 Kmesgdnffiffigng’

1227 3626 1340 3647 vocatas
1369 3625 1530 3656 DELMEN,
1549 3618 1599 3648 nisi
1611 3619 1640 3647 in
1655 3617 1793 3648 Marchiis
1804 3618 1859 3656 suis,
1869 3618 2006 3657 propriis,
2023 3616 2057 3647 &

1227 3655 1377 3694 rumdem,
1394 3665 1450 3687 nec
1464 3656 1548 3687 faciat
1561 3655 1658 3687 Prisas.

1265 3691 1369 3732 ITEM,
1388 3694 1469 3732 quod
1483 3704 1584 3724 omnes
1599 3694 1724 3724 Ministri
1737 3694 1844 3734 Regis,
1862 3695 1911 3733 qui
1926 3699 2055 3735 tenentur
2068 3690 2103 3721 ad
2119 3699 2188 3734 c⁴om
2209 3697 2289 3734 utan-

1226 3729 1314 3768 dum,
1331 3733 1364 3762 ὃς
1382 3743 1442 3763 non
1456 3733 1560 3763 habent
1575 3733 1679 3762 Terras
1693 3734 1737 3763 seu
1751 3733 1930 3764 Tenementa
1947 3728 2115 3760 sufficientes
2131 3737 2160 3757 in
2211 3728 2287 3774 ibet-⁴

1227 3769 1290 3805 nia,
1307 3771 1450 3801 inveniant
1464 3771 1723 3809 Manucaptionem
1736 3773 1767 3802 in
1779 3769 1916 3802 Hibernizi
1929 3768 1963 3799 ad
1978 3764 2206 3806 respondendum
2213 3765 2289 3807 Regi

1227 3807 1264 3838 de
1277 3806 1432 3845 Compotis
1446 3809 1497 3839 suis
1511 3809 1626 3840 ibidem.
2094 3842 2099 3848 ⁴
2173 3844 2178 3849 ⁴
2254 3845 2259 3850 ⁴

1265 3844 1352 3875 ITEM
1361 3869 1371 3883 ,
1388 3847 1469 3885 quod
1482 3857 1581 3878 omnes
1596 3848 1728 3878 habentes
1738 3847 1839 3878 Terras
1853 3845 1888 3878 &
1899 3845 2080 3876 Tenementa
2092 3852 2121 3872 in
2135 3840 2290 3888 Hibermfi,

1225 3884 1286 3914 tam
1301 3883 1457 3924 Religiofi,
1474 3887 1561 3924 quam
1573 3886 1633 3925 alii,
1652 3879 2121 3924 praemuniantur‚qu0d⁴refideant
2133 3891 2161 3911 in
2175 3881 2290 3926 eisdem,

1227 3921 1248 3952 si
1270 3922 1322 3953 sint
1339 3923 1369 3952 in
1391 3923 1525 3955 Marchia
1559 3925 1606 3955 vel
1620 3924 1704 3962 alibi,
1721 3923 1765 3954 vel
1781 3929 1886 3960 ponant
1898 3919 2086 3950 sufficientem
2099 3918 2270 3964 Custodiam

1227 3968 1281 4000 pro
1304 3961 1513 3993 conservatione
1532 3949 1616 3993 ⁷Pacis
1636 3962 1666 3991 in
1679 3960 1783 3991 eisdem
1818 3961 1886 3990 citra
1901 3956 2018 4001 Festum
2030 3956 2127 3987 Sandh
2141 3956 2236 3998 Petri,
2251 3945 2290 4003 ad

1228 3998 1358 4039 vincula,
1384 4001 1518 4038 proximo
1539 4000 1684 4038 futurum3
1707 3999 1759 4036 δε,
1792 4009 1802 4027 ι
1821 4005 1882 4028 non
1903 3994 2040 4033 fecerint,
2059 3995 2137 4035 quod
2159 3995 2241 4035 Rex,
2257 4006 2290 4066 ἓ

2187 4044 2256 4067 eoru

2327 2524 2414 2554 *IV*.
2459 2530 2462 2532 ⁷

2325 2563 2393 2599 47⁶·
2434 2580 2438 2581 ν

1690 2656 1723 2685 &
1738 2654 1806 2684 inde
1819 2653 1865 2685 fiat
1878 2654 2029 2686 Ordinatio
2041 2666 2092 2694 per
2102 2654 2306 2696 Justiciarium,
2339 2656 2341 2659 '
