2562 4279
51 274 127 308 Ann.
136 275 177 305 D.

50 323 165 391 z}{?⁵}'.

75 1970 92 1988 ὓ
109 1972 164 1998 IV.

76 2018 146 2046 599·

103 3623 181 3656 Ann.
192 3624 237 3658 D.

133 3672 220 3703 1334·

108 3760 183 3807 iii-as

762 190 869 232 ET
954 188 1221 229 ACTA

199 286 234 309 ex
244 285 321 314 parte
333 276 402 307 dieii
420 276 508 315 Regis
523 275 648 307 Franciae
662 274 740 313 super
761 276 820 306 hoc
836 274 960 305 similiter
974 271 1164 312 Deputandos
1180 295 1189 310 ‚
1202 272 1261 316 ¹ser-

201 316 261 348 vatii
277 316 474 353 praedictarum
488 316 686 353 Treugarurn,
708 314 831 351 Picum,
852 313 1091 344 Conventionum
1108 335 1117 349 ,
1134 311 1259 353 Ordina-

196 365 308 388 tionum
323 379 333 393 ‚
357 355 390 384 &
411 353 642 384 Concordiarum
658 376 668 391 ,
688 352 799 391 forma,
817 354 850 382 &
867 350 1135 387 Commiffionum,
1152 358 1202 389 per
1218 359 1260 386 ip-

198 395 258 426 sum
274 394 447 461 Francgn'um
463 392 576 433 Regem
592 394 625 423 &
641 391 708 421 Nos
723 392 803 429 super
815 392 873 421 hoc
890 389 1100 428 faciendarum,

238 432 248 461 [
263 442 277 461 a
332 434 352 461 ὸ

234 442 265 500 Sti
287 442 334 508 Sei
356 454 443 508 tx'sos,
461 478 508 499 aut
526 467 724 499 Antecessores
738 467 866 505 nostros,
885 466 931 496 vel
947 465 1076 504 nostrOS,
1094 473 1141 496 aut
1157 474 1259 495 eorum

198 508 279 539 Loca
293 518 434 545 tenenteS,
452 508 497 538 seu
511 507 628 538 Curiam
647 506 791 542 nostram,
809 506 854 536 vel
868 514 970 547 eorum
978 503 1151 541 Curias,aut
1166 502 1262 533 Com-

199 547 336 578 miffarios
358 546 469 577 nostros
484 570 493 584 ,
519 545 639 576 Ballivos
654 568 664 583 ,
681 544 843 582 Officiales,
862 543 908 573 vel
925 542 1092 580 Ministros,
1110 551 1156 573 aut
1173 543 1262 572 Ante-

200 586 344 616 cessorum
358 584 521 615 nostrorum
531 607 540 622 ‚
558 584 603 614 seu
624 583 693 613 dieii
709 583 834 612 Francia:
848 581 936 620 Regis
949 605 959 619 ,
979 581 1025 611 seu
1042 581 1261 612 Antecefforum

199 625 321 655 e'iisdem

212 635 223 664 J
239 646 342 700 Aliqui
356 671 456 693 contra
471 660 630 699 hujusmodi
644 658 840 697 Treugarum,
859 657 984 696 Pacum,
1003 657 1262 695 Conventionum,

201 701 424 731 ordinationum
439 722 450 738 ,
473 700 518 730 seu
539 697 769 729 Concordiarum
781 722 791 734 ,
817 698 905 735 vires,
923 697 1047 735 forinas,
1063 697 1108 727 vel
1124 695 1263 733 effeetus,

203 740 278 770 taeta
292 740 394 770 fuerint
411 740 491 777 (cum
504 747 534 767 ea
549 736 680 767 declarati
694 737 868 772 contigerint
886 746 933 773 per
950 746 1003 767 vos
1015 759 1026 774 ,
1043 736 1076 766 δε
1089 735 1124 765 ad
1138 736 1195 765 hoc
1212 744 1261 771 per

201 779 311 808 dicrum
332 777 356 807 F
358 779 458 807 ranciae
481 776 592 813 Regem
613 774 806 812 deputandos)
836 775 931 805 debite
952 777 1127 814 corrigantur
1144 796 1154 813 ,
1180 774 1213 804 &
1227 772 1261 803 ad

201 817 303 847 statum
318 816 445 846 debitum
459 822 626 845 revocentur
635 837 644 850 ‚

244 855 334 885 Vobis
349 855 396 892 (de
411 862 532 891 quorum
544 851 675 882 fidelitate
689 852 722 882 &
738 850 869 882 industria
883 852 966 890 plene
981 851 1162 885 confidimus)
1181 851 1264 889 Qia-

205 902 271 924 tuor
316 893 422 922 Tribus
436 915 446 928 ,
472 899 517 920 aut
540 889 661 920 Duobus
682 889 810 921 vestrum
829 914 837 928 ‚
863 893 910 928 qui
929 891 1073 929 praesentes
1086 891 1192 921 fueritis
1209 889 1264 928 (Ita

206 916 295 970 quod³
311 931 370 962 Vos
383 954 392 968 ,
415 929 550 966 Episcopi
565 951 574 966 ,
600 928 756 959 Willielme
769 953 778 967 ,
808 931 841 960 &
863 930 1007 968 johannes
1024 954 1033 968 ,
1052 930 1096 961 vel
1113 929 1199 960 Unus
1214 938 1264 959 ve·

207 969 315 1008 strum,
334 978 402 999 cum
424 968 481 998 aliis
504 967 629 1006 Collegis
651 968 749 998 vestris
769 968 910 1005 praedictis
925 993 934 1006 ,
961 969 1006 998 vel
1022 978 1122 999 eorum
1135 978 1212 1005 uno,
1230 966 1265 996 ad

205 1010 265 1040 hoc
279 1007 418 1040 intersitis)
429 1005 464 1036 ad
478 1007 676 1037 resumendum
701 1008 733 1038 ὃς
748 1007 973 1038 continuandum
990 1017 1091 1037 omnes
1105 1005 1265 1045 hujusmodi

204 1045 371 1084 processus,
389 1045 462 1083 apud
476 1044 680 1085 Petragorum,
700 1045 856 1082 Agermum
866 1070 874 1083 ,
894 1047 926 1076 &
942 1046 1005 1076 alibi
1020 1047 1184 1082 inchoatos,

244 1084 283 1114 Et
297 1084 436 1114 Defectus
452 1084 483 1121 (si
499 1094 570 1123 quos
584 1095 618 1114 ex
632 1094 708 1122 parte
731 1084 1003 1115 Commissaiiorurn
1026 1084 1097 1115 dieti
1112 1084 1200 1114 Patris
1213 1093 1268 1114 no-

209 1122 301 1154 stri&
315 1123 479 1153 nostrorum
493 1125 521 1153 in
536 1123 617 1154 diistis
635 1123 810 1154 Proceilibus
825 1124 986 1154 inveneritis
1002 1146 1011 1161 ,
1030 1122 1108 1162 quod
1125 1132 1185 1153 non
1202 1132 1263 1153 cre-

206 1162 310 1199 dimus)
325 1161 422 1192 debite
437 1163 653 1202 coriigendum,

247 1200 283 1231 Et
297 1201 332 1231 ad
347 1202 500 1239 petendum
513 1224 523 1239 ,
548 1203 581 1232 δε
600 1201 796 1238 recipiendum
809 1224 819 1237 ,
839 1201 957 1231 nomine
972 1199 1089 1239 nostro,
1107 1209 1160 1238 pro
1171 1199 1270 1230 Nobis

211 1239 245 1270 &
259 1239 382 1270 Subditis
398 1239 513 1278 nostris,
532 1251 546 1269 a
557 1240 638 1270 dicio
654 1239 779 1270 Francia:
796 1238 895 1277 Rege,
913 1239 958 1269 vel
974 1240 1009 1269 ab
1025 1239 1095 1277 illis,
1114 1249 1185 1276 quos
1194 1239 1270 1268 idem

211 1278 277 1308 Rex
293 1278 326 1307 ad
343 1279 400 1308 hoc
416 1280 607 1316 deputaverit,
625 1278 671 1308 vel
686 1278 794 1308 duxerit
809 1277 984 1314 deputandos
996 1301 1005 1316 ,
1024 1278 1270 1318 complementum

212 1318 246 1348 &
267 1317 475 1355 perfectionem
493 1319 626 1347 omnium
643 1316 782 1347 diciarum
806 1315 988 1353 Treugarum
1002 1339 1012 1355 2
1036 1316 1145 1347 Pacum
1160 1339 1171 1355 ,
1188 1315 1273 1346 Con-

212 1357 398 1394 ventionum,
418 1355 655 1394 ordinationum,
674 1357 707 1386 &
724 1354 974 1393 Concordiarum,

252 1394 298 1424 Ac
313 1395 412 1425 onmia
426 1395 459 1425 &
474 1394 594 1438 singula,
613 1404 677 1432 quae
693 1404 741 1431 per
761 1394 853 1431 ipsum
876 1393 1053 1424 Francorum
1074 1393 1189 1433 Regem
1206 1417 1215 1431 ,
1234 1404 1276 1424 ra-

211 1433 290 1463 tione
305 1443 400 1463 earum
411 1455 419 1471 2
438 1432 536 1463 Nobis
551 1434 584 1463 &
600 1432 723 1462 Subditis
736 1432 837 1462 nostris
857 1432 982 1462 facienda
999 1433 1032 1464 ὃς
1047 1432 1217 1473 complenda
1230 1443 1275 1463 re-

214 1471 287 1501 stant
300 1496 309 1510 ,
334 1472 367 1502 &
389 1482 454 1510 quae
476 1471 510 1501 ad
532 1471 601 1502 Nos
626 1472 658 1502 ὅτ
681 1471 816 1501 Subditos
836 1470 949 1501 nostros
966 1481 1014 1509 per
1028 1472 1116 1502 dictas
1129 1472 1275 1511 Treugas,

212 1509 320 1549 Paces,
338 1509 557 1540 Conventiones
567 1535 577 1548 ,
604 1509 807 1540 Ordinationes
821 1533 831 1549 ,
846 1511 879 1541 &
895 1509 1091 1548 Concordias,
1110 1510 1216 1541 debent
1231 1510 1277 1540 vel

214 1548 330 1587 poffunt
345 1548 564 1587 quomodolibet
577 1550 733 1586 pertinere,

253 1587 299 1617 Ac
313 1589 398 1618 etiam
413 1587 447 1617 ad
462 1588 687 1618 conservandum
699 1610 709 1624 ,
727 1587 966 1625 interpretandum
976 1610 986 1625 ,
1005 1586 1225 1627 declarandum,
1243 1588 1278 1617 &

214 1625 425 1665 complendum
443 1649 452 1664 ‚
476 1637 530 1665 pro
551 1626 650 1657 Nobis
674 1626 708 1656 &
727 1626 827 1656 nostro
850 1627 967 1657 nornine
980 1649 989 1663 ,
1009 1635 1147 1664 quantum
1161 1626 1195 1655 ad
1211 1625 1280 1655 Nos

215 1666 314 1696 attinet
333 1665 367 1696 &
389 1675 474 1703 prout
489 1674 635 1704 tenemur,
655 1663 800 1705 Treugas,
819 1664 922 1703 Paces,
941 1664 1175 1703 Conventiones,
1193 1663 1281 1694 Ordi-

217 1704 362 1743 nationes,
380 1705 414 1735 &
428 1702 625 1741 Concordias,
640 1702 822 1741 supradictas,

257 1742 296 1773 Et
311 1743 346 1773 ad
361 1743 459 1774 omnia
476 1743 528 1773 alia
549 1743 583 1773 ὃς
604 1741 708 1780 singula
730 1740 894 1772 faciendum
908 1765 918 1779 ,
937 1741 1180 1780 conservandum,
1198 1742 1284 1771 inter-

216 1781 405 1820 pretandum,
422 1780 639 1818 declarandum,
657 1780 690 1810 &
704 1780 930 1818 complendum,
949 1790 1012 1818 quae
1024 1780 1074 1811 sub
1091 1780 1173 1810 dictis
1188 1780 1285 1810 Treu-

217 1821 260 1860 gis
275 1843 286 1859 ,
310 1819 429 1851 Pacibus
443 1843 453 1858 ‚
479 1818 730 1849 Conventionibus
744 1841 753 1857 ,
774 1818 1025 1857 Ordinationibus,
1044 1819 1077 1849 &
1093 1819 1285 1856 Concordiis,

215 1867 349 1897 poterunt
370 1857 599 1896 comprehendi,
625 1858 658 1888 &
682 1867 746 1895 quae
766 1859 873 1889 ratione
894 1868 990 1888 earum
1007 1857 1152 1895 facienda,
1171 1857 1286 1888 conser-

217 1897 308 1928 vanda
321 1920 331 1935 ,
353 1896 554 1934 interpretanda
568 1920 578 1934 ,
607 1895 770 1926 declaranda
784 1920 794 1934 ,
820 1898 852 1928 δε
873 1897 1064 1934 complenda,
1082 1896 1234 1934 superiint,
1251 1895 1285 1926 ad

240 1945 284 1966 uae
304 1945 356 1965 nos
375 1945 520 1966 teneamur
537 1958 547 1974 ,
573 1936 606 1966 &
629 1946 694 1973 quae
713 1935 747 1965 ad
759 1935 871 1966 mistum
886 1935 1063 1966 Francorum
1080 1934 1212 1975 Regem,
1231 1945 1285 1974 pro

240 1984 256 2005 e
270 1974 303 2004 &
320 1974 338 1993 ’ἢ
355 1974 477 2005 Subditi:
492 1974 561 2012 suis,
579 1975 685 2004 ratione
699 1984 812 2012 earum,
831 1975 970 2011 pertinere
985 1974 1147 2012 debebunt,

250 2012 396 2082 flPlenam,
414 2023 513 2044 tenore
528 2012 707 2051 praesentium
721 2037 730 2050 ,
755 2012 941 2044 concedimus
962 2013 996 2044 ὃς
1008 2014 1217 2043 committimus
1227 2012 1287 2043 Po-

220 2060 249 2083 te
275 2061 360 2082 atem.

262 2089 406 2120 Volumus
419 2091 521 2127 etiam,
539 2090 572 2121 δε
588 2089 671 2120 vobis
687 2090 877 2128 injungimus,
896 2090 975 2127 quod
985 2113 994 2129 ,
1012 2089 1046 2120 ad
1059 2089 1216 2129 requestam
1227 2114 1235 2129 ,
1254 2090 1288 2120 δε

225 2128 256 2158 in
271 2128 434 2166 praesentia,
452 2127 695 2166 Deputandorum
709 2138 757 2165 pei·
770 2129 881 2159 distum
896 2129 1009 2168 Regem
1025 2129 1152 2159 Franciae
1168 2129 1202 2159 ad
1219 2139 1289 2166 prte-

227 2167 319 2204 dicta,
338 2167 459 2197 similem
480 2166 653 2197 potestatem
676 2167 861 2205 habentium,
877 2168 989 2206 juretis,
1008 2167 1042 2198 ad
1057 2167 1161 2198 Sancta
1176 2168 1234 2198 Dei
1250 2167 1290 2197 E-

227 2205 353 2245 vangelia
363 2228 372 2244 ,
391 2205 471 2243 quod
487 2206 516 2235 in
530 2205 610 2236 disto
624 2205 739 2235 Officio
753 2206 827 2236 bene
842 2208 875 2237 &
889 2206 1006 2237 fideliter
1019 2216 1071 2236 vos
1083 2207 1239 2244 habebitis,
1257 2206 1291 2237 δε

224 2244 277 2283 Jus
298 2244 417 2275 reddetis
431 2267 440 2281 ‚
462 2245 496 2275 δε
511 2245 634 2281 facietis,
648 2244 728 2281 super
744 2245 902 2284 praedictis,
920 2244 1075 2275 secundum
1092 2244 1291 2276 Conscientias

230 2281 349 2313 vestras:
372 2282 442 2312 Nec
456 2284 593 2313 omittetis
603 2283 654 2321 Jus
667 2284 760 2313 facere
773 2284 807 2315 &
819 2283 915 2314 dicere
929 2285 1035 2314 timore
1048 2308 1058 2321 ,
1076 2283 1175 2322 Odio,
1191 2284 1236 2314 vel
1252 2284 1294 2314 Α-

230 2331 336 2359 more,
360 2321 431 2352 dum
453 2330 548 2352 tamen
564 2320 729 2360 Deputandi
750 2321 882 2359 praedidti
902 2323 992 2354 limile
1004 2322 1182 2361 praestiterint
1196 2323 1294 2353 Sacra-

229 2367 369 2391 mentum.

269 2398 306 2429 Et
319 2423 329 2436 ,
353 2398 373 2428 si
397 2399 475 2437 Qiae
496 2398 580 2429 vobis
601 2398 698 2429 Dubia
718 2401 896 2431 occurrerint
915 2400 945 2431 in
966 2399 1114 2438 praemiffis
1127 2423 1137 2438 ,
1161 2400 1296 2431 volumus

232 2437 313 2475 qubd
336 2447 388 2468 vos
405 2462 415 2475 ,
439 2438 495 2469 uri-Ii
514 2447 584 2468 cum
605 2437 784 2475 Deputandis
805 2438 950 2476 praedietis
965 2462 974 2477 ‚
997 2449 1030 2469 ea
1048 2438 1147 2469 Nobis
1169 2440 1202 2470 δε
1215 2439 1295 2470 dicto

231 2475 359 2506 hancine
374 2475 468 2516 Regi,
488 2477 658 2513 quamcitius
670 2478 812 2514 poteritis,
831 2479 984 2508 remittatis.

273 2513 443 2545 Mandantes
465 2516 547 2547 vobis
567 2515 647 2552 quod
669 2515 757 2546 dietas
773 2516 921 2554 Treugas,
939 2516 1043 2555 Paces,
1062 2515 1298 2554 conventiones,

235 2552 435 2583 Ordinationes
448 2577 458 2590 ,
483 2554 516 2584 δε
540 2552 718 2584 Concordias
734 2578 742 2593 ‚
767 2555 801 2586 &
825 2565 890 2593 quae
910 2564 946 2585 ex
965 2565 1063 2586 earum
1079 2563 1176 2585 tenore
1191 2555 1299 2593 depen-

236 2591 322 2630 dent,
340 2592 373 2623 &
389 2592 504 2630 possunt
526 2593 733 2630 comprehendi
749 2594 921 2631 aliquatenus
942 2595 971 2624 in
993 2594 1095 2624 eisdem
1106 2619 1115 2632 ,
1133 2594 1235 2624 servari
1250 2593 1299 2623 fir-

235 2631 320 2661 miter
340 2630 445 2662 faciatis
465 2630 621 2661 secundum
642 2631 761 2668 ipsarum
785 2632 882 2671 Vires,
902 2633 1036 2671 Formas,
1053 2634 1087 2663 &
1098 2632 1247 2670 EffectuS,
1265 2634 1299 2663 ὃς

234 2678 318 2707 prout
333 2678 383 2707 per
397 2680 465 2706 vos,
483 2671 516 2701 ὃς
531 2669 615 2707 alios,
633 2679 648 2699 a
662 2669 742 2700 dic'to
757 2670 781 2700 F
783 2673 885 2702 ranciae
898 2671 981 2712 Rege
996 2671 1183 2710 Deputandos
1198 2694 1208 2711 ‚
1228 2681 1302 2702 con-

233 2709 331 2745 tigerit
345 2709 534 2747 interpretari,
552 2708 703 2747 declarari,
721 2710 756 2740 &
770 2711 854 2740 etiam
866 2711 1045 2742 concordari.

275 2745 312 2777 Et
325 2745 382 2783 Ea„
393 2756 464 2784 rqute
482 2755 598 2784 propter
617 2747 750 2779 locorum
772 2747 930 2788 distantias,
947 2750 1186 2788 conquerentium
1207 2747 1303 2778 multi-

236 2784 365 2815 tudinem
382 2808 391 2822 ,
417 2785 450 2814 &
472 2786 534 2815 alias
550 2785 639 2816 causas
653 2786 813 2825 evidentes,
832 2788 1010 2828 personaliter
1025 2789 1136 2826 facere,
1153 2788 1302 2819 conserva-

239 2832 288 2861 re,
306 2823 339 2854 δε
361 2822 507 2860 complere
521 2847 531 2861 ,
556 2833 617 2854 non
639 2826 766 2862 poteritis
782 2850 792 2864 ,
817 2836 868 2864 per
890 2827 977 2866 alios,
1001 2828 1156 2858 secundum
1176 2826 1303 2857 formam

241 2860 548 2899 praedidiamJuratos,
566 2861 644 2901 fieri,
663 2864 836 2903 conservari,
855 2866 888 2896 ὃς
902 2866 1059 2904 compleri,
1076 2866 1194 2896 faciatis:

280 2898 350 2942 Nos
363 2900 440 2929 enim
452 2900 561 2931 Rarum
577 2901 783 2941 imperpetuum
797 2903 964 2935 habebimus
977 2912 1060 2942 atque
1073 2904 1304 2942 Gratum,quic-

241 2937 312 2975 quid
332 2948 383 2976 per
404 2938 466 2982 Vos
482 2961 492 2976 ,
516 2947 563 2970 aut
578 2940 710 2980 Qatuor
723 2963 733 2978 ,
756 2942 802 2972 seu
822 2942 914 2982 Tres,
932 2943 977 2974 vel
991 2943 1077 2974 Duos
1088 2943 1217 2974 vestrum
1253 2942 1303 2972 sub

241 2975 337 3006 forma
352 2976 509 3015 praedista,
526 2980 634 3008 caeteris
645 2978 819 3018 absentibus,
838 2981 947 3012 fictum
963 2982 1047 3012 fuerit
1059 2983 1089 3012 in
1103 2982 1203 3020 praemi
1227 2991 1264 3011 is:

279 3014 390 3045 Dantes
404 3038 414 3053 ,
438 3025 539 3046 tenore
555 3016 751 3056 praesentium,
770 3019 797 3048 in
813 3019 966 3058 mandatis,
983 3021 1118 3050 omnibus
1129 3019 1307 3059 Juffidarsts,

244 3053 279 3084 &
300 3053 424 3084 Subditis
446 3054 549 3085 nostris
562 3078 573 3093 ‚
593 3063 624 3085 ut
645 3057 674 3086 in
696 3057 861 3097 praemiffis,
890 3059 923 3090 &
939 3069 971 3089 ea
985 3060 1179 3096 tangentibus,
1199 3058 1308 3097 Vobis,

242 3098 291 3135 aut
310 3092 446 3131 Quattuor
459 3115 468 3132 ‚
493 3093 538 3124 seu
552 3092 677 3132 Tribus,
695 3094 740 3124 vel
757 3095 881 3127 Duobus
894 3096 1044 3134 vestrum,
1063 3097 1112 3127 sub
1128 3097 1224 3127 forma
1236 3107 1309 3135 prae-

241 3128 319 3160 dieta
343 3131 456 3169 (quibus
476 3132 506 3162 in
526 3132 578 3162 hac
598 3141 678 3170 parte
700 3133 786 3164 Vices
806 3135 914 3165 nostras
935 3137 1156 3170 committimus]
1176 3137 1214 3165 ita
1228 3134 1309 3174 quod

243 3167 466 3237 {gghfi‘tmelim
479 3170 696 3209 Occupantium
709 3171 853 3204 Condicio
861 3197 872 3213 ‚
889 3174 958 3205 sicut
970 3175 1054 3205 nobis
1062 3198 1072 3214 ,
1090 3183 1203 3212 pareant
1218 3175 1251 3205 ὃς
1266 3175 1310 3204 in-

327 3216 346 3236 n
361 3230 368 3237 .

322 3243 357 3274 In
371 3246 450 3284 cujus
457 3271 466 3284 ‚
484 3248 545 3277 &c.

284 3282 352 3313 Dat.
372 3285 446 3321 apud
460 3285 673 3326 Rokyngham,
689 3289 828 3320 vicesimo
843 3289 930 3321 Sexto
943 3290 988 3321 die
1006 3290 1120 3328 Martii,
1143 3290 1231 3321 Anno
1245 3289 1312 3320 Do-

250 3321 735 3391 ffspbffissssefimO’TffiscemefimO
748 3328 911 3360 Tricesimo
927 3339 1045 3368 quarto,
1061 3330 1159 3368 Regni
1171 3330 1243 3361 vero
1258 3339 1314 3360 no—

278 3370 299 3389 ri
379 3371 443 3392 avo.

288 3501 337 3532 De
353 3497 528 3543 Proctffibus
542 3506 718 3548 praetaxatis
727 3514 782 3550 per
804 3506 1021 3552 Commtffizriox
1038 3509 1211 3555 recipiendis
1231 3514 1268 3550 ζῇν

356 3632 388 3664 X
414 3635 468 3673 eis,
487 3634 548 3665 &c.
566 3634 701 3667 Salutem.

662 3553 886 3588 examinandis,

255 3633 314 3740 ll}
351 3672 436 3741 I(ffuirn
454 3673 680 3713 affignaverimus
693 3675 755 3706 Vos
771 3676 807 3708 ad
828 3677 1027 3711 resumendum
1043 3680 1076 3711 &
1091 3681 1317 3714 continuandum

280 3720 348 3742 roce
374 3722 423 3751 us,

294 3749 349 3780 Per
362 3760 451 3782 cerras
466 3750 616 3791 Personas,
631 3760 696 3792 per,
712 3752 795 3784 clarae
809 3757 975 3794 memoriae,
993 3749 1160 3788 Dominum
1173 3758 1208 3789 E.
1224 3769 1319 3798 quon·

245 3786 323 3818 dam
345 3788 459 3833 Regem
482 3790 596 3830 Angliae
608 3815 619 3829 ,
642 3790 755 3821 Patrem
777 3793 908 3824 nostrum
922 3817 932 3833 ,
949 3805 985 3825 ex
999 3796 1055 3826 una
1067 3805 1160 3834 parte,
1180 3798 1215 3828 ὃς

255 3825 382 3858 Franci-ae
401 3828 514 3869 Regem
535 3839 569 3860 ex
589 3829 673 3860 alters⁴
687 3829 832 3864 affirmatas
865 3833 939 3870 apud
954 3832 1140 3873 Petragorum
1155 3836 1320 3873 inchoatos,

268 3901 273 3906 ·
292 3864 366 3896 Una
379 3877 447 3898 cum
463 3868 534 3907 illis,
553 3878 625 3907 quos
658 3868 814 3900 Excellenti
837 3880 910 3900 imus
928 3871 1078 3911 Princeps,
1097 3873 1321 3905 DominusPhi-

255 3899 345 3940 lippus
358 3929 369 3943 ,
395 3906 521 3937 Franciae
544 3906 610 3937 Rex
631 3893 745 3938 illustris
760 3932 770 3946 ,
796 3907 1028 3948 consanguineus
1039 3911 1135 3942 noster
1149 3913 1320 3953 carissimus,

253 3939 290 3970 ad
304 3941 364 3973 hoc
377 3943 487 3977 duxerit
499 3945 698 3985 assignandos,

281 3977 334 4023 ⁴Et
347 3981 382 4012 ad
397 3984 531 4020 quaedam
547 3985 597 4015 alia
609 3985 769 4016 faciendum
783 4008 793 4024 ,
815 3995 881 4024 quae
899 3987 928 4016 in
942 3986 999 4017 aliis
1013 3987 1116 4018 nostris
1129 3988 1249 4029 Literis‚
1266 4001 1321 4022 vo-

257 4015 302 4046 bis
315 4018 490 4064 indefaffis,
505 4023 614 4061 plenius
629 4025 810 4056 continentur
824 4048 834 4063 ,

297 4053 336 4085 Et
356 4065 440 4088 etiarn
461 4061 495 4090 ad
512 4062 710 4093 resumendum
725 4064 758 4095 δε
778 4062 1003 4094 continuandum
1017 4063 1167 4098 Proceffus

258 4091 332 4136 stros
349 4095 383 4137 βε
399 4095 470 4138 dieti
483 4098 694 4142 Consanguinei
707 4101 799 4133 nostri
807 4100 1050 4142 Commissarios,
1066 4104 1141 4143 apud

253 4131 287 4161 δε
299 4131 362 4163 aiibi
372 4154 382 4171 ,
402 4134 569 4176 inchoatos,

1174 4091 1185 4105 ,
1203 4077 1253 4106 per
1266 4077 1322 4098 no-

1155 4104 1322 4145 Agennum,

1303 153 1784 229 PUss'LtcA.
2284 201 2366 242 109

1334 268 1428 313 Vobis
1451 271 1622 303 Mandamus
1641 273 1721 311 quod
1735 297 1745 312 ,
1767 274 1831 306 visis
1854 273 2035 312 praesennbus
2049 299 2059 313 ,
2084 284 2186 306 orrnes
2203 272 2367 315 'hujusmodi
2380 274 2448 304 Qun.
2465 270 2504 305 D„

1297 307 1448 339 Processus
1471 320 1485 339 a
1499 333 1509 346 ,
1536 311 1653 341 DileCm
1676 313 1795 343 Clerico
1821 322 1939 352 nonro,
1959 314 2246 353 Nlaglstroyjoilsfflsse
2262 315 2363 352 Pei-es,
2396 318 2478 352 1334.

1299 357 1348 384 per
1370 345 1552 390 liidenturain
1568 372 1578 391 ,
1603 350 1676 380 inter
1698 352 1756 381 isos
1779 354 1811 382 ἃ
1835 352 1922 389 ipsum
1938 355 2004 383 inde
2020 352 2249 391 conficiendam,
2263 354 2364 383 diebus
2381 355 2446 381 ἐάν.
2461 364 2487 390 3.

1300 386 1333 428 ὃς
1356 384 1434 428 locis·
1446 394 1594 422 oportunis
1606 410 1615 425 ,
1639 390 1777 426 recipiatis
1793 400 1798 418 ;
1818 391 1850 420 &
1868 391 1992 427 ipsorum
2009 391 2234 430 Examinationi,
2253 394 2285 423 ὅ(
2300 392 2361 420 Or-

1299 424 1435 467 dinationi
1456 426 1606 467 omnium,
1625 436 1689 464 quse
1702 427 1735 456 ad
1752 427 1895 458 dictorum
1918 430 2105 460 Procell‘uuin
2122 430 2362 470 Resuzzzptionem

1299 462 1449 492 necessaria
1463 462 1606 507 videritis,
1624 465 1669 495 vel
1691 467 1774 496 etiam
1794 476 1952 505 oportuna,
1969 469 2118 507 diligenter
2133 470 2294 506 intendatis,
2314 469 2360 498 vel

1301 510 1371 529 unus
1393 500 1521 530 vestrum
1541 503 1688 541 intendat,
1714 505 1746 534 &
1763 505 1798 533 de
1810 506 1956 541 diligentia
1971 509 2062 537 vestra
2076 508 2104 536 in
2120 507 2264 544 praemiffis
2280 508 2360 537 dicto

1302 538 1479 582 Francorum
1495 539 1589 579 Regi,
1606 542 1639 571 ὃ(
1654 543 1789 571 omnibus
1802 565 1811 579 ,
1832 545 1931 580 quibus
1946 544 2046 584 decet,
2064 548 2097 575 ad
2112 547 2194 576 citius
2207 548 2293 584 quam
2310 555 2363 583 po·-

1302 585 1405 614 teritis,
1425 577 1554 608 constare
1568 579 1686 618 faciam,
1703 582 1748 610 vel
1764 581 1893 611 constare
1909 586 1990 614 faciat
2007 594 2076 613 unus
2091 584 2238 622 vestrum,

1339 615 1540 646 Mandavinius
1560 619 1639 647 enim
1662 619 1741 648 dicto
1761 617 1904 655 Magistro
1920 621 2059 660 johanni,
2078 625 2157 660 quod
2179 624 2271 653 uictos
2291 618 2366 652 Pro-

1304 654 1395 698 cessus
1409 655 1505 693 vobis,
1524 657 1557 685 ἂ
1574 655 1701 686 vestrum
1722 657 1838 687 cuilibet
1853 681 1862 695 ,
1880 658 1930 689 sub
1946 660 2038 691 forma
2051 660 2187 698 praedicta
2201 663 2281 692 raciat
2294 664 2366 691 libe—

1304 703 1366 722 rari.

1378 729 1412 759 In
1425 731 1520 769 cujus,
1540 732 1601 761 ὅτε.

1344 768 1435 799 Teste
1450 769 1533 808 Rege
1545 769 1617 807 apud
1633 770 1847 810 Rokyngham,
1869 774 1907 802 26
1925 773 1971 804 die
1986 774 2093 806 Martii.

1345 910 1369 934 ’θ
1391 914 1439 944 De
1456 909 1649 955 Procqffibus,
1675 912 1826 958 quondam
1844 912 1927 959 apud
1943 913 2157 953 Monstrollnm
2177 916 2338 960 inchoatis,
2387 915 2402 930 ⁸
2422 913 2475 942 IV·

1617 960 1798 1006 refirmenslis
1811 964 1847 999 εἴ]
1867 962 2060 1009 corrigendit.
2388 954 2454 980 ⁶⁰⁰·

1314 1053 1464 1108 REX,
1481 1053 1604 1084 Dileciis
1618 1055 1652 1086 &
1667 1055 1810 1087 Fidelibus
1827 1057 1894 1095 suis,
1913 1056 2078 1090 willielmo
2093 1058 2129 1089 de
2143 1057 2289 1098 Clynton,
2307 1059 2374 1090 Bar·
2389 1057 2466 1088 Arm.
2479 1056 2520 1088 D„

1391 1092 1552 1136 tholomaeo
1573 1093 1609 1124 de
1624 1093 1797 1131 Burgherssh
1809 1118 1818 1133 ,
1834 1095 1997 1127 willielmo
2009 1097 2121 1127 Truss'el
2130 1120 2140 1135 ,
2157 1101 2190 1129 &
2202 1099 2324 1136 johanni
2337 1100 2373 1129 de
2417 1104 2504 1136 1334-

1312 1128 1472 1169 Shordich,
1492 1130 1649 1161 Militibus:
1671 1132 1831 1171 magistris,
1847 1134 1974 1164 Thomae
1994 1134 2030 1166 de
2053 1137 2184 1176 Aitleye,
2199 1137 2324 1175 Johanni
2339 1145 2374 1167 oe
2392 1141 2442 1164 Aa.
2462 1136 2490 1162 3-

1312 1166 1442 1206 Ufford,
1461 1169 1556 1200 Sancti
1570 1169 1649 1200 Pauli
1663 1170 1844 1210 Londoniae‚
1857 1172 1983 1210 Johanni
1996 1174 2117 1205 Travers
2132 1200 2141 1212 ,
2163 1175 2376 1214 Lichfeldensis,
2395 1180 2412 1202 E
2444 1184 2470 1210 3·

1312 1206 1346 1249 ὃς
1365 1206 1488 1277 Jthanlni
1507 1207 1542 1238 de
1558 1207 1630 1238 OO.
1649 1209 1686 1239 de
1701 1209 1835 1248 oxonia,
1853 1210 2052 1251 Heresordiae‚
2070 1213 2259 1245 Eccleliarum
2276 1213 2377 1244 Cano-
2393 1214 2459 1241 Ibid-

1313 1254 1401 1283 nicis,
1437 1255 1548 1277 autem.
2325 1262 2327 1265 ⁴

1353 1283 1453 1322 Cum,
1472 1295 1521 1323 per
1538 1285 1643 1317 Literas
1656 1286 1782 1325 nostras,
1799 1297 1902 1319 omnes
1915 1288 2094 1327 Treugarum
2109 1291 2142 1320 ὅ(
2158 1290 2267 1321 Pacum
2277 1289 2380 1329 ,Con-

1313 1324 1480 1361 vmriones,
1507 1323 1727 1364 Ordinationes,
1745 1327 1779 1356 &
1793 1325 1986 1365 Concordias,
2004 1329 2089 1365 inter,
2108 1328 2382 1360 Excellcntssi‘imum

1317 1360 1480 1406 Principem
1500 1385 1510 1401 ,
1537 1362 1700 1394 Dominum
1724 1364 1910 1405 Philippum,
1935 1365 2050 1403 Regem
2072 1366 2196 1396 Fraitciae
2220 1367 2297 1398 Iluit
2314 1379 2357 1397 ein
2370 1392 2384 1415 2

1317 1399 1568 1442 Consanguirieum
1584 1403 1713 1433 nostrum
1729 1404 1920 1442 cariffimum,
1939 1404 1974 1436 &
1987 1404 2187 1436 Anteceffores
2201 1411 2262 1435 litos
2279 1416 2311 1435 ex
2333 1417 2384 1436 iiia

1317 1448 1396 1476 parte
1409 1463 1418 1478 ,
1443 1441 1477 1471 ὅ(
1498 1439 1565 1470 Nos
1580 1451 1612 1471 ac
1628 1441 1741 1472 nostros
1763 1452 1798 1472 ex
1809 1442 1914 1481 altera,
1933 1443 2097 1482 quondam,
2116 1445 2150 1475 &
2165 1454 2271 1482 nuper,
2289 1447 2383 1483 initas,

1317 1476 1500 1509 effectualiter
1512 1487 1606 1509 tenere
1620 1480 1654 1510 &
1669 1481 1835 1511 conservare
1847 1482 2070 1518 promiserimus:

1357 1516 1395 1547 Et
1416 1526 1450 1546 ex
1472 1525 1549 1554 parte
1561 1542 1571 1556 ‚
1594 1519 1702 1549 inclitae
1722 1520 1925 1550 recordationis
1940 1545 1950 1558 ,
1978 1520 2101 1551 Domini
2119 1519 2271 1560 Edwardi,
2289 1530 2384 1560 quon·

1318 1554 1385 1584 dam
1408 1555 1495 1594 Regis
1516 1556 1627 1595 Angli-ie
1641 1579 1651 1595 ,
1677 1557 1733 1587 Avi
1754 1558 1843 1588 nostri
1857 1582 1867 1596 ,
1891 1561 1923 1589 &
1939 1559 2125 1589 Subditorum
2143 1559 2260 1590 suorum
2276 1569 2311 1590 ex
2327 1560 2383 1591 unfi

1320 1602 1398 1631 parte
1412 1617 1422 1631 ,
1441 1595 1490 1631 ὃς,
1510 1594 1595 1624 boiite
1612 1597 1776 1634 memoriae,
1794 1596 1919 1627 Domini
1935 1597 2076 1635 Philippi,
2097 1597 2244 1635 quondam
2260 1598 2387 1630 Franco-

1321 1641 1385 1661 rum
1407 1632 1495 1672 Regis
1543 1633 1577 1664 ὃς
1599 1632 1787 1665 Subditorum
1808 1635 1946 1674 suorum,
1969 1645 2004 1666 ex
2025 1635 2131 1675 altera,
2147 1646 2262 1675 coram,
2281 1639 2388 1668 inclitae

1325 1672 1491 1709 memoriae,
1509 1657 1643 1702 Domino
1660 1671 1831 1711 Clemente,
1850 1673 1925 1711 Papa
1940 1674 2055 1713 Qiinto
2073 1697 2083 1712 ,
2102 1675 2191 1705 Anno
2206 1675 2392 1706 pontificatus

1326 1709 1364 1739 sui
1380 1711 1492 1747 primo,
1510 1710 1589 1747 super
1605 1709 1857 1742 Conventionibus
1874 1712 2054 1751 Treugarum
2069 1715 2102 1743 ὃς
2117 1713 2217 1752 Pacis,
2232 1715 2303 1745 inter
2319 1715 2391 1752 ipsos

1327 1746 1422 1787 Reges
1443 1750 1476 1780 &
1500 1759 1602 1779 eorum
1622 1749 1822 1781 Antecess'ores
1839 1751 1930 1790 initis,
1948 1752 1981 1783 ὃς
1997 1752 2179 1790 incompletis
2192 1753 2392 1792 existentibus,

1327 1787 1524 1817 conservandis
1539 1789 1572 1818 &
1587 1788 1784 1826 complendis,

1366 1825 1402 1855 Et
1418 1826 1446 1854 in
1460 1827 1633 1856 contrarium
1649 1829 1819 1866 attemptatis
1832 1828 2017 1866 revocandis,

1365 1863 1402 1894 Et
1414 1864 1494 1902 super
1508 1864 1663 1895 Terrarum
1677 1867 1709 1896 δε
1723 1866 1957 1905 jurisdictionum
1971 1867 2134 1906 Supprffiis,
2152 1867 2302 1899 Bonorum
2318 1869 2390 1900 Are—

1327 1901 1508 1941 stationibus,
1526 1913 1559 1934 ac
1573 1904 1628 1934 aliis
1641 1905 1855 1943 quamplurimis
1871 1905 2010 1942 Dampnis
2020 1930 2030 1943 ,
2050 1907 2079 1935 in
2093 1906 2187 1938 Terra
2206 1908 2281 1938 &in
2296 1907 2392 1947 Mari,

1326 1941 1394 1971 datis
1409 1951 1458 1979 per
1472 1942 1606 1973 Subditos
1622 1943 1765 1973 dictorum
1782 1944 1920 1982 Regum,
1939 1945 1975 1974 de
1991 1945 2116 1982 ipsorum
2131 1945 2260 1984 Regnis,
2278 1956 2310 1977 ac
2318 1946 2393 1977 Ter-

1331 1981 1384 2018 ris,
1403 1988 1505 2010 eorum
1527 1980 1671 2012 Dominio
1693 1982 1821 2019 subjectis
1833 2006 1843 2021 ,
1865 1983 2088 2021 Supplicationes
2108 1984 2141 2015 &
2167 1984 2301 2022 Qerelae
2313 1985 2396 2024 Lug-

1330 2018 1409 2049 duno
1424 2020 1507 2049 factae
1523 2019 1638 2051 fuiffent
1652 2021 1685 2051 &
1701 2021 1816 2059 delatae3

1370 2057 1415 2088 Ac
1431 2068 1529 2088 coram
1546 2058 1681 2090 Domino
1697 2058 1791 2098 Papa,
1810 2069 1844 2090 ex
1856 2068 1935 2098 parte
1947 2059 2092 2091 dictorum
2106 2060 2245 2100 Regum,
2260 2062 2399 2093 intercae-

1331 2103 1389 2127 tera
1397 2119 1406 2133 ,
1424 2097 1631 2127 concordatum
1646 2098 1738 2129 fuiffet
1746 2121 1755 2136 ,

1371 2135 1465 2173 Qiod
1486 2146 1588 2166 omnes
1607 2136 1770 2175 hujusmodi
1792 2136 2010 2169 Conventiones
2026 2160 2035 2175 ‚
2062 2147 2113 2176 per
2133 2139 2208 2169 viros
2223 2137 2397 2178 fidedignos,

1332 2183 1382 2211 per
1402 2174 1472 2211 ipsos
1494 2174 1588 2214 Reges
1608 2176 1675 2206 hinc
1695 2175 1761 2206 inde
1781 2176 1956 2213 deputandos
1969 2201 1979 2214 ,
2003 2176 2100 2207 debite
2116 2176 2347 2208 conservarentur
2362 2179 2396 2209 &

1333 2213 1546 2249 complerentur
1560 2236 1569 2251 ,
1594 2223 1627 2244 ac
1647 2214 1683 2244 de
1701 2215 1837 2245 omnibus
1861 2214 2005 2253 Dampnis
2021 2239 2031 2253 ,
2053 2216 2122 2245 datis
2141 2216 2225 2246 dietis
2249 2216 2400 2256 Regibus,

1333 2252 1366 2281 &
1381 2261 1480 2282 eorum
1495 2252 1633 2291 Siibditis,
1649 2253 1716 2283 hinc
1731 2254 1814 2291 inde,
1833 2262 1933 2284 contra
1947 2254 2143 2291 praedictarum
2158 2254 2402 2286 Conventionum

1334 2289 1417 2358 Vi1rses
1430 2314 1440 2328 ,
1467 2289 1582 2321 Formas
1595 2313 1606 2331 ,
1631 2291 1676 2322 vel
1696 2291 1827 2323 EffeStus
1842 2316 1851 2331 ,
1877 2292 1969 2323 debita
1989 2292 2147 2324 Satisfafflo
2170 2292 2250 2324 fieret
2264 2292 2401 2333 Dampna

1356 2338 1370 2358 a
1395 2338 1431 2358 is:

1336 2338 1355 2366 p
1375 2366 1414 2397 Et
1430 2367 1500 2398 cum
1514 2392 1523 2406 ,
1549 2377 1584 2398 ex
1605 2377 1684 2406 parte
1703 2368 1849 2400 di&orum
1872 2369 2059 2400 Subditorum
2076 2370 2205 2408 praedicti
2224 2369 2281 2400 Avi
2297 2369 2403 2409 nostri,

1336 2405 1483 2445 allegatum
1500 2407 1592 2438 fuisset
1605 2407 1687 2445 quod
1701 2408 1834 2446 praedieti
1847 2408 1947 2445 Reges
1960 2431 1970 2447 ,
1996 2410 2026 2439 in
2040 2408 2118 2438 Pacis
2133 2408 2271 2440 Traoatu
2285 2433 2295 2446 ,
2318 2410 2347 2439 in
2362 2410 2405 2447 ip-

1336 2444 1381 2475 sos
1399 2455 1511 2487 omnes*
1524 2445 1671 2476 Rancores
1682 2469 1692 2485 ,
1714 2446 1829 2485 Injurias
1843 2470 1854 2486 ,
1881 2446 2109 2486 Malivolentias,
2127 2448 2161 2478 &
2178 2447 2254 2478 Odia
2267 2469 2277 2485 ,
2294 2448 2406 2479 adinvi-

1340 2493 1407 2514 cem
1423 2486 1605 2522 remiierunt,

1378 2521 1416 2552 Et
1431 2523 1491 2552 talis
1504 2523 1576 2553 inter
1589 2523 1660 2561 ipsos
1673 2523 1772 2561 Reges
1785 2524 1860 2554 faeta
1872 2531 1930 2554 erat
1944 2522 2168 2555 Confoederatio
2180 2547 2191 2563 ,
2210 2523 2407 2555 Matrimoniis

1341 2559 1376 2591 &
1392 2559 1491 2591 Poenis
1506 2562 1603 2592 vallata
1615 2586 1625 2600 ,
1650 2563 1731 2600 quod
1752 2564 1823 2593 inter
1840 2573 1889 2593 eos
1912 2562 2025 2593 Guerra
2039 2563 2164 2594 timenda
2177 2573 2237 2593 non
2254 2563 2339 2602 effer,
2359 2563 2409 2594 nisi

1342 2607 1376 2629 ex
1391 2599 1470 2630 fastis
1484 2600 1670 2631 Subditorum
1685 2605 1800 2631 suorum
1816 2611 1914 2632 ortum
1934 2601 2049 2632 haberet
2064 2625 2073 2641 ,
2091 2611 2124 2632 ac
2138 2602 2230 2640 plures
2243 2602 2302 2631 aliae
2317 2602 2407 2632 causae

1342 2636 1481 2677 affignatae
1494 2639 1605 2669 fiiiss'ent
1619 2652 1628 2677 ⁴,
1656 2649 1691 2670 ex
1705 2640 1806 2678 quibus
1820 2640 1888 2671 dicti
1904 2639 1999 2680 Reges
2014 2642 2104 2679 moti,
2123 2651 2176 2678 pro
2191 2641 2270 2670 bono
2283 2640 2360 2671 Pacis
2372 2642 2408 2672 &

1344 2676 1446 2707 Terrae
1462 2677 1576 2708 Sanctae
1589 2680 1721 2715 proximo
1738 2678 1867 2709 succursu
1877 2704 1886 2717 ,
1900 2679 2050 2709 Process'us
2062 2680 2141 2716 super
2156 2678 2317 2715 hujusmodi
2327 2679 2415 2710 dam—.

1345 2717 1408 2754 pnis
1428 2725 1527 2746 eorum
1550 2717 1674 2748 Subditis
1693 2718 1761 2747 hinc
1783 2718 1849 2747 inde
1862 2718 1946 2757 datis,
1964 2717 2143 2748 processibus
2155 2718 2235 2754 super
2251 2717 2411 2756 Dampnis,

1345 2754 1409 2792 ipfis
1423 2753 1552 2794 Regibus
1565 2756 1648 2794 datis,
1666 2757 1793 2786 fecerunt
1806 2757 1953 2794 anteferri,
1972 2757 2005 2787 ὅ(
2017 2756 2090 2793 apud
2108 2755 2337 2794 Moristtollum,
2358 2765 2406 2794 pet

1345 2794 1472 2831 ipsorum
1487 2792 1723 2833 Commiffarios,
1740 2795 1808 2824 hinc
1821 2795 1888 2825 inde
1908 2795 2069 2832 deputat03‚
2089 2795 2275 2826 amicabiliter
2293 2795 2411 2826 inchoa-

1347 2834 1371 2862 ri
1381 2856 1389 2870 ,
1408 2832 1534 2870 dictique
1548 2833 1697 2864 Processus
1711 2833 1802 2864 adhuc
1817 2833 1956 2871 pendeant
1970 2832 2098 2863 indecili:

1387 2869 1527 2909 Cumque
1550 2873 1622 2902 inter
1638 2872 1792 2911 Subdiios,
1806 2872 1911 2903 inclitae
1924 2872 2143 2910 recordationis,
2159 2870 2285 2902 Domini
2298 2871 2416 2903 Edwar-

1347 2909 1378 2939 di
1391 2932 1401 2948 ,
1427 2911 1573 2947 quondam
1595 2910 1683 2949 Regis
1704 2910 1815 2949 Angliae
1828 2934 1839 2949 ,
1862 2909 1950 2941 Patris
1972 2911 2082 2949 nostri,
2109 2911 2142 2941 &
2159 2910 2289 2949 nostros,
2307 2920 2342 2941 ex
2357 2911 2414 2941 una

1369 2956 1442 2985 arte,
1459 2949 1508 2987 &,
1525 2948 1757 2979 Excelleniiffimi
1772 2949 1930 2987 Principis,
1947 2949 2070 2980 Domini
2084 2948 2413 2988 Philippi,Franc0rum

1383 2989 1440 3025 egis
1463 2986 1577 3017 Illustris
1590 3013 1600 3026 ,
1627 2986 1839 3028 Consanguinei
1862 2988 1949 3018 nostri
1971 2988 2102 3019 carissimi
2109 3011 2120 3026 ,
2139 2990 2172 3019 &
2189 2987 2412 3018 Antecessorum

1349 3026 1482 3063 suorum,
1499 3035 1533 3056 ex
1547 3026 1647 3065 altera,
1665 3027 1744 3065 super
1759 3027 1893 3058 iimilibus
1908 3026 2051 3065 Dampnis
2065 3050 2074 3065 ‚
2099 3037 2114 3056 a
2127 3026 2208 3056 dicto
2226 3035 2356 3063 tempore
2368 3027 2412 3057 ci-

1351 3074 1409 3102 tra,
1427 3065 1486 3095 tam
1500 3074 1630 3103 tempore
1643 3065 1846 3104 Treugarum,
1865 3067 1952 3103 quam
1968 3065 2064 3103 Pacis,
2083 3065 2150 3095 hinc
2167 3064 2232 3094 inde
2247 3064 2333 3102 datis,
2351 3074 2412 3095 non

1352 3102 1468 3133 modica
1481 3103 1512 3133 sit
1526 3114 1586 3135 orta
1602 3105 1715 3135 materia
1729 3104 1906 3142 quoestionis,

1390 3141 1449 3180 Et,
1475 3143 1553 3181 super
1576 3143 1671 3181 aliqua
1691 3152 1767 3181 parte
1789 3143 1950 3182 hujusmodi
1969 3141 2131 3181 quaestionis
2153 3140 2286 3172 Materiae
2299 3166 2311 3179 ,
2342 3142 2413 3172 certi

1353 3179 1505 3212 Proceffiis
1528 3191 1577 3219 per
1596 3182 1665 3213 dieii
1688 3182 1864 3212 Francorum
1878 3182 1965 3220 Regis
1978 3180 2212 3218 Commissarios,
2230 3180 2263 3210 &
2279 3179 2409 3218 nostros,

1350 3219 1505 3250 secundum
1518 3220 1660 3259 cujusdam
1674 3219 1850 3251 Concordiae
1865 3220 1988 3251 formam
2003 3244 2013 3258 ,
2038 3220 2109 3248 inter
2121 3217 2261 3262 Ipsum&
2277 3219 2345 3262 Nos
2361 3219 2414 3261 ini-

1354 3268 1413 3296 tae,
1437 3269 1475 3289 nu
1496 3269 1526 3289 er
1546 3260 1692 3299 deputatos
1705 3282 1714 3297 ,
1737 3260 1810 3298 apud
1832 3259 1983 3298 Agerinum
1997 3282 2006 3296 ,
2026 3257 2154 3300 &aiibi,
2169 3258 2354 3288 amicabiliter
2367 3266 2411 3286 in-

1355 3298 1450 3329 choati
1480 3298 1598 3336 uisfent,
1617 3299 1649 3329 &
1664 3298 1756 3329 adhuc
1768 3297 1907 3336 pendeant
1921 3297 2053 3334 indecili3

1393 3335 1484 3367 Vobis
1493 3359 1502 3375 ,
1520 3336 1556 3367 de
1569 3347 1693 3375 quorum
1704 3337 1835 3367 fidelitate
1850 3337 1882 3367 &
1895 3334 2030 3366 industria
2044 3335 2128 3375 plene
2142 3334 2327 3371 confidimus,

1395 3375 1442 3405 Ad
1457 3376 1656 3406 resumendum
1669 3377 1703 3407 &
1716 3374 1941 3405 continuandum
1960 3383 2061 3404 ornnes
2078 3373 2235 3415 hujusmodi
2250 3371 2416 3411 Processus,

1355 3413 1431 3451 apud
1455 3414 1660 3444 Monstrollum
1674 3437 1684 3453 2
1709 3415 1742 3445 &
1763 3414 1934 3453 Agerinum,
1950 3413 1984 3444 ὃ(
1998 3412 2080 3450 alibi,
2096 3411 2277 3442 amicabiliter
2291 3411 2412 3442 inchoa·-

1356 3461 1417 3490 tos,

1394 3490 1431 3521 Et
1445 3489 1585 3521 Defectus
1603 3490 1632 3529 (si
1646 3500 1717 3529 quos
1731 3499 1765 3521 ex

1360 3530 1393 3560 &
1409 3528 1574 3559 nostrorum
1591 3552 1601 3569 ,
1621 3530 1651 3559 in
1673 3529 1755 3559 dietis

1360 3568 1433 3605 rnus)
1447 3568 1544 3597 debite
1557 3569 1629 3598 coi-ri
1651 3568 1774 3606 endum,
2301 3603 2306 3608 ,

1398 3606 1434 3637 Et
1454 3607 1487 3637 ad
1502 3577 1700 3645 inquirendum
1717 3606 1796 3643 super
1817 3605 1950 3635 omnibus
1967 3603 2126 3641 Dampnis‚
2144 3611 2244 3633 contra
2259 3602 2419 3641 hujusmodi

1359 3646 1540 3684 Treugarum
1554 3667 1564 3684 ,
1589 3646 1622 3676 &
1641 3644 1748 3675 Pacum
1761 3668 1771 3682 ,
1796 3643 1892 3682 Vires,
1912 3643 2045 3679 Formas,
2065 3642 2109 3672 vel
2123 3641 2267 3685 Effectus,
2286 3651 2335 3679 per
2349 3641 2420 3672 dieti

1361 3684 1537 3714 Francorum
1561 3683 1647 3722 Regis
1663 3707 1672 3722 ,
1697 3684 1731 3714 ἃ
1752 3682 1971 3712 Antecessorum
1990 3680 2105 3710 suorum
2120 3703 2129 3718 ,
2146 3679 2298 3719 Subditos‚
2315 3689 2351 3710 ex
2366 3680 2421 3711 una

1361 3731 1454 3761 parte,
1474 3723 1507 3752 &
1522 3720 1632 3751 nostros
1645 3744 1654 3759 ,
1673 3731 1705 3751 ac
1722 3719 1939 3750 Aiitecefforum
1961 3719 2124 3749 nostrorum
2141 3742 2150 3756 ,
2165 3718 2319 3758 Subditos,
2336 3728 2369 3748 ex
2381 3719 2420 3749 al—

1363 3761 1438 3798 tera,
1457 3762 1486 3790 in
1500 3760 1593 3790 Tertii
1615 3761 1647 3790 ὃς
1670 3761 1699 3789 iri
1721 3758 1797 3788 Mari
1811 3782 1821 3796 ,
1840 3760 1912 3789 inter
1926 3757 1998 3795 ipsos
2013 3757 2082 3788 datis
2096 3757 2264 3795 hincinde,
2283 3757 2301 3776 *
2320 3759 2420 3788 verita-
2435 3770 2449 3785 uf
2468 3769 2521 3796 IV·

1362 3809 1438 3837 teni,
1458 3799 1513 3829 una
1532 3808 1600 3828 cum
1620 3798 1670 3827 illis
1693 3806 1764 3835 quos
1782 3797 1860 3827 idem
1882 3796 2055 3827 Francorum
2072 3795 2138 3826 Rex
2154 3796 2302 3827 vobiscum
2315 3795 2350 3826 ad
2365 3796 2423 3827 hoc
2438 3810 2501 3834 601.

1361 3838 1468 3868 duxerit
1481 3835 1654 3874 deputandos
1662 3858 1672 3874 ,

1387 3876 1436 3910 ⁴Et
1451 3875 1485 3905 ad
1502 3874 1663 3904 faciendum
1678 3873 1714 3903 de
1726 3872 1886 3912 hujusmodi
1902 3871 2062 3911 Dampnis,
2079 3873 2116 3904 de
2132 3874 2233 3912 quibus
2243 3873 2355 3912 liquido
2370 3883 2424 3904 vo-

1362 3912 1580 3983 bisisffnffioerit
1591 3935 1602 3951 ‚
1625 3913 1671 3943 seu
1684 3923 1749 3951 quae
1766 3911 1908 3943 manifesta
1920 3912 2038 3950 fuerint,
2055 3911 2285 3944 Satisfactionem
2298 3913 2423 3943 debitam

1361 3963 1396 3984 ex
1418 3964 1426 3982 i
1448 3962 1503 3989 eri,

1402 3991 1440 4060 ISirt
1449 3990 1575 4067 ggaeezzr
1589 4026 1674 4066 Nos,
1692 4034 1739 4059 aut
1753 4027 1952 4059 Anteceffores
1966 4026 2096 4066 nostrOS,
2115 4027 2160 4060 vel
2175 4028 2305 4065 nostros,
2322 4033 2423 4069 auteo-

1364 4078 1430 4098 rum
1483 4067 1563 4097 Loca
1584 4076 1730 4105 tenentes,
1754 4068 1800 4098 seu
1821 4065 1938 4097 Curiam
1961 4066 2085 4097 nostram
2100 4091 2110 4105 ,
2133 4067 2178 4098 vel
2197 4076 2295 4098 eorum
2312 4064 2426 4102 Curias,

1366 4115 1414 4139 aut
1430 4091 1648 4137 dommiffarios
1662 4105 1773 4137 nostros
1778 4129 1789 4145 ‚
1807 4105 1944 4184 ΒεΠίΟνοΞ,
1962 4104 2108 4138 officiales
2122 4130 2134 4144 ,
2147 4106 2181 4138 &
2195 4103 2346 4136 Ministtos
2352 4103 2429 4171 ‚Algi

1799 3498 1855 3520 arte
1868 3488 2139 3520 Commiffariorum
2154 3487 2225 3518 dieii
2238 3487 2294 3518 Avi
2307 3487 2415 3526 nostri,

1774 3501 1952 3559 lgroceffibus
1965 3528 2142 3564 inveneritis,
2161 3525 2240 3564 quod
2253 3536 2313 3556 non
2322 3526 2417 3557 credi-
