2562 4279
155 113 208 151 62

1 205 82 237 ann,
96 196 137 228 D.
161 194 246 234 dixit,
261 190 416 224 poesim
432 198 477 224 ετ·
493 201 695 224 APERIETUR
714 202 825 233 vonis,
842 203 876 225 ac
895 196 1109 233 erumpentibus
1129 195 1160 225 in
1181 192 1224 223 lu-

30 245 114 279 133¹·
161 244 229 266 cem
243 232 347 264 cotidie
363 231 575 262 Miraculorum
586 232 736 263 virtutibus
756 234 886 271 excitati,
904 244 968 272 quse
998 234 1144 265 Dominus
1171 241 1225 270 pro

1 285 71 312 mv,
93 288 120 316 3.
164 273 215 303 suo
232 271 327 302 Milite
338 270 454 307 inclito,
471 270 592 300 Thomi
605 269 752 314 quondam
768 270 889 303 Comite
903 273 1076 304 Lancastriae
1095 282 1154 304 non
1175 271 1226 301 de-

163 311 241 348 sinit,
256 318 287 339 ut
301 307 417 338 firmiter
432 308 573 347 creditur,
591 309 755 340 mirabibter
768 311 895 351 operari,

197 348 341 379 Smdtitati
361 346 461 376 vestrae
480 347 590 377 vicibus
611 347 714 378 iteratis
738 347 869 380 duximus
883 349 1116 391 supplicandum,
1135 350 1225 388 quati-

157 387 211 418 nus
225 410 234 424 ,
258 392 365 415 tantam
388 384 550 415 Lucernam
570 384 733 417 absconsam
752 387 803 417 sub
825 387 935 419 Modio
955 398 1100 419 remanere
1120 387 1224 419 diutius

156 434 217 455 non
239 423 357 454 sinentes
373 446 383 460 ,
407 422 448 453 set
471 433 533 453 eam
554 424 718 456 mandantes
739 424 821 464 super
838 426 1051 458 Candelabrum
1072 427 1224 464 collocari,

158 464 228 500 hiis,
254 462 303 500 qui
326 461 388 491 sunt
410 462 438 491 in
462 461 568 492 Domo
589 461 728 502 Domini,
754 465 883 495 solatium
906 466 1106 504 praebituram,
1132 465 1224 504 ipsum

158 501 286 532 Militem
317 499 474 539 dignemini
494 501 630 532 ascribere
650 501 786 533 Coelestis
810 503 928 535 Militiae
946 504 1117 542 Cathologo
1136 513 1224 534 vene-

156 538 262 578 rando,
281 546 313 569 ut
327 541 383 578 ejus
398 539 528 576 precibus
542 540 561 559 *
578 539 726 572 Dominus
741 551 870 573 exoratus
884 542 1014 574 Gratiam
1027 545 1057 574 in
1078 542 1226 581 praesenti,

156 579 190 610 &
207 577 339 608 Gloriam
353 577 436 607 nobis
450 578 554 609 tribuat
567 578 596 609 in
611 579 717 610 futuro.

198 615 268 646 Nec
289 615 438 654 obsistant,
457 615 477 646 fi
499 617 608 655 placet,
624 618 685 648 tam
708 618 816 650 Sandto
829 618 963 659 Negotio
976 619 1155 651 Commenta
1176 618 1223 650 Fi-

158 655 236 686 &itia
250 654 496 693 Maliloquorum,
512 656 562 694 qui
575 655 678 687 vestrae
699 657 855 689 Sanc‘titatis
873 659 984 690 auribus
1004 658 1150 696 'nstillare,
1170 659 1224 687 mi-

157 704 208 724 nus
220 694 373 730 veraciter,
392 693 552 725 referuntur
566 695 647 733 quod
663 695 798 734 Dampna
813 698 847 728 ὃ(
861 670 1026 766 Opptffa
1035 721 1044 734 ,
1062 697 1132 727 olim
1141 720 1151 735 ,
1164 696 1224 726 Ve—

156 732 324 763 nerabilibus
336 731 478 770 Patribus,
497 731 634 764 Dominis
646 733 860 773 Cardinalibus,
878 744 957 774 temp
979 746 1009 766 re
1028 735 1224 772 progenitoris

155 770 260 809 nostri,
278 772 308 801 in
323 771 445 810 partibus
458 771 628 803 Dunolmiae
643 774 778 813 irrogata,
792 775 829 804 eis
841 783 876 804 ex
888 773 1084 806 Conniventia
1097 774 1130 806 &
1139 773 1223 805 Con-

155 809 233 840 sensu
251 809 374 848 ejusdem
389 809 512 840 Comitis
526 811 598 842 illata
611 812 734 842 fuerunt.

195 848 243 879 Re
257 848 325 879 vera
339 849 416 878 enim
429 859 483 887 pro
496 848 582 880 firmo
595 859 739 889 tenemus,
750 851 784 881 &
795 860 896 882 coram
911 850 980 881 Deo
997 851 1057 889 (cui
1071 850 1147 882 nuda
1160 851 1223 882 sunt

157 888 267 923 omnia)
285 886 444 926 credimus,
464 889 545 925 quod
561 889 720 927 hujusmodi
741 889 910 929 Suggestio,
928 889 948 920 fi
970 900 1003 920 ua
1025 890 1087 929 fiat,
1105 891 1221 921 veritate

157 925 237 956 nulla
252 925 381 964 fulcitur,
400 927 530 964 quinimo
544 927 620 957 idem
637 927 762 965 Comes,
782 929 928 966 quamcito
972 938 986 958 e
1006 928 1083 959 faeto
1099 928 1157 959 tam
1173 928 1222 959 de-

155 964 277 994 testabili
301 964 352 994 fibi
371 966 513 1003 innotuit,
532 973 665 1004 tanquam
689 965 823 997 Devotus
838 966 922 997 Filius
935 965 1088 1006 Ecclefiae,
1106 967 1222 998 eosdem

155 1001 305 1034 Dominos
319 1002 480 1034 Cardinales
493 1013 561 1034 curn
575 1004 636 1035 tota
649 1004 695 1035 sua
710 1004 842 1036 Potentia
856 1006 1039 1045 protegebat,
1057 1006 1129 1044 ipsos
1141 1017 1155 1036 a
1164 1016 1223 1037 ma-

156 1042 239 1072 nibus
258 1041 462 1080 Inimicorum,
489 1043 537 1080 qui
558 1043 662 1074 eisdem
684 1053 828 1083 mortem,
852 1053 883 1075 ut
903 1044 1023 1082 dicitur,
1046 1045 1223 1078 intentabant

155 1079 328 1118 defendens,
347 1081 381 1111 &
397 1081 482 1119 usque
497 1081 532 1111 ad
545 1081 607 1112 loca
619 1081 690 1112 salva
704 1084 737 1114 &
752 1084 845 1113 secura
859 1083 1039 1122 conducens,
1059 1083 1128 1115 sicut
1149 1085 1225 1115 mul-

155 1126 254 1149 torum
268 1118 395 1149 fidelium
405 1119 588 1160 nostrorum,
608 1119 709 1159 quibus
724 1120 810 1151 fidem
824 1121 970 1153 credulam
984 1122 1164 1162 adhibemus,
1183 1132 1225 1154 te-

154 1166 206 1188 net
218 1157 343 1188 Affertio
353 1157 504 1195 fidedigna.

191 1195 340 1226 Caeterum
362 1197 500 1227 mittimus
522 1196 556 1228 ad
577 1196 666 1228 Pedes
681 1197 782 1229 vestrae
795 1197 970 1238 sanctitatis,
987 1199 1106 1231 dilectos
1123 1201 1223 1240 nobis,

156 1232 329 1273 Magistrum
338 1234 502 1274 johannem
518 1235 543 1266 le
556 1235 701 1267 Brabazun
719 1236 912 1268 Professorem
927 1238 1022 1268 Sacrae
1039 1232 1222 1278 Theologiae,

155 1272 318 1304 Antonium
333 1273 371 1304 de
384 1273 471 1305 Pesan
485 1273 613 1305 Militem
622 1298 632 1314 ,
650 1276 684 1306 &
698 1275 872 1313 Magistrum
882 1275 1047 1314 Johannem
1067 1277 1104 1307 de
1124 1277 1159 1307 N
1162 1288 1221 1309 ew-

154 1319 226 1351 ton,
243 1312 289 1342 vel
305 1311 389 1342 Duos
402 1323 521 1351 eorum,
539 1323 592 1351 pro
604 1313 802 1352 prosecutione
814 1313 896 1352 iplius
911 1313 1036 1352 Negotii
1049 1324 1135 1353 penes
1152 1326 1221 1356 νος,

154 1351 207 1389 δε,
227 1350 429 1381 Venerabilem
445 1351 607 1391 Collegium
623 1351 833 1391 Cardinalium,
851 1351 999 1392 facienda3

193 1389 280 1428 Qos
301 1390 548 1420 recommendatos
569 1390 673 1421 habere
689 1390 821 1428 dignetur
843 1390 932 1422 vestra
953 1391 1126 1424 Dominatio
1141 1403 1222 1425 reve-

153 1428 257 1466 renda,
275 1438 340 1467 quae
354 1437 413 1458 non
430 1428 513 1465 sinat,
531 1428 697 1467 quaefimus,
716 1429 820 1460 Preces
831 1429 955 1469 nostras,¹
974 1439 1053 1462 tanto
1067 1431 1221 1470 supplicatu

153 1465 283 1505 diffusas,
301 1466 414 1497 ulterius
428 1476 529 1497 vacuas
542 1467 576 1497 ad
593 1478 645 1498 nos
658 1469 758 1499 reverti
768 1493 777 1506 ,
793 1479 848 1499 nec
870 1468 994 1500 effestus
1015 1470 1221 1503 commoditate

155 1506 276 1543 privari,
294 1505 364 1535 cum
385 1504 449 1543 ipsae
472 1505 602 1537 instantia
621 1516 735 1545 magnae
754 1507 928 1539 Devotionis
947 1508 1107 1548 redoleant,
1125 1511 1159 1542 ὃς
1178 1520 1221 1541 ra-

154 1544 237 1574 tionis
252 1542 379 1581 praefidio
394 1543 571 1575 revirescant.

194 1580 368 1620 Conservet,
385 1583 447 1613 &c.

0 564 18 581 0
35 565 89 593 w.

0 611 67 638 479.

189 1657 258 1690 Dat.
277 1657 351 1697 apud
364 1658 496 1698 Eltham,
515 1660 598 1691 tertio
611 1659 658 1692 die
671 1660 785 1700 Aprilis.

283 1783 343 1819 Ad
358 1783 551 1826 Cardinales‚
570 1786 663 1833 fitper
680 1789 914 1820 Canonizatione
927 1787 1094 1835 fipedffla·

0 1866 75 1897 ΑΕΗ.
91 1864 131 1896 D.

16 1914 103 1944 1133‘·

0 1948 46 1971 Aa.
64 1955 91 1980 5·-

0 1987 27 2009 ε.
45 1992 73 2018 3-

0 2020 58 2049 fiii.

221 1868 361 1900 Enerabili
382 1870 410 1898 in
433 1868 550 1900 Christo
573 1869 667 1910 Patri,
691 1870 828 1903 Domino
850 1870 883 1902 P.
909 1870 967 1902 Dei
1007 1873 1095 1912 ratia,
1121 1873 1218 1906 Sancti

238 1907 340 1946 Angeli
361 1907 498 1938 Diacono
520 1907 681 1948 Cardinali,
708 1910 818 1942 Amico
838 1911 888 1941 suo
906 1912 962 1941 cari
988 1922 1068 1951 imo,
1099 1911 1217 1944 Edwar-

150 1945 205 2014 gus
217 1968 227 1983 ‚
252 1946 353 1977 eadem
372 1947 459 1986 gratia
472 1971 482 1985 ‚
505 1948 567 1978 &c.
602 1949 726 1980 Salutem
742 1973 752 1987 ,
779 1951 813 1981 &
835 1950 949 1981 sincerae
968 1950 1127 1983 dilectionis
1146 1951 1217 1983 affe-

183 1994 240 2014 um.

188 2022 399 2054 Miraculorum
417 2023 598 2055 laudabilium
619 2024 785 2057 Eminentes
807 2025 951 2066 Virtutes,
978 2036 1045 2065 quas
1070 2027 1218 2060 Dominus

148 2071 203 2100 pro
229 2061 278 2093 suo
304 2062 402 2093 Milite
416 2061 536 2102 Inclito‚
554 2063 672 2094 Thoma
686 2065 834 2102 quondam
845 2065 966 2096 Comite
980 2065 1152 2098 Lancastriae
1173 2069 1216 2099 in-

147 2099 304 2131 desinenter
316 2101 442 2132 creditur
455 2103 582 2141 operari,
597 2113 650 2134 nos
662 2104 784 2135 excitant
800 2104 833 2135 &
855 2104 1012 2143 inducunt,
1028 2113 1059 2136 ut
1078 2116 1146 2144 erga
1166 2107 1217 2138 Sa-

147 2139 323 2170 crosanenm
344 2140 509 2171 Romanam
530 2140 704 2181 Ecclesiam,
723 2152 776 2181 pro
798 2142 879 2181 ipsius
893 2142 997 2174 Militis
1011 2143 1217 2177 Canonizatio-

148 2187 203 2215 ne,
220 2188 269 2216 per
281 2178 347 2210 Nos
364 2179 397 2211 δε
413 2179 533 2210 Amicos
546 2180 677 2220 nostros,
688 2191 804 2220 magnae
817 2181 979 2213 devotionis
992 2181 1122 2215 instantia
1136 2185 1215 2216 labo-

150 2226 253 2247 remus.

187 2254 261 2286 Sane
282 2255 385 2287 Preces
404 2256 512 2288 nostras
532 2257 669 2289 Domino
690 2257 790 2289 nostro
811 2258 937 2290 Summo
957 2259 1092 2292 Pontifici
1109 2261 1214 2293 direxi-

149 2302 214 2323 mus
228 2316 239 2333 ,
263 2305 316 2334 pro
336 2295 497 2333 hujusmodi
513 2297 632 2336 negotio
646 2320 657 2336 ,
683 2297 792 2329 vicibus
813 2298 977 2329 multotiens
995 2300 1098 2330 iteratis
1112 2324 1123 2339 ,
1149 2311 1214 2339 quae

148 2330 293 2370 hucusque
305 2332 340 2363 ad
353 2344 407 2364 nos
419 2344 519 2365 vacuae
533 2335 691 2373 redierunt,
703 2336 742 2367 set
757 2335 827 2366 illius
840 2336 1076 2368 Promiffionibus
1089 2340 1214 2379 animati,

149 2371 201 2407 qui
214 2370 299 2408 dixit,
311 2370 549 2403 Pur-sannaus
563 2382 764 2404 Aeanti-:Tun
773 2397 784 2413 ,
796 2375 889 2405 eidem
904 2375 1040 2407 Domino
1054 2377 1154 2408 nostro
1165 2378 1214 2408 ad-

148 2407 206 2438 huc
218 2408 362 2440 humiliter
373 2409 504 2440 duximus
516 2411 748 2451 supplicandum,
766 2422 813 2451 ut,
832 2413 910 2452 quod
932 2416 977 2452 pia
997 2413 1125 2447 fidelium
1143 2416 1214 2448 affe-

147 2445 204 2476 flat
220 2445 369 2485 Devoti0‚
386 2449 415 2477 in
429 2447 482 2478 hac
495 2458 573 2486 parte
583 2449 713 2488 dignetur
726 2449 844 2482 feliciter
855 2451 985 2483 diffinire.

187 2483 388 2516 Pater-nitatem
407 2485 546 2526 vestram,
565 2487 602 2518 de
624 2487 680 2526 qua
702 2487 833 2520 fiduciam
850 2492 973 2530 gerimus
995 2490 1160 2532 specialem,
1179 2495 1213 2526 &

149 2531 237 2561 quam
257 2524 287 2554 in
305 2524 407 2555 nostris
424 2525 538 2564 agendis
559 2526 670 2565 semper
690 2527 850 2559 invenimus
863 2530 1027 2568 operosam,
1046 2534 1212 2570 requirimus

149 2563 184 2593 &
199 2570 348 2602 rogamus,
367 2564 510 2602 quatinus,
529 2575 582 2602 pro
599 2564 779 2603 expeditione
794 2567 852 2598 tam
867 2568 964 2600 Sansti
979 2569 1012 2600 &
1026 2571 1065 2608 pii
1077 2571 1211 2612 Negotii,

148 2609 238 2641 partes
261 2601 362 2633 vestrae
384 2601 577 2634 Solicitudinis
588 2604 647 2634 tam
658 2604 844 2636 effectualiter
854 2609 954 2638 curetis
966 2608 1145 2646 interponere
1154 2634 1163 2648 ,
1181 2620 1213 2642 ut

147 2640 245 2670 votiva
260 2639 354 2670 nostra
367 2639 558 2681 supplicatio,
575 2642 671 2673 vestro
682 2642 810 2681 praefidio
831 2645 986 2684 mediante,
1004 2646 1039 2677 ad
1061 2648 1213 2680 exauditio-

146 2679 189 2708 nis
250 2679 316 2709 tiam
332 2679 520 2710 favorabiliter
534 2680 703 2712 admittatur.

223 2727 257 2748 ec
273 2726 409 2749 moveant
422 2728 491 2758 vos,
510 2718 530 2749 si
544 2720 647 2759 placet,
665 2728 830 2751 commenta
843 2721 940 2754 fiffitia
963 2722 1213 2764 Maliloquorum,

147 2756 199 2793 qui
218 2754 320 2786 vestrae
343 2756 393 2786 sim
416 2756 523 2788 licitatis
543 2758 670 2797 auribus,
691 2759 785 2790 minus
805 2761 957 2798 veraciter,
974 2763 1003 2793 su
1041 2773 1118 2793 erere
1141 2764 1213 2795 refe-

150 2801 267 2829 runtur,
282 2794 361 2832 quod
403 2805 504 2833 ampna
524 2797 558 2828 &
573 2797 742 2835 obprobria,
761 2798 832 2829 olim
849 2799 987 2831 Dominis
1002 2770 1213 2841 ffirdinalibus,

149 2832 180 2901 {fi
195 2832 318 2900 parftibus
332 2832 519 2873 Dunolmiae‚
536 2836 672 2876 irrogata,
689 2838 727 2867 eis
739 2845 774 2867 ex
786 2838 972 2870 conniventia
993 2839 1064 2871 dieti
1085 2839 1214 2873 Comitis

180 2879 223 2900 ata
250 2879 358 2901 uerunt.

188 2907 239 2939 Re
254 2909 319 2940 vera
330 2911 408 2940 enim
418 2920 474 2948 pro
489 2911 573 2942 firmo
583 2935 594 2951 ,
609 2911 669 2948 &aa
686 2921 718 2943 ut
725 2913 812 2953 fitpra
824 2914 903 2956 usque
918 2915 972 2954 ibi,

189 2946 338 2978 Caeterum
348 2950 488 2992 mittimus
499 2949 533 2980 ad
546 2960 614 2989 vos,
629 2951 748 2983 dileCms
763 2953 1042 2993 nobis,Magistrum
1050 2956 1211 2996 Johannem

146 2984 173 3020 le
188 2984 354 3018 Brabazoun
368 2986 561 3019 Profellorem
573 2989 665 3020 Sacrae
681 2991 870 3031 Theolooiae,
883 2993 1043 3025 Antonium
1057 2995 1095 3026 de
1110 2995 1210 3029 Pessan

147 3021 294 3062 Militem,
312 3024 533 3071 ‹Sc-Magistrum
543 3027 706 3072 Johannem
720 3029 755 3061 de
770 3016 922 3071 Npewton,
940 3033 986 3063 vel
1002 3033 1074 3064 duos
1089 3045 1208 3075 eorum,

146 3071 200 3100 pro
215 3063 412 3101 prosecutione
428 3064 503 3095 istius
519 3065 640 3105 Negotii
653 3078 737 3105 penes
757 3069 862 3100 Sedem
885 3071 1083 3109 Apostolicam
1103 3075 1209 3106 facien-

146 3100 202 3139 di,
221 3112 307 3139 quos,
326 3101 432 3133 nostrae
446 3105 693 3142 contemplationis
704 3109 823 3146 intuitu,
839 3109 928 3139 velitis
943 3110 1061 3150 dirigere
1074 3113 1103 3142 in
1120 3123 1207 3152 agen-

144 3138 206 3178 dis,
225 3141 258 3171 ὃς
271 3140 374 3172 eisdem
386 3140 507 3173 affistere
523 3141 656 3174 Consiliis
670 3145 702 3176 &
715 3145 831 3177 Auxiliis
845 3150 1001 3185 oportunis.

182 3207 252 3240 Dat.
270 3211 345 3249 apud
358 3211 490 3252 Eltham,
506 3214 591 3246 tertio
605 3212 651 3244 die
667 3213 778 3252 Aprilis.

268 3284 441 3320 Confimiles
455 3289 561 3321 Literae
572 3289 727 3330 diriguntur
739 3290 910 3331 subscriptis,
929 3292 1076 3333 videlicet,

179 3364 296 3430 Dorlnino
309 3367 343 3394 P.
364 3368 420 3412 Dei
430 3366 542 3413 gratia,
561 3365 683 3407 Epifiopo
699 3367 864 3410 Penestrenfi
872 3371 983 3400 Santiae
999 3373 1128 3403 Romanae
1148 3374 1204 3403 Ec-

181 3402 298 3470 1>ssss
312 3405 516 3473 gsrolgviladzolrtuo
532 3444 723 3482 .Mari,Tituli
735 3446 829 3475 Sancti
843 3446 974 3485 Stephani
987 3451 1016 3478 in
1030 3448 1108 3479 coelio
1122 3453 1206 3480 Mon-

219 3485 246 3507 te
258 3481 409 3511 Presbitero
423 3481 566 3512 Cardinali
579 3486 608 3512 V
608 3483 811 3513 icecancellario.

177 3515 199 3536 *³
217 3519 333 3547 Domino
352 3523 397 3549 M
418 3524 474 3551 Dei
491 3520 605 3560 gratici,
623 3521 711 3551 Tituli
727 3523 886 3553 Sanctorum
904 3523 1046 3562 Johannis
1065 3523 1104 3560 ό
1124 3526 1205 3556 Pauli

215 3557 364 3586 Presbitero
381 3558 532 3588 cardinali.

178 3594 294 3658 Dzmino
308 3597 543 3663 Haepequratffi,
554 3594 646 3627 ‘Titffi
661 3599 756 3628 Sandii
769 3601 919 3630 Laurentii
932 3604 961 3630 in
974 3604 1083 3631 Lucina
1097 3599 1206 3633 presbi-

179 3637 347 3699 &2215ss
366 3646 542 3712 ilillgratid,
557 3676 652 3704 Sancti
663 3676 791 3705 Adriani
804 3678 924 3706 Diacono
938 3677 1089 3708 Cardinali.

178 3707 390 3775 Dogyynzysslide
402 3714 503 3751 Farge,
521 3716 577 3743 Dei
587 3713 701 3751 gratia,
720 3715 828 3744 Sanc'tae
844 3718 949 3745 Mariae
964 3717 1057 3747 Novae
1081 3719 1204 3749 Diacono

178 3782 415 3850 1)ιέςῖἷὶγῖὶίΒεί
425 3787 538 3827 gratisi,
555 3788 641 3819 Tituli
653 3791 749 3819 Sancti
764 3794 864 3821 Ciriaci
876 3795 907 3822 in
928 3794 1028 3823 Termis
1050 3793 1202 3826 Presbitero

0 3541 5 3557 ³
21 3541 73 3568 [V.

0 3578 53 3612 βο.

169 3892 244 3925 Item
259 3893 429 3928 Consimiles
442 3899 545 3932 Literae
556 3902 711 3943 diriguntur
726 3905 882 3946 subscriptis
895 3906 953 3939 fine
966 3908 1103 3948 clausula,
1119 3920 1168 3940 nec

453 3949 581 3970 moveant
593 3953 643 3971 vos
655 3940 716 3978 &a
734 3943 882 3983 videlicet,

169 4012 287 4041 Domino
300 4011 339 4041 L.
357 4013 466 4043 Sanaae
481 4017 584 4046 Mariae
596 4020 625 4047 in
638 4020 666 4048 V
666 4018 696 4050 ἑά
713 4018 909 4052 lattrniacono
920 4021 1072 4056 cardinali.

608 105 1419 160 CONVENTIONES,

1477 107 1867 161 LITERAE,

1299 195 1417 240 Domino
1432 196 1467 224 G.
1485 193 1610 234 Episcopo
1622 194 1794 236 Albanenfi,
1811 195 1920 225 Sandiae
1936 195 2068 224 Romana
2085 194 2212 237 Ecclefiae
2228 197 2327 228 Cardi-
2345 191 2423 224 Ann.
2439 191 2482 230 D,

1298 231 1440 302 Nonbili'V
1439 276 1478 302 iro
1493 275 1608 302 Domino
1624 271 1749 302 Arnoldo
1763 272 1796 302 de
1810 275 1916 310 Triem,
1933 273 2047 301 Domini
2069 274 2170 302 Summi
2190 272 2330 316 Pontificis
2347 242 2464 311 51333132

1333 311 1380 339 Ne
1397 314 1435 339 oti
1449 309 1488 345 ὀ·
1502 310 1674 348 Marescallo.

1294 347 1371 377 Nobi
1381 352 1391 377 i
1409 352 1478 379 Viro
1498 352 1614 379 Domino
1636 351 1669 378 P.
1688 349 1720 379 de
1742 351 1798 379 Via
1819 347 1924 387 Militi,
1942 350 2055 379 Domini
2074 351 2176 379 Summi
2189 349 2330 392 Pontifici:

1291 388 1454 455 Doffli'ggtP.
1472 426 1504 456 de
1518 424 1594 466 Dosa
1611 425 1719 464 Militi,
1738 428 1853 455 Domini
1865 428 1966 455 Summi
1982 423 2122 466 Pontificis
2136 426 2247 464 Nepoti.

1293 465 1436 494 Bernara'o
1453 464 1584 503 Stephani
1599 468 1712 496 Domini
1725 467 1826 494 Summi
1841 463 1979 505 Pontificis
1993 463 2196 503 Refferendario.

1362 586 1423 617 Pro
1438 583 1582 632 Johanne
1601 585 1637 619 de
1653 585 1783 620 Eltham
1801 585 1922 630 Custode
1942 589 2037 634 Regni
2049 584 2215 631 constituto.

1254 666 1378 728 REX
1397 669 1639 710 Archiepiscopis‚
1657 671 1817 711 Episcopis,
1830 671 2004 711 Abbatibus,
2017 671 2181 710 Prioribus,
2198 669 2328 704 Comiti-
2344 668 2422 700 Ann.
2432 670 2480 704 D.
2529 680 2531 685 ’

1336 707 1405 746 bus,
1430 708 1587 740 Baronibus
1629 710 1790 750 Militibus,
1809 709 2059 750 Comunitatibus,
2078 710 2324 750 vicecomitibus,
2364 718 2450 751 133¹·

1256 743 1367 775 Liberis
1379 746 1573 786 Hominibus,
1587 732 1715 787 ballivis,
1732 748 1888 789 ministris,
1905 751 1940 781 &
1954 750 2092 782 omnibus
2105 748 2246 780 Fidelibus
2259 750 2324 789 suis,
2341 751 2394 777 An.
2408 759 2438 785 ς.

1254 781 1288 811 ad
1305 792 1376 820 quos
1391 785 1537 823 praesentes
1550 786 1670 818 Litterae
1681 790 1879 828 pervenerint,
1895 789 2032 820 Salutem.
2338 790 2368 814 Ε·
2392 797 2419 825 3-

1292 820 1390 853 Sciatis
1403 823 1502 863 quod,
2338 829 2399 854 Pas.
2419 835 2447 863 5.

1290 858 1390 899 Cum,
1409 871 1444 892 ex
1465 861 1548 893 causi
1565 861 1817 903 Peregrinationis,
1842 865 1877 896 ad
1897 875 1987 904 partes
2005 865 2153 905 Franciae,
2176 872 2207 896 ut
2226 865 2320 904 quod-
2338 867 2437 902 E-3·P·
2449 875 2474 894 1-

1251 897 1318 928 dam
1332 898 1443 931 Votum
1457 900 1588 932 nostrum
1597 924 1607 940 ,
1625 902 1705 940 quod
1717 912 1823 942 nuper,
1841 905 1872 934 in
1887 904 2013 943 quodam
2025 905 2160 936 Periculo
2181 904 2322 936 constitu·
2337 912 2375 931 ⁷7²·
2395 906 2437 932 ¹⁶·

1252 937 1291 974 ti,
1309 938 1470 976 emisimus,
1486 939 1672 979 impleamus,
1690 950 1816 972 necnon
1829 951 1884 979 pro
1901 943 2067 981 quibusdam
2086 944 2143 974 aliis
2165 942 2320 983 Negotiis,

1253 974 1379 1046 nostfradrtn
1394 978 1428 1022 ᾧ(
1441 977 1542 1015 Regni
1555 978 1646 1010 nostri
1660 979 1809 1011 utilitatem
1823 982 2021 1020 tangentibus,
2036 983 2119 1014 fimus
2134 983 2164 1013 in
2187 983 2323 1021 proximo

1273 1023 1306 1044 ro
1320 1025 1335 1045 e
1367 1026 1410 1046 uri

1252 1024 1272 1053 p
1291 1052 1330 1084 Et
1350 1039 1434 1085 nobi's
1457 1055 1572 1086 insideat
1595 1055 1719 1086 multum
1739 1055 1822 1087 cordi
1845 1057 1927 1095 quod
1952 1055 2011 1088 Pax
2027 1057 2122 1089 nostra
2152 1059 2212 1090 tam
2224 1059 2255 1089 in
2271 1061 2322 1091 ab·

1252 1090 1339 1123 sentia
1359 1093 1457 1125 nostra
1473 1119 1482 1133 ‚
1509 1095 1596 1133 quam
1617 1095 1647 1125 ‘m
1668 1094 1813 1139 praesentia
1825 1117 1835 1133 ,
1860 1095 2059 1140 inviolabiliter
2075 1081 2238 1129 observetur
2252 1123 2262 1137 ,
2287 1099 2323 1130 δε

1253 1130 1335 1168 quod
1357 1131 1405 1163 fiat
1423 1134 1553 1164 comunis
1563 1132 1676 1173 Justitia
1693 1133 1805 1174 singulis
1820 1132 2090 1174 Conquerentibus,
2106 1137 2137 1167 in
2147 1136 2320 1170 Aetionibus

1252 1169 1437 1238 &IleereHs
1452 1171 1520 1212 suis,

1327 1219 1360 1239 OS

1288 1245 1337 1277 De
1351 1233 1497 1281 F'idelitate
1509 1249 1543 1281 sc
1560 1247 1845 1288 Circumspeffione,
1863 1248 1972 1281 metu
1987 1250 2021 1282 sc
2034 1248 2135 1280 Fidelis
2149 1250 2253 1289 nostri,
2267 1253 2322 1292 Jo-

1251 1284 1352 1316 hannis
1369 1286 1407 1317 de
1425 1287 1540 1318 Eltham
1554 1311 1565 1327 ,
1589 1288 1715 1320 Comitis
1735 1287 1911 1328 Cornubiae,
1937 1288 2040 1321 Fratris
2061 1287 2151 1320 nostri
2172 1290 2321 1331 cariffimi,

1251 1323 1374 1362 plenarie
1389 1326 1583 1366 confidentes,

1289 1361 1502 1397 Constituimus
1521 1366 1613 1404 ipsum
1634 1365 1797 1397 Custodem
1818 1365 1917 1406 Regni
1937 1365 2028 1397 nostri
2042 1390 2053 1404 ,
2076 1375 2110 1396 ac
2130 1365 2247 1397 Locum
2267 1377 2323 1399 no-

1253 1400 1343 1432 strum
1361 1403 1525 1435 Tenentem
1547 1405 1576 1435 in
1599 1405 1704 1436 eodem
1727 1405 1833 1445 Regno
1849 1427 1859 1444 ,
1883 1404 2021 1444 quamdiu
2041 1406 2072 1435 in
2091 1405 2175 1436 dietis
2193 1404 2323 1437 Partibus

1253 1449 1365 1471 moram
1382 1442 1551 1482 fecerimus,
1567 1444 1615 1474 vel
1632 1443 1728 1475 donec
1740 1443 1815 1475 aliud
1827 1443 1896 1474 inde
1907 1443 2071 1475 duxerimus
2083 1443 2290 1488 ordinandum:

1289 1477 1328 1510 Et
1347 1480 1416 1512 ideo
1437 1481 1521 1513 vobis
1534 1504 1545 1520 ,
1570 1482 1604 1514 ὅτ,
1624 1482 1743 1514 cuilibet
1765 1481 1913 1521 vestrum,
1934 1482 2102 1513 mandamus
2125 1481 2204 1521 quod
2226 1483 2321 1515 eidem

1254 1516 1341 1548 Fratri
1364 1519 1481 1560 nostro,
1499 1529 1633 1558 tanquam
1656 1519 1781 1552 Custodi
1799 1521 1901 1552 nostro
1923 1520 1994 1553 dieti
2015 1520 2128 1560 Regni,
2153 1521 2187 1552 &
2207 1520 2324 1566 Locum

1252 1555 1382 1587 nostrum
1404 1557 1533 1596 Tenenti
1556 1560 1586 1590 in
1607 1559 1731 1600 eodem,
1749 1561 1778 1591 in
1799 1560 1869 1599 hiis,
1887 1570 1952 1598 quae
1971 1559 2006 1590 ad
2027 1559 2134 1591 dietam
2148 1559 2325 1591 Custodiam

1251 1596 1409 1635 pertinent,
1427 1597 1600 1630 intendentes
1615 1598 1687 1637 fitis,
1704 1599 1918 1638 respondentes,
1937 1598 1971 1630 &
1987 1598 2156 1630 auxiliantes.

1290 1632 1326 1664 In
1340 1636 1418 1674 cujus
1433 1637 1473 1667 rei
1486 1635 1705 1669 Testimonium
1724 1638 1773 1668 has
1793 1638 1913 1669 Litteras
1930 1637 2039 1669 no'stras
2053 1636 2113 1669 fieri
2132 1637 2251 1670 fecimus
2268 1635 2322 1669 Pa-

1251 1679 1360 1713 tentes,
1377 1674 1512 1712 quamdiu
1525 1676 1609 1706 nobis
1624 1677 1758 1715 placuerit
1771 1676 1922 1708 duraturas.

1286 1748 1377 1782 Teste
1389 1750 1474 1792 Rege
1486 1752 1561 1791 apud
1574 1751 1771 1793 Dovorriam,
1788 1761 1892 1793 quarto
1907 1753 1954 1785 die
1968 1752 2082 1792 Aprilis.

1725 1832 1780 1860 Per
1796 1829 1879 1871 ipsi'tm
1893 1833 1990 1869 Regem
2004 1829 2043 1867 &
2057 1828 2213 1862 Concilium.

1445 1953 1687 1988 Memorandum
1701 1953 1738 1988 a'e
1755 1953 2014 2000 Transfretatione
2029 1957 2129 2003 Regis.

1249 2033 1515 2096 MEmorandum
1534 2038 1610 2079 quod
1622 2062 1631 2078 ,
1648 2040 1692 2070 die
1710 2039 1814 2078 Jovis,
1832 2038 1978 2078 videlicet,
1997 2044 2096 2080 quarto
2122 2039 2165 2068 die
2188 2037 2317 2078 Aprilis,
2335 2050 2413 2084 Ann-
2425 2053 2470 2086 D-

1344 2078 1433 2106 Anno
1446 2079 1532 2115 Regni
1544 2080 1623 2116 Regis
1634 2079 1785 2117 Edwardi,
1804 2081 1890 2108 Tertii
1904 2089 1923 2107 a
1936 2076 2100 2118 Conquestu,
2115 2080 2226 2117 quinto,
2243 2077 2314 2107 idem
2362 2101 2438 2134 1331
2459 2078 2469 2086 ⁴

1248 2112 1382 2143 Dominus
1399 2118 1477 2154 Rex,
1495 2115 1570 2158 quasi
1592 2116 1662 2147 horti
1675 2116 1784 2156 prima,
1798 2115 1886 2156 pofiait
1898 2116 1930 2155 ft
1944 2119 1974 2146 in
1987 2119 2087 2155 Mari,
2104 2120 2133 2146 in
2146 2117 2233 2146 Portu
2256 2118 2316 2146 Do-
2331 2134 2384 2160 An-
2403 2117 2451 2170 50¹

1247 2155 1349 2182 vorriae
1363 2176 1374 2192 ,
1399 2157 1428 2183 in
1468 2156 1569 2185 audam
1591 2157 1694 2195 Navi,
1718 2154 1757 2191 ὠ·
1777 2154 1981 2194 transfretavit
1999 2154 2094 2196 verfics
2131 2161 2206 2185 artes
2225 2157 2315 2185 Fran·
2334 2174 2363 2198 E·
2381 2179 2408 2207 3⁴

1247 2192 1318 2232 ciae,
1321 2195 1395 2230 proi
1448 2194 1515 2224 endo
1528 2194 1644 2233 quodam
1656 2198 1739 2234 Voto,
1756 2195 1829 2236 quod
1835 2198 1864 2224 in
1878 2195 1994 2235 quodam
2018 2163 2136 2224 Pericula
2157 2204 2205 2224 con
2228 2197 2316 2223 itutus
2332 2209 2420 2247 olaus:
2467 2215 2471 2220 .

1246 2229 1386 2270 emiserat,
1396 2200 1443 2267 'Z
1450 2240 1501 2300 pio
1513 2232 1671 2273 quibusdam
1685 2233 1748 2264 aliis
1762 2235 1904 2272 Negotiis,
1915 2231 1997 2272 fitam
2012 2229 2051 2268 ὀ·
2070 2235 2156 2271 Regni
2169 2232 2217 2274 sui
2237 2232 2315 2264 utili-
2331 2251 2360 2275 13.
2373 2257 2399 2285 3·
2406 2219 2469 2285 pf:

1245 2274 1334 2298 tatem
1345 2276 1397 2299 tan
1414 2275 1472 2301 enti
1490 2282 1537 2301 us:

1283 2309 1344 2346 Et,
1369 2281 1536 2339 Vffnnabilis
1554 2312 1657 2349 Pater,
1683 2310 1720 2349 J.
1739 2309 1932 2352 Wintonienfis
1953 2308 2113 2350 Epifiopus‚
2131 2308 2315 2341 Cancellarius
2329 2295 2366 2316 ἠ’
2382 2296 2427 2316 ²⁰*
2440 2287 2470 2326 ’θ’

1244 2344 1321 2386 ipfius
1331 2348 1429 2387 Regis,
1446 2351 1580 2378 Dominus
1594 2350 1638 2379 W
1635 2348 1761 2379 iliielmus
1774 2349 1806 2379 de
1824 2352 1924 2379 Monte
1937 2353 2031 2379 Acuta
2039 2373 2049 2388 ,
2067 2346 2107 2384 ὠν
2120 2350 2233 2390 quidam
2247 2348 2316 2387 alii,

1246 2384 1334 2413 eodem
1355 2388 1397 2415 die
1411 2408 1422 2424 ,
1453 2398 1510 2417 cum
1525 2386 1649 2427 prefato
1668 2391 1784 2418 Domino
1805 2390 1874 2426 Rege
1892 2388 1933 2418 ad
1945 2394 2042 2428 partes
2062 2386 2126 2417 illas
2143 2385 2316 2427 transfreta-

1246 2429 1331 2460 runt,-

1281 2463 1324 2490 Εἰ
1346 2465 1479 2494 Dominus
1499 2463 1699 2504 cancellarius,
1717 2465 1760 2495 die
1779 2468 1886 2505 Lunae,
1901 2463 2045 2503 videlicet,
2058 2466 2147 2502 primo
2158 2463 2202 2493 die
2221 2466 2314 2502 Apri-

1245 2499 1295 2539 lis,
1322 2504 1351 2530 in
1372 2502 1468 2542 receffic
1481 2502 1530 2541 fito
1552 2503 1584 2533 de
1607 2505 1773 2541 Londoniis,
1798 2505 1892 2543 versus
1909 2509 2006 2542 partes
2018 2501 2168 2540 praedictas
2180 2524 2192 2541 ,
2214 2501 2315 2541 dirnifit

1245 2543 1381 2576 Magnum
1394 2540 1515 2579 Sigillum
1531 2544 1540 2571 ἰ
1567 2553 1608 2571 tus
1621 2545 1734 2572 Domini
1745 2544 1822 2578 Regis
1844 2546 1874 2572 in
1915 2541 2018 2571 addam
2037 2538 2148 2578 Bursa,
2162 2539 2253 2579 Sigillo
2271 2544 2314 2579 ip·

1238 2577 1295 2618 stus
1307 2578 1472 2609 Cancellarii
1485 2591 1531 2609 con
1542 2581 1640 2617 tgnatd
1649 2604 1659 2618 ,
1676 2581 1751 2619 apud
1761 2583 1878 2609 Domum
1902 2589 1966 2608 uam
1979 2581 2010 2608 in
2030 2577 2187 2617 Suthwerk‚
2205 2581 2236 2609 in
2257 2581 2313 2609 Cu·-

1236 2615 1329 2656 stadia
1344 2620 1425 2654 Magi
1448 2622 1474 2647 ri
1484 2621 1525 2647 Ro
1544 2622 1597 2647 erti
1609 2619 1642 2648 de
1657 2617 1828 2656 Strateford,
1845 2620 1955 2647 Fratris
1969 2615 2047 2656 ipfius
2062 2619 2117 2655 Epi
2129 2620 2199 2656 copi,

1282 2654 1344 2694 ἔζη·
1378 2659 1406 2684 ui
1483 2656 1634 2695 Robertus,
1648 2654 1688 2691 &
1708 2654 1841 2696 Magister
1860 2658 1996 2686 Henricus
2010 2655 2041 2686 de
2056 2656 2098 2685 Cli
2121 2679 2132 2695 ,
2148 2657 2191 2686 die
2206 2655 2312 2697 Crasti-

1245 2693 1303 2731 na,
1328 2667 1429 2723 dilium
1451 2695 1471 2714 *
1490 2693 1612 2732 Sigillum
1633 2701 1829 2733 apperuerunt,
1852 2693 1891 2730 &⁷
1914 2697 2024 2725 Brevia
2044 2696 2109 2724 ind?
2126 2697 2157 2724 in
2178 2695 2310 2725 Prioratu
2327 2706 2344 2724 ο
2364 2708 2419 2738 1v.

1245 2734 1343 2761 Beatae
1359 2735 1464 2762 Mariae
1477 2733 1509 2763 de
1522 2732 1697 2763 Suthewerke
1710 2732 1860 2802 coZfignare
1891 2739 1999 2763 ecerunt
2007 2755 2017 2772 ,
2031 2730 2071 2767 ό·
2095 2743 2118 2762 tc
2130 2733 2258 2774 remanfit
2270 2734 2313 2764 ‹li-
2326 2744 2379 2782 43,
2387 2767 2396 2775 ⁶

1245 2771 1318 2800 llum
1331 2773 1467 2808 Magnum
1479 2770 1601 2809 Sigillum
1612 2775 1642 2802 in
1657 2771 1733 2811 Custo
1753 2776 1781 2801 ia
1791 2780 1850 2811 prae
1869 2773 1917 2802 iili
1930 2771 2058 2810 Roberti,
2087 2770 2123 2801 ab
2134 2771 2226 2810 Sigillo
2234 2780 2311 2811 prae-

1237 2808 1301 2848 sati
1316 2809 1446 2850 Magistri
1457 2812 1588 2849 Henrici,
1607 2811 1639 2841 de
1654 2813 1788 2849 Praecepto
1801 2811 1867 2841 diiii
1881 2813 1994 2841 Domini
2006 2812 2093 2849 Regis.

1245 2938 1303 2969 Pro
1320 2938 1398 2983 Rege
1415 2939 1533 2980 Scotiae‚
1558 2935 1594 2970 de
1613 2935 1718 2970 Bladis
1731 2934 1885 2971 cariandis
1895 2948 1972 2978 ‚non
1981 2933 2110 2980 obstante
2117 2932 2309 2970 Inhibitione.

1307 3020 1366 3052 EX
1381 3021 1556 3053 Vicecomiti
1569 3022 1747 3062 Lincolniae,
1765 3023 1899 3054 Salutem.
1941 3059 1948 3066 ⁶
2030 3057 2038 3064 ,
2087 3057 2093 3063 ,
2233 3059 2240 3065 ι
2324 3037 2402 3070 ΑΜ.
2411 3038 2446 3070 D

1343 3060 1428 3106 LIcet
1439 3062 1504 3106 *tibi-
1515 3072 1603 3100 nuper
1616 3063 1833 3109 praeceperirnus
1847 3059 1927 3100 quod
1938 3069 1968 3090 in
1978 3058 2066 3096 loeis,
2084 3056 2156 3102 infra
2170 3056 2307 3115 Ballistam
2343 3086 2430 3119 ¹331.
2445 3063 2454 3071 .

1238 3105 1330 3137 tuam,
1354 3100 1403 3130 ubi
1417 3100 1518 3131 videris
1530 3100 1679 3145 expedire,
1695 3101 1811 3139 publice
1824 3100 1927 3131 faceres
1939 3096 2125 3136 proclamati,
2141 3096 2176 3128 &
2193 3107 2228 3128 e).
2292 3115 2306 3122 -
2321 3119 2363 3144 An
2387 3127 2418 3153 5·

1238 3145 1266 3167 te
1288 3137 1385 3169 nostra
1406 3137 1526 3169 firmiter
1546 3139 1685 3178 inhiben,
1709 3140 1747 3168 ne
1768 3139 1831 3176 quis
1872 3136 2038 3180 Mercator,
2055 3135 2102 3166 seu
2118 3135 2205 3175 alius,
2222 3135 2246 3167 Β
2271 3135 2306 3167 da
2322 3159 2352 3182 13.
2366 3139 2397 3191 ⁰3·

1237 3176 1417 3245 aliquaffxtr?
1428 3177 1568 3246 Reglnum
1580 3176 1714 3208 nostrum
1726 3176 1810 3215 duci,
1827 3161 1873 3206 seu
1886 3184 1999 3213 canan,
2011 3173 2116 3206 faceret
2127 3174 2186 3205 fine
2200 3174 2306 3206 Licen-
2319 3193 2405 3231 claus.
2423 3202 2453 3228 5-

1251 3224 1276 3244 la
1291 3224 1330 3245 ΠΟ
1358 3226 1369 3245 Γ
1446 3226 1507 3246 Clal

1237 3222 1248 3245 t
1276 3252 1304 3282 V
1305 3226 1523 3284 olenssesptimen'
1527 3277 1537 3291 ,
1555 3251 1716 3291 Magnifice
1728 3251 1825 3283 Princi
1847 3253 1873 3291 i,
1891 3251 2026 3296 Domino
2038 3251 2154 3292 David,
2167 3251 2228 3284 Dei
2241 3262 2305 3294 gra-
2319 3235 2419 3305 5,Ξέ
2428 3241 2450 3260 ¹¹

1237 3290 1292 3328 tia,
1312 3290 1386 3331 Regi
1401 3291 1523 3330 Scotiae,
1542 3291 1632 3321 Fratri
1643 3290 1743 3322 nostro
1755 3291 1811 3322 cari
1835 3301 1914 3329 imo,
1933 3289 2064 3322 Grauam
2083 3290 2179 3335 facere
2199 3291 2304 3332 specia-
2317 3306 2380 3345 dors·

1237 3329 1312 3366 lem,
1331 3329 1522 3360 concessimus
1543 3331 1568 3360 ei
1590 3329 1671 3368 quod
1692 3328 1706 3359 l
1727 3330 1753 3360 se
1775 3339 1825 3368 per
1839 3329 1985 3360 Homines
1998 3331 2032 3361 ὃ(
2045 3329 2206 3361 Sei—vientes
2223 3331 2304 3374 suos,

1237 3377 1309 3406 quos
1322 3367 1356 3398 ad
1371 3369 1428 3399 hoc
1442 3378 1491 3406 per
1507 3368 1626 3400 Litteras
1638 3368 1696 3399 suas
1738 3376 1844 3400 arentes
1856 3368 1893 3400 de
1914 3376 1990 3399 utate
2002 3368 2125 3400 voluerit
2134 3392 2144 3407 ,
2158 3368 2305 3408 Qadm-

1235 3415 1318 3446 genta
1341 3407 1492 3446 Qarteria
1507 3407 1654 3438 Frumenti
1669 3407 1703 3438 &
1720 3406 1821 3438 Brafiae
1840 3408 1870 3438 in
1916 3406 2000 3439 alliva
2022 3406 2072 3438 tua
2086 3417 2199 3449 emere,
2216 3407 2251 3437 &
2272 3414 2305 3437 ea

1236 3444 1371 3514 isisquesad
1385 3454 1476 3484 partes
1488 3445 1594 3478 Scotiae
1607 3446 1712 3477 ducere
1727 3446 1762 3478 ὃς
1775 3446 1883 3478 cariare
1893 3445 1996 3486 poffit,
2014 3455 2069 3486 pro
2090 3447 2214 3486 expenhs
2235 3442 2305 3474 Ho-

1268 3493 1307 3514 ιω
1334 3494 1378 3514 ui:
2218 3519 2223 3525 ¹
2244 3520 2248 3524 ,
2294 3497 2304 3505 ⁴

1249 3493 1311 3553 pEt
1331 3523 1399 3554 ideo
1418 3524 1469 3555 tibi
1490 3524 1686 3563 praecipimus,
1705 3523 1786 3563 quod
1807 3522 1901 3555 diuos
1922 3522 2068 3554 Homines
2088 3521 2123 3552 &
2142 3518 2306 3551 Sewientee

1236 3561 1345 3599 prcefati
1364 3561 1453 3601 Regis
1472 3562 1557 3594 Blada
1576 3562 1727 3601 praediea,
1746 3562 1817 3594 infra
1837 3561 1973 3606 Ballivatn
1991 3569 2069 3602 tuam
2081 3567 2196 3597 emere,
2213 3559 2248 3590 &
2269 3567 2304 3589 ea

1236 3600 1336 3631 exinde
1348 3600 1434 3639 usque
1448 3600 1483 3632 ad
1496 3601 1582 3632 dietas
1658 3611 1686 3635 es
1703 3600 1824 3639 Scotiae,
1840 3601 1945 3640 absque
1959 3597 2168 3643 impedlmento
2177 3620 2187 3634 ,
2197 3596 2304 3642 dpcere

1236 3638 1270 3668 &
1292 3640 1396 3669 cariare
1409 3640 1569 3678 permittas,
1614 3639 1835 3679 roclarnatione,
1851 3640 1899 3671 sen
1919 3637 2112 3675 inhibitione,
2133 3633 2229 3666 nostra
2249 3634 2303 3666 hu-

1231 3677 1355 3715 jusmodi
1368 3688 1429 3708 non
1442 3677 1583 3709 obstante.

1272 3753 1363 3784 Teste
1379 3754 1516 3824 i{ohanne
1534 3754 1701 3799 delEltham
1719 3796 1725 3799 .
1741 3755 1860 3787 Comite
1881 3751 2040 3797 Cornubize
2061 3749 2170 3794 fratre
2184 3748 2299 3794 nostro,

1237 3790 1368 3824 Custode
1413 3803 1481 3834 egui
1491 3793 1688 3834 nostn5apud
1702 3779 1832 3832 Eltham,
1850 3791 2026 3824 duodecimo
2039 3774 2085 3818 ‘lle
2098 3787 2214 3826 APsshS·

1943 3867 1998 3896 Per
2016 3862 2169 3896 Concilium.

2213 4061 2302 4096 Traia
