2562 4279
44 281 120 315 Arm.
135 267 178 299 D.

66 316 150 356 1334·

44 361 110 389 Edv.
133 363 158 391 3-

50 877 66 892 *
83 877 134 903 iv,

50 915 116 949 625.

66 3799 153 3836 *tw

67 3846 135 3874 6264

728 180 841 224 ΕΤ
922 180 1193 224 'ACTA
1273 152 1757 225 Ponticis.

232 274 326 313 Item}
354 272 435 313 quod
455 270 601 304 Dominus
621 268 688 302 Rex
704 269 831 301 Franciae

193 310 255 349 Ipse
269 314 302 343 &
323 312 435 353 Regina
449 312 574 342 Franciae
590 310 694 341 facient
713 310 832 348 praefatae
1227 347 1232 351 .

193 352 242 381 riae
276 353 310 383 8(-
323 351 422 382 Nobis
436 361 490 389 pro
504 349 537 381 ea
552 374 562 388 ,
577 350 606 379 in
619 349 748 386 Dotem,
765 349 810 380 seu
826 348 1024 387 Maritagium‚
1043 347 1174 386 Triginta
1187 346 1248 375 Mi-

192 389 227 419 lia
242 374 393 421 Librarum
408 388 565 420 Parvorum
580 387 793 419 Turonenfium
802 410 811 426 ,
829 387 878 417 sub
892 387 1002 417 Formis
1016 387 1048 417 ὃς
1063 385 1249 416 Conditioni-

194 429 245 458 bus
260 429 455 466 infrascripti83
472 427 623 465 videlicet,

234 466 328 506 Qiod
346 467 445 498 Nobis
458 465 600 496 satisfaciet
613 464 676 504 die,
694 474 752 503 quo
767 463 875 494 dietum
891 462 1112 494 Matrimonium
1128 463 1158 492 in
1178 461 1248 492 facie

195 505 331 537 Ecclesiae
349 506 543 543 solempnizari
564 504 716 541 contigerit
728 526 738 541 ,
760 503 795 533 de
816 501 930 531 Decem
947 501 1066 531 Milibus
1082 502 1248 539 Librarum,

196 546 230 575 &
246 545 274 574 in
288 544 345 575 fine
360 544 436 574 Anni
453 543 572 573 revoluti
584 542 620 572 de
634 543 716 580 Qiin
739 551 772 570 ue
787 540 905 569 Milibus
922 539 1072 570 Librarum
1084 565 1094 578 ,
1113 541 1146 570 &
1161 540 1198 569 sic
1212 539 1248 569 de

197 583 286 613 Anno
306 585 335 613 in
355 583 473 613 Annum
495 581 531 611 de
545 582 684 620 Qinque
736 579 816 609 ilibus
832 578 999 616 Librarum,
1019 579 1161 616 quousque
1174 578 1248 608 dicita

196 621 332 659 Triginta
356 620 439 651 Milia
462 620 611 650 Librarum
630 617 842 648 Turonensium
868 616 951 646 nobis
972 617 1076 647 fuerint
1097 617 1249 657 persoluta,

197 659 244 690 vel
259 660 295 689 de
308 659 370 699 ipfis
383 659 465 689 nobis
477 659 558 689 fuerit
573 655 753 687 satisfaetum:

237 697 278 728 Ita
300 697 379 736 quod
396 721 405 735 ,
432 697 451 727 si
473 697 548 726 dista
561 693 670 732 Maria,
689 692 766 731 quod
779 692 862 731 absit,
880 692 996 723 decedat
1007 694 1109 730 absque
1126 692 1250 723 Haerede

198 736 347 774 legitimo,
365 736 401 766 de
416 744 538 772 corpore
551 733 599 762 suo
617 739 765 768 procreato
778 754 788 770 ,
808 731 945 762 Medietas
960 732 1043 762 dictae
1059 732 1162 769 Dotis,
1178 731 1251 762 scili-

199 783 268 813 cet,
292 775 470 811 Quindecim
491 771 573 802 Milia
592 770 742 799 Librarum
758 793 767 807 ,
793 780 858 807 quae
880 771 976 807 primo
998 771 1079 800 nobis
1092 770 1250 807 solventur,

198 814 279 843 nobis
295 814 381 843 libere
395 810 597 846 remanebunt,
614 810 647 838 &
660 809 711 838 alia
726 808 903 846 Quindecim
916 807 997 838 Milia
1012 808 1160 838 Librarum
1179 809 1250 846 Regi

199 853 325 882 Francia:
335 874 344 889 ,
363 850 411 888 qui
424 857 500 878 nunc
515 846 572 884 est,
590 846 635 876 vel
650 847 703 876 erit
717 857 768 884 pro
782 855 929 884 tempore,
949 856 1121 876 revertentur
1131 871 1140 883 ,
1160 848 1178 865 ³*
1195 847 1249 876 sol-

197 890 288 920 venda
309 899 358 927 per
379 897 430 917 nos
449 885 543 916 eidem
557 908 567 923 ,
593 884 612 914 si
626 885 700 922 prius
712 885 893 915 Solutionem
907 886 950 916 vel
966 885 1189 916 Satisfaistionem
1202 885 1250 914 lia-

196 930 338 959 buerimus
353 925 388 956 de
401 924 517 955 eisdem:

240 966 291 1003 Et,
311 965 330 995 fi
343 964 455 1001 plenam
469 961 693 992 Satisfaffionem
709 961 745 991 cie
760 961 841 992 dietis
854 961 957 991 ultimis
975 961 1154 1000 Qiindecim
1169 961 1251 991 Mili-

197 1004 249 1035 bus
262 1004 429 1039 Librarum,
448 1009 515 1031 tunc
537 1010 596 1029 non
611 1000 806 1037 habuerimus,
823 1000 937 1031 Totum
950 1009 1044 1030 tamen
1057 1000 1135 1038 quod
1150 1000 1185 1030 de
1200 1001 1250 1030 illis

196 1041 404 1079 acceperimus,
423 1039 504 1069 dieto
520 1038 598 1076 Regi
620 1039 746 1068 Franci-te
766 1039 871 1068 solvere
888 1046 1054 1075 teneamur,
1073 1039 1106 1069 &2
1120 1039 1156 1069 de
1170 1038 1251 1068 Refi-

197 1081 271 1117 duo,
289 1080 372 1109 nobis
386 1088 445 1108 non
463 1078 571 1115 soluto,
590 1076 667 1107 idem
682 1076 747 1107 Rex
762 1076 886 1107 Franciae
899 1078 931 1108 &
946 1077 1124 1108 Successores
1138 1078 1250 1108 suitunc

196 1120 404 1155 imperpetuum
421 1117 472 1147 fint
483 1117 583 1154 quieti:

237 1156 330 1194 Qiod
351 1156 369 1185 fi
391 1165 444 1186 nos
462 1156 544 1185 rebus
565 1155 692 1184 humanis
712 1154 797 1184 eximi
811 1154 978 1192 contigerit,
994 1152 1070 1183 dieta
1086 1152 1177 1183 Maria
1190 1152 1252 1182 Re-

196 1193 262 1224 liet&
277 1194 315 1225 Su
326 1194 448 1233 werstite,
467 1201 535 1224 tunc
553 1192 653 1223 habeat
670 1192 730 1230 Ipsa
744 1192 849 1222 dic‘tam
866 1191 976 1222 Dotem
992 1216 1001 1228 ,
1019 1191 1171 1230 videlicet,
1184 1191 1252 1221 Tri-

196 1234 272 1272 ginta
287 1232 309 1262 ΙΝ
327 1233 369 1263 ilia
385 1233 529 1262 Libraram
544 1231 756 1262 Turonenlium
775 1229 927 1267 supradicta
939 1253 948 1267 ,
968 1230 1072 1267 libere,
1089 1230 1191 1268 absque
1204 1230 1253 1260 ali-

195 1281 256 1309 quo
269 1281 358 1301 onere
372 1271 565 1308 Debitorum,
601 1280 633 1300 ro
648 1270 729 1298 nobis
742 1268 893 1306 aliqualiter
906 1268 1121 1299 solvendorum:

234 1309 276 1340 Ita
287 1310 367 1348 qubd
382 1309 520 1340 Haeredes
533 1318 572 1338 no
599 1309 637 1344 ri,
657 1306 792 1345 quicquid
807 1306 842 1336 de
857 1306 932 1336 dieta
940 1306 1020 1337 Dote
1035 1307 1118 1336 nobis
1130 1307 1252 1337 solutum

195 1347 279 1378 fuerit
294 1372 303 1385 ,
331 1349 365 1379 ὃς
386 1348 452 1378 Rex
474 1347 599 1377 Franciae
622 1346 736 1376 Totum
756 1344 833 1383 quod
854 1344 1016 1382 supersuerit
1031 1345 1252 1383 exsolvendum,

195 1385 282 1416 dicstae
298 1386 400 1417 Mariae
412 1385 545 1423 reddere,
562 1384 683 1423 solvere,
701 1385 735 1415 ὃ(
749 1383 905 1420 restituere,
923 1391 1084 1421 teneantur,
1102 1383 1157 1421 qua
1172 1383 1253 1414 Dore

198 1425 230 1454 sit
251 1433 386 1455 contenta
399 1448 409 1462 ,
431 1426 469 1455 ita
491 1422 570 1462 quod
591 1422 659 1452 nihil
679 1423 768 1460 exigat
782 1445 791 1459 ,
806 1421 853 1452 vel
866 1422 978 1458 recipiat
991 1421 1026 1451 de
1040 1422 1139 1452 Rebus
1154 1422 1254 1452 nostris

195 1462 356 1494 Mobilibus
365 1486 374 1501 ,
388 1473 451 1500 quae
466 1461 532 1500 post
546 1469 671 1492 mortem
681 1460 824 1498 nostram,
833 1460 909 1499 juxta
924 1458 1167 1491 Consuetudinem
1174 1460 1254 1500 Reg-

196 1502 226 1531 ni
241 1501 352 1539 Angliae
360 1524 371 1540 ,
390 1501 439 1531 libi
453 1501 516 1531 alias
528 1499 707 1530 deberentur.

233 1539 381 1579 Ipsamque
402 1539 515 1570 Dotem
528 1539 629 1569 habeat
650 1537 684 1568 ad
705 1545 796 1568 totam
817 1538 908 1567 vitam
925 1536 1002 1567 suam
1015 1560 1023 1575 ,
1042 1537 1094 1575 &,
1118 1536 1182 1574 post
1197 1537 1254 1575 ejus

195 1578 360 1616 decessum,
378 1577 453 1608 dieta
468 1578 532 1608 Dos
546 1584 688 1607 remaneat
708 1575 878 1606 Haeredibus
891 1600 900 1613 ,
919 1575 956 1605 de
969 1576 1053 1605 nobis
1067 1576 1100 1605 ἃ
1117 1575 1172 1612 ipsa
1185 1574 1255 1614 legi-

196 1618 268 1648 time
281 1617 446 1655 procreatis,
464 1616 498 1646 ad
513 1615 591 1654 quod
607 1615 682 1645 dieta
699 1614 790 1644 Maria
804 1613 978 1651 consentiat,
996 1623 1027 1643 ac
1043 1614 1207 1651 promittat,
1222 1614 1255 1643 ὃ(

197 1656 285 1694 juret,
303 1655 444 1694 praemiffa
459 1656 489 1684 in
504 1654 638 1685 omnibus
651 1653 678 1683 se
693 1652 814 1689 servare,
827 1652 860 1682 δε
875 1660 972 1682 contra
987 1662 1018 1681 ea
1031 1652 1183 1688 aliqualiter
1196 1661 1257 1681 non

195 1695 292 1725 venire
307 1718 316 1732 ,
334 1695 414 1731 super
428 1703 487 1731 quo
498 1693 583 1723 etiam
598 1691 697 1721 Nobis
712 1691 830 1720 Litteras
845 1690 902 1720 suas
916 1689 1013 1727 faciat,
1031 1690 1120 1719 bonas
1135 1691 1168 1720 &
1184 1699 1256 1719 con-

194 1741 276 1771 gruas
299 1734 329 1763 iti
350 1733 404 1763 hac
422 1739 498 1771 parte
512 1754 523 1770 ,
547 1739 614 1768 quas
629 1737 756 1760 teneatur
769 1728 913 1758 Dominus
929 1727 995 1758 Rex
1011 1727 1034 1757 F
1036 1729 1136 1758 ranciae
1151 1726 1256 1758 confir-

197 1781 283 1801 mare.

238 1813 309 1839 Item
322 1833 332 1847 ,
361 1809 391 1839 in
413 1814 545 1839 eventum
566 1804 663 1843 quod,
683 1804 760 1834 dicia
780 1803 874 1834 Maria
889 1804 1020 1842 vivente,
1037 1804 1175 1835 decedere
1187 1805 1256 1835 Nos

196 1849 347 1884 contingat
361 1871 369 1885 ,
397 1847 495 1877 habeat
514 1845 548 1875 ad
562 1844 734 1874 Terminum
746 1842 822 1873 Vitae
835 1843 890 1873 suae
904 1842 976 1873 Duo
992 1842 1077 1872 Milia
1090 1843 1254 1873 Marcarum

197 1885 402 1925 Sterlingorum
424 1884 526 1914 Terrae
540 1905 550 1922 ,
575 1883 606 1911 in
626 1882 697 1912 locis
718 1881 802 1912 bonis
822 1882 856 1912 ὃς
870 1882 1021 1920 congruis,
1041 1881 1091 1911 sibi
1106 1881 1141 1911 de
1157 1882 1255 1911 Terris

197 1924 300 1954 nostris
317 1946 327 1962 ,
353 1923 472 1953 nomine
492 1921 578 1952 Dotis
592 1944 602 1958 ,
624 1919 781 1959 affignanda
795 1932 806 1957 ς
832 1920 852 1949 si
871 1928 965 1950 tamen
981 1943 990 1957 ,
1002 1920 1078 1958 juxta
1094 1919 1206 1957 Legem
1221 1921 1254 1951 &-

196 1960 442 1994 Consuetudinem
462 1961 562 1997 Regni
587 1959 700 1998 Angli-ae
714 1982 725 1995 ,
742 1958 777 1988 de
792 1958 888 1988 Terris
903 1959 936 1988 ὃ(
949 1958 1139 1988 Tenementis
1154 1958 1256 1989 nostris

194 1999 301 2031 Dotari
317 1999 442 2030 voluerit
455 2021 465 2036 ,
487 2008 557 2029 tunc
572 1997 608 2028 de
622 1997 702 2035 ipsis,
720 1997 793 2033 juxra
805 1996 975 2026 electionem
990 1996 1084 2036 suam,
1100 1997 1256 2027 lecundum

196 2038 308 2078 Legem
323 2039 357 2068 &
371 2037 627 2068 Consuetudirnem
643 2034 819 2077 hujusmodi,
838 2034 903 2065 Dos
918 2034 967 2064 fibi
981 2033 1074 2065 debita
1090 2034 1256 2075 assignetur,

194 2077 233 2108 ita
250 2075 330 2114 quod
342 2075 428 2107 altera
441 2076 552 2110 viarum
566 2073 682 2104 istarum
700 2077 732 2104 lit
744 2081 886 2103 contenta.

232 2118 320 2152 Item,
340 2113 419 2152 quod
436 2113 500 2144 Rex
516 2113 641 2143 Franciae
656 2111 716 2141 fieri
731 2111 811 2142 faciat
827 2111 925 2141 Nobis
938 2111 971 2142 &
985 2109 1071 2141 dieta:
1086 2110 1189 2142 Mariae
1201 2112 1258 2142 suas

196 2153 333 2191 LitteraS,
350 2162 399 2189 per
411 2162 478 2190 quas
495 2152 639 2189 promittat
653 2150 737 2180 nobis
751 2149 857 2180 solvere
870 2149 945 2179 dieta
958 2149 1092 2186 Triginta
1108 2149 1192 2180 Milia
1208 2151 1259 2180 Li-

195 2191 314 2222 brarum
334 2191 459 2226 terminis
480 2188 639 2227 supradiffis
673 2187 707 2218 &
728 2187 763 2218 ad
783 2187 963 2218 Solutionem
977 2187 1136 2226 hujusmodi
1149 2189 1258 2228 obliget:

197 2229 226 2261 se
262 2231 295 2261 &
309 2229 479 2260 successores
491 2229 571 2267 suos,
588 2237 622 2258 ac
635 2211 714 2257 &ona
726 2226 771 2256 sua
786 2226 962 2264 ubicumque
975 2235 1098 2263 reperta:

234 2253 275 2299 {Et
296 2267 375 2306 quod
398 2267 467 2298 Nos
481 2292 491 2306 ,
517 2277 566 2304 per
587 2265 694 2296 nostras
717 2265 836 2295 Litteras
851 2288 861 2303 ,
880 2263 956 2295 bona
971 2264 1044 2304 fide,
1063 2265 1142 2295 tastis
1155 2264 1257 2296 Sacro-

195 2307 298 2339 sanetis
313 2306 500 2344 Ewangeliis,
509 2304 659 2343 Corporali
673 2303 797 2342 praestito
810 2303 992 2334 Sacramento
1016 2313 1066 2342 per
1080 2303 1258 2341 solempnem

197 2345 416 2383 Stipulationem
427 2345 641 2383 promittamus,
658 2341 813 2381 obligando
827 2341 913 2379 Nos,
931 2343 964 2373 ὅτ
979 2326 1116 2372 Ι-Ῐεεῐεάεε
1129 2342 1260 2382 nostros,

197 2394 232 2414 ac
246 2385 323 2414 bona
337 2383 432 2414 nostra
445 2392 635 2421 quaecumque
646 2404 656 2418 ,
673 2381 708 2411 ad
722 2380 877 2411 tenendum
893 2381 927 2411 &
940 2381 1146 2418 complendum
1160 2382 1259 2411 omnia

197 2422 368 2460 supradieta,
387 2422 421 2452 δεῖ
433 2431 534 2452 eorum
549 2419 713 2458 quodlibet,
732 2428 869 2458 quantum
891 2418 927 2450 ad
947 2418 1017 2450 Nos
1030 2419 1064 2450 &
1080 2418 1260 2451 Succeffores

197 2460 311 2491 nostros
325 2462 441 2497 attinet,
459 2460 503 2490 vel
517 2461 634 2490 attinere
648 2459 751 2496 poterit
765 2459 795 2488 in
809 2458 950 2488 futurum:

235 2498 274 2529 Et
295 2498 375 2536 quod
393 2499 484 2528 didius
505 2498 651 2528 Dominus
664 2520 674 2534 ,
698 2497 731 2528 δε
751 2496 847 2526 Frater
869 2495 986 2534 noster,
1001 2494 1067 2527 Rex
1083 2496 1211 2536 Angliae,
1227 2506 1261 2527 ex

198 2536 277 2568 certa
289 2536 420 2574 scientia,
439 2536 578 2574 praemissa
591 2535 744 2567 confirmet
762 2535 796 2566 &
816 2535 978 2572 promittat,
996 2544 1029 2565 ac
1044 2535 1103 2565 obl'
1125 2535 1209 2574 etse,
1227 2536 1261 2566 &

198 2575 380 2606 Succeffores
395 2575 473 2613 suos,
493 2585 527 2605 ac
539 2574 618 2605 Bona
633 2574 679 2604 fia
692 2582 884 2612 quaecumque
898 2597 908 2610 ,
932 2573 1012 2604 dieto
1026 2573 1104 2613 Regi
1143 2574 1261 2614 tanciae,

198 2625 233 2645 ac
247 2613 371 2653 praefatae
388 2613 490 2643 Mariae
507 2613 587 2651 quod
607 2612 678 2642 infra
698 2613 771 2642 Tres
786 2611 913 2650 Menses,
934 2622 950 2642 a
964 2619 1095 2649 tempore
1107 2612 1263 2649 requisitio-

199 2654 243 2683 nis
263 2653 313 2683 sibi
335 2652 417 2683 faetae
438 2652 576 2683 continue
597 2650 787 2681 numerandos
804 2673 812 2688 ,
830 2649 1038 2680 Executionem
1052 2650 1262 2687 praemifforum

199 2691 237 2722 de
251 2691 285 2721 &
301 2691 332 2721 in
345 2690 432 2721 Bonis
446 2690 564 2728 nostris,
581 2688 762 2726 praesentibus
775 2689 809 2722 &
821 2687 937 2726 suturis,
950 2689 1053 2726 absque
1067 2688 1204 2719 Procefl'u
1218 2689 1264 2720 vel

202 2729 312 2760 Placito
325 2752 335 2766 ,
362 2729 482 2766 propriis
502 2729 555 2758 suis
578 2727 744 2765 Sumptibus
761 2727 795 2758 &
817 2725 967 2765 Expensis,
985 2726 1045 2756 fieri
1057 2726 1156 2764 faciat,
1175 2727 1195 2757 fi
1209 2737 1262 2757 nos

203 2768 249 2799 vel
262 2766 399 2801 Haeredes
413 2766 503 2796 nostri
515 2766 573 2797 hoc
594 2775 654 2795 non
667 2766 817 2803 faciamus,
837 2764 882 2795 vel
896 2764 1111 2803 adimpleamus,
1130 2766 1200 2795 αἴῃ]
1215 2776 1265 2803 per

202 2806 314 2837 distum
329 2804 442 2844 Regem
457 2804 599 2841 Franciae,
616 2803 662 2834 seu
674 2803 778 2834 didtatn
795 2802 990 2842 Mariam,vel
1005 2813 1038 2834 ex
1053 2813 1130 2842 parte
1147 2814 1264 2835 eorum-

201 2843 286 2881 dem,
304 2842 441 2874 fuerimus
452 2842 584 2879 requifiti.
1075 2862 1077 2865 .
1124 2872 1128 2877 ,

238 2881 309 2911 Nos
321 2904 331 2918 ,
358 2880 468 2910 Comes
486 2879 636 2918 praedietus
651 2902 662 2918 ,
685 2879 855 2910 Tradiatum
876 2879 1058 2918 hujusmodi,
1086 2885 1219 2918 quatenus
1229 2881 1264 2912 ad

204 2929 258 2950 nos
272 2919 387 2957 attinet,
404 2926 597 2955 acceptanteS,
614 2921 647 2948 ac
661 2918 788 2948 volentes
800 2918 899 2948 omnia
912 2918 946 2949 δε
962 2918 1084 2956 lingula,
1093 2927 1124 2951 ut
1137 2920 1264 2956 praemit-

203 2965 249 2989 tur
260 2981 269 2995 ,
288 2955 472 2987 Concordata
487 2980 497 2993 ,
515 2957 549 2988 δε
572 2956 655 2985 nobis
677 2956 870 2998 incumbentia
891 2956 920 2985 in
940 2955 993 2986 hac
1008 2966 1103 2997 parte,
1120 2957 1212 2987 facere
1229 2959 1263 2989 &

202 2997 311 3027 servare
334 2995 416 3031 (dum
438 3003 534 3025 tamen
558 2993 780 3024 Matrimonium
799 2993 959 3030 hujusmodi
972 2994 1056 3024 fuerit
1068 2995 1263 3033 subsecutum,

203 3036 238 3066 &
255 3033 401 3064 Condieia
417 3032 540 3070 superius
561 3033 645 3062 nobis
667 3032 738 3062 faeta
758 3032 792 3062 δε
813 3031 958 3062 observata
977 3032 1080 3063 fuerint
1095 3034 1159 3064 vice
1171 3034 1261 3072 versa)

203 3071 283 3103 bona
296 3071 368 3110 fide,
387 3071 420 3102 &
437 3081 485 3109 per
499 3070 685 3108 Solempnem
698 3069 915 3108 Stipulationem
930 3072 1137 3111 promittimus,
1156 3072 1264 3110 praesti-

204 3119 236 3142 to
259 3110 294 3140 ad
316 3109 499 3141 Sacrosandta
516 3108 574 3139 Dei
594 3108 755 3148 Ewangelia
777 3108 958 3139 Sacramento
978 3107 1154 3147 Corporali,
1182 3110 1264 3148 quod

204 3149 304 3180 omnia
325 3149 359 3179 ὅτ
380 3148 483 3187 singula
503 3147 642 3185 praemiffi.
663 3149 746 3185 plene
767 3147 800 3177 ἃ
822 3146 940 3177 fideliter
953 3147 1128 3186 tenebimus,
1146 3147 1266 3179 servabi-

205 3197 287 3224 mus,
303 3186 337 3217 &
351 3185 565 3223 adimplebimus
579 3193 714 3223 quatenus
727 3195 779 3215 nos
791 3186 948 3222 attingunt:

242 3225 312 3255 Nos
330 3225 415 3255 etiam
430 3224 518 3262 Nos,
535 3223 671 3254 Haeredes
685 3226 718 3255 &
734 3223 914 3254 Succeffores
929 3223 1042 3254 nostros
1052 3223 1120 3261 ,sub
1132 3223 1266 3261 Ypoteci

204 3264 239 3296 &
255 3262 440 3300 Obligatione
453 3263 584 3292 omnium
599 3260 749 3293 Bonorum
768 3261 929 3292 nostrorum
944 3285 954 3300 ‚
976 3262 1136 3293 Mobilium
1157 3264 1190 3294 <St
1205 3263 1266 3294 Im-

205 3301 360 3333 mobilium
374 3323 384 3339 ,
408 3300 485 3340 Regi
505 3300 649 3339 Franciae,
670 3311 704 3331 ac
717 3301 840 3341 praefatae
855 3299 976 3338 Mariae,
995 3301 1028 3331 &
1043 3301 1178 3332 omnibus
1191 3312 1266 3340 quo·-

206 3350 273 3371 rum
287 3338 400 3370 interest
413 3363 423 3377 ,
447 3339 493 3371 vel
506 3340 632 3369 intererit
645 3363 656 3377 ,
673 3339 791 3370 firmiter
807 3339 977 3378 Obligamus
991 3339 1026 3370 ad
1038 3340 1265 3372 observationem

207 3380 243 3411 &
264 3377 511 3415 complementum
531 3378 665 3409 omnium
685 3377 718 3407 &
740 3377 912 3417 singulorum
935 3378 1162 3416 praemiflorurn·
1183 3389 1215 3411 ac
1230 3379 1265 3410 ad

206 3416 376 3449 solvendum
391 3416 425 3447 &
438 3415 645 3446 refundendum
658 3415 809 3453 Dampna',
828 3415 980 3453 Sumptus,
999 3417 1033 3447 &
1046 3418 1136 3448 intere
1161 3428 1266 3456 e,quae

207 3462 344 3496 praetextu
353 3463 413 3484 non
427 3454 630 3484 observationis
642 3454 852 3491 praemissorum
867 3463 900 3483 ex
914 3462 990 3491 parte
1003 3455 1101 3486 nostra
1110 3456 1206 3495 ,quod
1214 3457 1265 3487 ab-

206 3496 256 3533 sit,
275 3493 424 3532 provenire
434 3492 481 3523 vel
495 3492 599 3522 incurri
612 3493 778 3532 contigerit,
797 3491 858 3522 solo
868 3491 1034 3530 Juramento
1048 3496 1131 3531 partis
1144 3517 1154 3533 ,
1171 3496 1199 3524 in
1212 3495 1264 3533 Ju-

208 3534 286 3565 dicio
302 3531 348 3563 vel
360 3540 452 3568 extra,
469 3529 612 3569 praestito,
628 3530 731 3568 absque
745 3530 913 3568 probatione
925 3530 994 3569 alia,
1011 3531 1189 3563 declaranda:

242 3571 453 3602 Renunciantes
467 3568 591 3606 expresse
612 3567 833 3606 Exceptionibus
851 3567 932 3607 doli,
954 3569 1036 3606 quod
1055 3569 1148 3601 metus
1167 3571 1266 3611 causa,

207 3612 242 3644 &
264 3610 321 3641 aliis
343 3608 566 3647 Exceptionibus
580 3629 591 3644 ,
608 3606 724 3645 acJuris
739 3606 903 3645 Remediis,
920 3607 1004 3637 nobis
1019 3610 1266 3649 competentibus,

207 3649 255 3683 vel
270 3647 482 3684 competituris,
498 3646 532 3676 ὃ(
545 3644 698 3683 specialiter
711 3644 835 3684 Legibus
849 3669 860 3684 ‚
876 3645 986 3676 Usibus
999 3669 1010 3684 ,
1026 3647 1060 3678 &
1075 3645 1266 3679 Consuetudi-

209 3689 293 3719 nibus
306 3712 316 3725 ,
341 3684 497 3725 RegniAn
518 3684 562 3714 liae
575 3706 585 3722 ,
609 3684 643 3714 ὃς
656 3683 788 3714 locorum
800 3683 922 3714 aliorum
935 3707 947 3722 .,
965 3693 1016 3721 per
1032 3694 1096 3722 quae
1107 3686 1266 3725 praemiffa,

210 3727 258 3759 vel
272 3734 374 3757 eorum
388 3724 484 3761 aliquo
513 3746 523 3762 ,
539 3721 671 3753 adnullari
683 3722 796 3760 possent
808 3745 818 3760 ,
835 3722 881 3754 vel
894 3721 1003 3762 posset,
1020 3723 1140 3761 impeti,
1157 3725 1203 3756 vel
1216 3725 1268 3755 ali-

212 3765 329 3804 qualiter
346 3763 484 3807 retardaii.
577 3801 582 3806 1
659 3800 664 3805 .
760 3799 765 3805 ·
791 3799 796 3805 ι

216 3814 217 3817 ’
251 3804 271 3824 *
290 3804 325 3834 In
346 3803 424 3841 cujus
439 3812 479 3832 rei
501 3799 716 3832 Testimonium
737 3798 870 3837 Sigillum
888 3799 1019 3837 nostrum
1032 3799 1212 3838 praesentibus
1227 3801 1268 3832 est

211 3851 228 3873 a
266 3842 372 3872 ensum.
1013 3848 1016 3851 ·

227 3851 316 3911 PlDat.
333 3879 466 3911 London.
482 3878 628 3909 Vicefimo
643 3876 760 3908 ottavo
772 3875 819 3906 die
831 3875 1022 3916 Septembris,
1039 3876 1129 3908 Anno
1142 3875 1268 3909 Domini

214 3918 389 3957 Millefimo,
405 3917 648 3956 Trescentefimo,
665 3914 828 3947 Tricesimo
843 3924 952 3954 quarto.

868 267 940 302 ultra
952 268 1122 309 Apparatum
1131 292 1141 308 ,
1159 275 1247 308 quem

844 295 966 348 Mariae,
984 310 1061 340 dabit
1081 308 1165 338 dietae
1181 308 1249 338 Ma-

215 3994 309 4046 ΝΟ
319 3996 336 4022 S
352 3986 457 4043 auteffi,
474 3997 652 4033 vadatum,
670 3993 701 4023 de
712 4003 763 4033 quo
776 3993 855 4022 did't'ae
866 3994 986 4038 Litrerae⁴
999 3999 1203 4022 commemorant
1212 4017 1222 4033 ,
1236 4003 1268 4022 ac

298 4034 385 4061 omnia
400 4044 438 4068 &a
444 4034 553 4073 fingula
565 4057 575 4072 ,
592 4039 717 4065 contenta
730 4036 759 4062 in
772 4030 867 4067 eifiiem
880 4034 1000 4062 Litteras
1014 4054 1024 4070 ‚
1049 4033 1126 4061 Rata
1138 4030 1269 4062 habentes

214 4064 256 4103 ό·
271 4071 380 4103 Grata.
396 4081 429 4102 ea
437 4072 606 4113 proiNobis,
622 4071 661 4109 ἀι
675 4069 836 4104 Haeredibus
847 4067 959 4112 nostris,
975 4075 1108 4111 quatenus
1120 4069 1161 4102 ad
1171 4076 1271 4102 nasat-

2264 199 2342 237 119

1283 269 1371 306 tinet,
1388 276 1421 296 ex
1435 266 1508 297 certe}
1515 266 1621 307 scienta}
1629 293 1638 308 ,
1656 271 1836 310 Acceptamus
1851 266 1889 307 ᾤ’
1903 273 1986 302 etiam
2001 268 2209 311 Confirmcimuss,
2356 267 2432 299 Arm·
2446 265 2490 299 D·

1325 307 1517 351 P3·on1itte7ttes
1532 330 1542 345 ,
1567 305 1605 341 ὠ·
1627 313 1710 338 etiam
1730 309 1876 346 obligantes
1889 313 1963 349 Nos,
1982 310 2019 346 ὠ
2033 314 2160 341 Ηατιίιές
2173 309 2289 352 nostros,
2303 309 2342 346 ὠ·
2387 316 2473 348 1334·-

1287 352 1376 389 orama
1397 347 1476 373 Boua
1496 344 1586 384 nostra
1602 369 1612 384 ,
1638 347 1753 376 Mobilia
1777 347 1814 382 ὠ·
1835 350 2001 389 Immohilia,
2015 350 2159 389 prasentia
2175 349 2342 389 &futura,
2358 350 2426 375 ΕΜ·
2445 357 2472 385 30

1287 380 1441 427 abicumque
1453 382 1563 426 ficeriigt
1575 406 1585 421 ,
1610 384 1679 413 αἰέῖο
1699 388 1764 423 Regi
1784 389 1902 417 Franciae
1917 411 1926 426 ,
1942 386 1980 423 &¹
1988 389 2118 427 praefiztae
2134 392 2253 428 M‘ariae,
2270 387 2345 429 quad

1288 419 1364 457 wfra
1377 424 1441 466 ¹Tres
1457 422 1578 460 silenses,
1604 434 1622 450 a
1644 430 1756 461 tempore
1769 426 1953 464 Requifitionis
1965 427 2039 456 nobis
2049 428 2134 465 fin‘fae
2150 428 2324 457 numerandos
2332 451 2343 466 ,

1283 458 1420 497 praemzffh
1435 464 1534 501 teneri,
1553 459 1591 493 όν
1608 461 1726 499 compleri
1741 462 1872 500 finiemus
1890 473 1937 502 per
1954 467 2145 495 Execmiauem
2167 476 2267 495 meram
2282 489 2292 504 ,
2309 467 2343 496 de

1291 495 1328 531 ὠν
1343 500 1372 525 in
1388 501 1469 526 Bonis
1485 499 1553 541 dirisiw
1565 502 1690 537 Comitis,
1704 501 1878 538 praesbntibm
1892 502 1928 536 (θ’
1941 503 2058 542 fittitris,
2066 503 2224 542 fiacimdam
2245 503 2342 543 absbue

1289 535 1378 574 aliquo
1394 536 1512 575 Prot-effic
1525 538 1574 575 seu
1598 537 1702 567 Placito
1716 562 1725 576 ,
1741 544 1855 577 propriis
1874 541 1966 580 uostris
1981 543 2131 580 Sanqvtilms
2145 540 2181 576 ὠ
2196 545 2341 582 Expenjts,

1282 573 1308 614 fi
1320 575 1404 603 diHus
1418 578 1524 613 Comes,
1543 577 1688 613 Haeresies,
1706 576 1754 606 vel
1764 578 1916 617 Surctjffores
1932 580 1971 617 siz}
1981 604 1989 618 ,
2003 581 2137 619 pnt’misfir
2152 592 2203 610 mm
2211 581 2342 620 fatiant,

1289 611 1340 641 vel
1351 623 1404 641 non
1418 612 1562 651 compleant
1577 614 1680 650 integri>
1694 637 1704 652 ,
1729 626 1784 643 cum
1792 618 1870 654 sup-er
1887 615 1937 646 lm}
1946 641 1955 655 ,
1972 627 2020 655 prr
2033 622 2133 648 dicim!
2147 623 2241 653 Regem
2252 623 2342 648 Fran-

1289 653 1352 688 ciae,
1371 650 1409 685 ὠ»
1422 650 1575 690 prasinam
1592 656 1733 691 Mariam,
1744 653 1792 691 stu
1808 663 1931 693 exparte
1944 656 2105 694 eorum,vel
2117 668 2204 687 eorum
2218 657 2343 696 alterius,

1281 688 1392 729 fuerint
1408 690 1532 732 ijeqisjſsfi.

1326 731 1362 757 In
1378 737 1466 765 cristes,
1483 734 1544 761 (ἐγω

1363 765 1435 804 Trste
1450 769 1518 803 Rege
1531 768 1600 803 apuzl
1614 765 1885 808 lffistmonasterjsmz,
1903 769 2028 808 tricefimo
2042 772 2083 800 die
2096 772 2262 810 Septembris.

1400 887 1447 918 Dc
1468 889 1634 920 Retinentm
1654 891 1690 926 ὠ·
1709 890 1839 932 Peifirme
1858 888 2026 923 Annibaldi
2043 893 2222 928 Ctzrdmlis.

1290 969 1422 1030 REX
1450 971 1611 1010 Omnibus,
1629 972 1663 1002 ad
1677 983 1767 1011 quos,
1783 974 1844 1004 δερ.
1863 973 1997 1005 Salutem.

1391 1008 1574 1040 Attendentes
1589 1011 1746 1041 affestionis
1760 1014 1927 1049 puritatem,
1943 1023 2028 1050 quam
2045 1038 2053 1052 ,
2073 1014 2267 1046 venerabilem
2290 1017 2343 1048 Pa·
2362 1001 2439 1032 ΑΜ·
2454 1000 2494 1033 D*

1293 1055 1387 1084 trem,
1407 1047 1569 1078 Dominum
1588 1049 1623 1078 A.
1641 1050 1879 1080 Tusculanensem
1894 1050 2088 1090 Episcopum,
2107 1054 2218 1083 Sunii-e
2235 1055 2346 1086 Roma-
2388 1051 2474 1089 ¹334·

1291 1094 1336 1114 ηπ
1356 1085 1491 1128 Ecclesiae
1514 1086 1694 1118 Cardinaicm
1709 1112 1718 1126 ,
1743 1088 1778 1117 ad
1800 1088 1868 1118 Nos
1881 1090 1913 1119 ὃς
1929 1089 2064 1121 Domum
2080 1092 2207 1121 nostram
2225 1092 2344 1124 Reoiam
2364 1084 2415 1126 “iis‘'
2434 1084 2460 1106 ὃ·

1291 1132 1427 1153 novimus
1442 1125 1582 1162 habuiffe,
2270 1119 2288 1132 ὓ
2364 1123 2393 1144 1
2411 1128 2436 1153 3·

1329 1160 1375 1191 Ac
1388 1162 1513 1192 volentes
1529 1163 1633 1201 ipsum,
1652 1174 1688 1193 eo
1705 1172 1859 1203 prcctextu,
1876 1164 2000 1196 Munere
2021 1168 2179 1204 prospicere
2193 1168 2343 1208 Gratioso,
2362 1156 2498 1193 rasaSAE.

1321 1198 1460 1243 ¹Eundem
1481 1200 1659 1231 Cardinalem
1677 1202 1712 1232 de
1735 1202 1871 1233 Concilio
1894 1204 1992 1234 nostro
2008 1207 2136 1236 duximus
2150 1208 2345 1247 retinendum,
2366 1204 2390 1230 3·
2403 1204 2439 1221 m·
2453 1195 2481 1222 ⁶·

1291 1236 1384 1276 Eique
1399 1248 1436 1277 50
1452 1238 1562 1270 Marcas
1576 1240 1780 1279 Sterlingorum
1791 1264 1799 1279 ,
1818 1242 2008 1279 percipiendas
2031 1253 2079 1280 pei·
2102 1245 2235 1283 Aiztzziiii,
2252 1248 2285 1276 ad
2301 1258 2347 1277 to-

1291 1284 1349 1306 tam
1364 1279 1452 1308 vitatn
1468 1278 1558 1317 suam,
1577 1289 1629 1316 pro
1643 1278 1743 1309 Feodo
1763 1280 1812 1309 suo
1828 1303 1837 1318 ,
1859 1279 1895 1309 de
1910 1280 1979 1310 dieti
1992 1281 2121 1312 Duciiiis
2136 1283 2280 1322 Eslffllffkis,
2298 1295 2347 1322 per

1291 1324 1389 1345 manus
1405 1315 1612 1347 Constabularii
1629 1317 1717 1347 nostri
1736 1317 1906 1358 Burdegalioe
1917 1341 1927 1357 ,
1953 1319 2091 1350 donamus
2113 1324 2146 1352 &t
2164 1324 2349 1353 concedimus

1291 1363 1340 1393 per
1354 1355 1510 1391 praesentes.

1368 1392 1401 1422 In
1415 1393 1510 1431 cujus,
1529 1393 1587 1424 &c.

1331 1429 1420 1461 Teste
1433 1430 1517 1469 Rege
1530 1431 1603 1470 apud
1618 1431 1907 1464 Westmonasterium
1924 1457 1933 1472 ,
1952 1435 2095 1465 tricesimo
2111 1434 2157 1465 die
2170 1436 2351 1474 Septembris.

1981 1513 2033 1540 Per
2046 1510 2100 1550 ,firfic
2106 1523 2128 1542 τε
2143 1515 2248 1550 Regem.

1296 1631 1344 1663 De
1359 1629 1499 1674 Potestasc
1519 1631 1562 1665 ad
1577 1633 1769 1666 tranandum
1789 1646 1857 1666 cnm
1876 1637 1951 1681 Rege
1969 1638 2099 1668 Francia·
2107 1638 2198 1683 fitpcr
2213 1636 2354 1681 Otatstio-

1668 1680 1755 1714 nibus
1771 1686 1806 1720 εγ
1826 1685 1978 1729 ςζειενείίς.
2208 1673 2258 1685 χ

1374 1764 1502 1833 llxliverfis
1515 1791 1524 1805 ,
1549 1767 1694 1805 praesentes
1714 1768 1818 1798 Literas
1833 1767 2012 1807 inspecturis,
2030 1767 2202 1808 Edwardus,
2223 1771 2282 1802 &a
2302 1770 2352 1802 Sa·
2374 1762 2503 1794 Arm-Dss

1393 1813 1479 1834 utem.
2402 1812 2452 1833 1η
2480 1826 2486 1832 .

1333 1841 1482 1872 Noveritis
1498 1842 1577 1881 quod
1592 1843 1674 1891 Nos,
2347 1865 2351 1867 .
2370 1825 2434 1870 An.3
2442 1811 2477 1869 34

1334 1879 1383 1910 De
1405 1880 1535 1911 fidelitate
1556 1883 1674 1919 probata
1693 1882 1727 1912 &
1740 1882 1997 1921 circumspefflone
2012 1884 2149 1922 provida,
2168 1884 2352 1915 Dilestorum
2373 1885 2404 1907 E.
2425 1891 2450 1917 3·

1297 1919 1330 1950 &
1343 1918 1366 1948 F
1368 1918 1483 1949 idelium
1497 1919 1677 1960 nostrorum,
1695 1920 1868 1951 Venerabilis
1882 1921 1985 1959 Patris,
2000 1922 2029 1959 J.
2051 1923 2352 1960 ArchiepiscopiCan-
2372 1923 2431 1946 P-v‘-
2443 1919 2470 1946 3·

1296 1957 1451 1995 tuarienfis,
1469 1959 1553 1988 totius
1569 1958 1679 1998 Angliae
1694 1958 1837 1997 Primatis,
1857 1959 1974 1990 Abbatis
1987 1960 2023 1990 de
2037 1960 2136 1999 Dore,
2155 1962 2188 1991 ὅτ.
2203 1962 2354 1992 wiliielmi
2372 1961 2402 1984 E.
2424 1967 2450 1994 3·
2465 1963 2491 1994 l’⁰

1297 1995 1332 2027 de
1345 1994 1490 2035 Clynton,
1510 1996 1625 2034 Militis,
1643 1998 1763 2035 plenarie
1776 1997 1964 2036 confidentes,
2374 2006 2400 2024 2.
2415 1998 2508 2030 ητα-ιι]

1333 2033 1426 2072 Ipsos,
1445 2036 1478 2065 &
1492 2034 1574 2064 Duos
1588 2045 1687 2066 eorum
1705 2037 1838 2074 (quorum
1853 2037 1981 2073 praefatus
2003 2036 2239 2075 Archiepiscopus
2262 2038 2294 2068 fit
2307 2038 2357 2069 U-

1296 2074 1358 2109 nus)
1375 2072 1510 2110 fecimus,
1528 2072 1736 2112 ordinavimus,
1755 2075 1789 2104 &
1804 2074 2003 2106 constituimus
2017 2098 2027 2114 ,
2045 2075 2158 2106 nostros
2171 2086 2252 2107 veros
2266 2078 2300 2108 δε
2314 2077 2355 2108 le-

1296 2112 1413 2148 gitimos
1429 2111 1647 2151 Procuratores,
1667 2113 1701 2144 &
1714 2112 1750 2142 N
1752 2114 1852 2143 uncios
1865 2114 2008 2153 speciales,

1334 2149 1442 2180 Dantes
1455 2151 1509 2188 eis,
1529 2151 1561 2180 ὅ(
1570 2149 1693 2181 Duobus
1707 2161 1809 2181 eorum
1825 2153 1960 2189 (quorum
1976 2152 2106 2190 praefatus
2120 2151 2358 2192 Archiepiscopus

1297 2187 1331 2219 sit
1351 2187 1449 2232 Unus)
1471 2188 1583 2225 plenam
1606 2188 1781 2220 Potestatem
1795 2213 1806 2228 ,
1828 2190 1861 2220 &
1882 2190 2053 2221 Mandatum
2067 2192 2198 2230 speciale,
2218 2192 2355 2223 traetandi

1297 2237 1352 2264 pro
1366 2227 1464 2264 nobis,
1482 2227 1515 2258 δε
1531 2226 1629 2257 nostro
1643 2229 1777 2266 nomine,
1797 2238 1884 2267 cum,
1904 2228 2064 2266 Magnifico
2078 2230 2230 2268 Principe,
2247 2230 2356 2260 Domi-

1299 2275 1339 2296 no
1353 2265 1505 2303 Philippo,
1522 2264 1604 2303 Rege
1619 2265 1642 2295 F
1644 2268 1745 2297 ranciae
1759 2266 1878 2305 illustri,
1896 2267 1942 2297 seu
1957 2268 2132 2306 Deputandis
2145 2269 2180 2298 ab
2195 2268 2357 2307 ipso,super

1299 2303 1524 2342 quibuscumque
1540 2304 1769 2344 Qiaestionibus,
1785 2305 1895 2335 Litibus
1925 2306 2070 2345 Qierelis,
2089 2306 2354 2345 Demandis,Con-

1299 2343 1453 2380 troversiis,
1471 2342 1589 2380 Arestis,
1607 2343 1651 2373 seu
1665 2343 1797 2382 Debatis,
1815 2354 1847 2374 ac
1864 2329 2105 2383 Adjornamentis,
2122 2347 2154 2376 δε
2170 2345 2360 2384 Proceffibus,

1299 2381 1329 2411 in
1342 2380 1429 2412 Curia
1441 2381 1522 2419 ipsius
1535 2380 1658 2411 Domini
1672 2382 1760 2421 Regis
1772 2382 1972 2422 pendentibus:
1993 2394 2106 2414 necnon
2121 2383 2307 2414 petitionibus
2323 2384 2357 2414 ὃς

1300 2419 1471 2451 Ac'tionibus
1485 2443 1494 2458 ,
1519 2419 1669 2458 Realibus,
1688 2421 1721 2451 &
1736 2420 1944 2460 Personalibus,
1961 2430 2046 2459 atque
2062 2422 2179 2460 Minis,
2198 2431 2263 2460 quse
2280 2422 2359 2452 idem

1301 2458 1448 2489 Dominus
1465 2458 1524 2488 Rex
1539 2466 1603 2497 erga
1616 2458 1702 2496 Nos,
1721 2459 1765 2490 seu
1787 2460 1919 2490 Subditos
1933 2460 2060 2497 nostros,
2078 2460 2180 2498 habet,
2200 2462 2244 2490 vel
2258 2461 2360 2491 'nabere

1299 2498 1420 2535 poterit,
1435 2497 1481 2527 vel
1493 2496 1561 2526 Nos
1577 2505 1640 2535 erga
1654 2497 1742 2534 ipsum
1757 2498 1919 2528 Dominum
1927 2497 2039 2537 Regem
2049 2520 2058 2535 ,
2075 2499 2120 2529 seu
2135 2498 2268 2528 Subditos
2283 2500 2361 2538 suos,

1300 2537 1407 2566 ratione
1427 2535 1581 2566 Terrarum
1599 2534 1759 2567 nostrarum
1782 2538 1812 2567 in
1830 2536 1945 2567 Ducatu
1970 2537 2125 2576 proedicto,
2142 2537 2186 2567 vel
2198 2536 2282 2575 alibi,
2301 2537 2359 2566 exi-

1301 2574 1453 2612 stentium,
1471 2574 1516 2604 seu
1530 2583 1710 2612 quacumque
1724 2575 1776 2606 alifi
1791 2575 1940 2606 occasione
1953 2575 2089 2606 habemus
2103 2598 2114 2614 ,
2129 2575 2174 2606 vel
2189 2575 2291 2605 habere
2303 2585 2358 2613 po-

1301 2614 1433 2650 terimus,
1452 2613 1553 2651 quovis
1567 2612 1670 2642 modo:
2346 2637 2350 2640 .

1300 2655 1319 2675 ι’
1339 2651 1378 2682 Et
1390 2653 1487 2681 onmia
1500 2652 1533 2682 ὃς
1548 2650 1669 2690 singula,
1688 2661 1753 2690 quae
1765 2652 1879 2683 uastata
1893 2653 1928 2683 δε
1945 2652 2117 2683 concordata
2131 2652 2243 2683 fuerunt
2256 2674 2266 2690 ,
2293 2661 2347 2690 qua

1302 2699 1426 2728 cumque
1441 2690 1572 2720 firmitate
1585 2689 1720 2720 vallandi:

1341 2728 1375 2758 N
1379 2739 1471 2759 ecnon
1484 2727 1613 2766 petendi,
1634 2728 1800 2767 stipulandi,
1820 2728 1987 2767 recipiendi,
2005 2728 2157 2766 retinendi,
2177 2738 2357 2766 componen-

1303 2767 1350 2806 di,
1370 2767 1538 2805 paciscendi,
1558 2767 1739 2806 tranligendi,
1758 2769 1792 2797 ὃς
1807 2770 1904 2797 omnia
1918 2768 1967 2797 alia
1982 2768 2015 2798 ὃς
2029 2767 2131 2802 lingula
2147 2768 2355 2805 faciendumne

1303 2807 1333 2836 in
1346 2805 1508 2843 praemissis,
1526 2806 1558 2835 δέ
1571 2806 1645 2835 circa
1660 2805 1816 2843 praemiffa,
1835 2806 1937 2837 suerint
1950 2815 2127 2843 opportuna,
2146 2807 2228 2835 ctiam
2244 2806 2263 2835 si
2278 2815 2357 2835 man-

1302 2843 1401 2874 datum
1418 2845 1526 2882 exigant
1541 2843 1672 2881 speciale,

1343 2883 1361 2902 *Ξ
1379 2883 1577 2912 Promittentes
1592 2881 1674 2911 etiarn
1688 2891 1740 2919 pro
1754 2882 1852 2919 nobis,
1871 2882 1903 2912 ὃς
1916 2881 2085 2912 Haeredibus
2101 2881 2203 2912 nostris
2219 2906 2228 2920 ,
2247 2881 2356 2912 Ratun]

1303 2921 1337 2952 δε
1352 2921 1480 2950 Firmum
1495 2920 1613 2957 habere,
1632 2919 1665 2950 <Sc
1678 2920 1820 2950 habituros
1836 2921 1972 2958 quicquid
1990 2930 2040 2958 per
2053 2921 2144 2950 diestos
2159 2919 2358 2950 Procuratores

1303 2960 1337 2989 δε
1358 2958 1491 2988 Nuncios
1514 2957 1624 2988 nostros
1640 2981 1649 2996 ,
1674 2959 1707 2988 δε
1730 2958 1814 2988 Duos
1829 2969 1929 2989 eorum
1946 2959 2080 2996 (quorum
2098 2959 2226 2996 praesatus
2243 2959 2360 2988 Archiev

1305 2997 1433 3034 piscopus
1448 2997 1478 3026 sit
1493 2996 1591 3032 Unus)
1609 3005 1639 3026 ut
1655 2996 1695 3026 est
1710 2996 1819 3026 dicium
1833 3021 1842 3035 ,
1867 2997 1990 3027 Gestum
2003 3021 2012 3036 ,
2031 2997 2138 3027 Aetam
2149 3019 2158 3033 ,
2176 2997 2209 3026 &
2224 2996 2360 3035 Fadium,

1304 3037 1349 3066 seu
1364 3037 1448 3066 etiam
1463 3035 1650 3065 Procuratum
1666 3059 1676 3073 ,
1702 3034 1784 3066 fuerit
1797 3037 1826 3066 in
1839 3035 2001 3074 praemiffis,
2017 3037 2051 3067 &
2067 3035 2192 3074 quolibet
2204 3034 2360 3071 praemiffo-

1303 3084 1376 3105 rum.

1341 3112 1374 3142 In
1398 3121 1521 3150 quorum
1535 3112 1668 3142 omnium
1689 3110 1885 3142 testimonium
1900 3112 2027 3152 Sigillum
2043 3110 2171 3142 nostrum
2184 3109 2360 3148 praesentibus

1304 3149 1435 3180 duximus
1450 3150 1660 3188 apponendum.

1342 3188 1412 3220 Dat.
1430 3190 1502 3226 apud
1514 3187 1821 3227 Westmonasterium,
1838 3189 1979 3220 tricesimo
1996 3188 2042 3219 die
2056 3186 2236 3226 Septembris.

2380 2892 2395 2909 ³³
2416 2894 2469 2921 iv,

2381 2933 2444 2966 627.

1372 3320 1431 3354 Ad
1450 3319 1645 3354 traffandum
1652 3321 1742 3367 fhper
1757 3331 1863 3353 mutim
1880 3321 2013 3363 Vfivne,
2039 3321 2075 3357 (ῥ’
2095 3318 2228 3364 Paffizgio
2246 3317 2290 3350 ad

1690 3371 1819 3403 Terram
1832 3369 1986 3401 Samiam.

1380 3453 1416 3486 N
1418 3454 1518 3493 verfis,
1535 3454 1681 3493 praesentes
1698 3454 1803 3485 Literas
1816 3452 1993 3491 inspecturis,
2010 3450 2181 3488 Edwardus,
2198 3449 2259 3481 &c.
2278 3449 2356 3481 Salu-
2371 3450 2450 3482 Ann.
2461 3450 2507 3490 D}

1392 3502 1461 3524 tem.
2039 3516 2042 3518 .
2393 3501 2405 3520 1
2471 3514 2479 3522 .

1340 3531 1490 3563 Noveritis
1503 3531 1584 3570 quod
1597 3531 1682 3570 Nos,
2317 3552 2319 3554 .
2346 3561 2351 3565 ,
2369 3500 2425 3558 An?
2432 3499 2468 3557 384

1340 3570 1389 3601 De
1412 3570 1541 3601 fidelitate
1563 3570 1681 3607 probata
1699 3570 1732 3600 δε
1753 3567 2005 3606 εἰτευῑηΐρεᾶἱοιιε
2019 3564 2155 3603 providi,
2172 3563 2356 3609 Dilestorum
2372 3572 2402 3595 Ε.
2422 3578 2448 3604 ς.

1303 3609 1337 3640 &
1350 3608 1489 3640 Fidelium
1504 3608 1685 3647 nostrorum,
1704 3607 1877 3637 Venerabilis
1893 3606 1995 3643 Patris,
2007 3604 2036 3643 J.
2055 3603 2268 3643 Archiepiscopi
2276 3602 2356 3634 Can-
2371 3605 2436 3643 lbid,

1302 3648 1458 3716 thuarienliS,
1476 3649 1560 3678 totius
1575 3647 1688 3685 Angliae
1703 3646 1831 3676 Primatis
1844 3667 1853 3682 ,
1871 3642 1930 3679 ὠτ.
1943 3650 2025 3681 prout
2032 3642 2117 3682 fiaepra
2132 3644 2211 3682 uffiue
2226 3641 2355 3673 haecver-

1320 3698 1338 3716 a
1351 3696 1356 3702 ”
1376 3698 1438 3716 vtz.

1341 3708 1496 3756 ‘'fractandi
1509 3748 1519 3762 ,
1545 3734 1597 3762 pro
1618 3722 1718 3753 Nobis
1730 3746 1740 3760 ‚
1766 3722 1801 3752 &
1821 3720 1920 3750 nostro
1939 3720 2073 3756 nomine,
2091 3728 2177 3757 cum,
2197 3718 2359 3758 Magnifice

1304 3761 1453 3802 Principe,
1471 3763 1602 3793 Domino
1617 3761 1766 3800 Philippo,
1784 3758 1865 3798 Rege
1877 3759 2002 3789 Franciae
2018 3756 2134 3796 Illustri,
2151 3765 2197 3787 aut
2210 3757 2360 3796 Deputa'nss

1304 3801 1346 3832 dis
1359 3802 1394 3832 ab
1408 3811 1444 3831 eo
1459 3824 1469 3840 ,
1492 3800 1528 3830 de
1539 3801 1620 3831 certis
1634 3799 1691 3828 Die
1704 3799 1738 3828 &
1754 3798 1853 3834 Loco,
1872 3797 1971 3834 quibus
1987 3796 2065 3826 idem
2081 3795 2228 3826 Dominus
2242 3796 2310 3826 Rex
2322 3797 2357 3828 &

1305 3839 1374 3870 Nos
1395 3839 1550 3870 convenire
1565 3862 1574 3875 ,
1599 3838 1632 3868 &
1653 3836 1722 3866 Nos
1743 3838 1847 3867 mutuo
1867 3835 1962 3866 videre
1984 3835 2146 3872 valeamus,
2170 3844 2223 3872 pro
2237 3835 2356 3872 pleniori

1303 3878 1419 3909 traetatu
1438 3876 1570 3907 habendo
1590 3876 1667 3911 super
1689 3874 1815 3912 Paffagio
1829 3897 1837 3912 ,
1861 3873 1908 3904 vel
1919 3871 2040 3911 Itinere,
2058 3872 2159 3903 nostro
2173 3873 2265 3904 versus
2279 3873 2354 3903 Ter-

1304 3926 1363 3948 ram
1376 3916 1524 3952 Sanrstam,
1543 3914 1576 3944 ὃς
1589 3914 1646 3943 aliis
1661 3912 1796 3951 Negotiis
1808 3911 2039 3949 occurrentibus,

1341 3954 1378 3984 Et
1392 3954 1460 3991 hiis,
1475 3962 1538 3991 quae
1554 3952 1590 3982 sic
1606 3951 1719 3981 tracstata
1733 3951 1852 3988 fuerint,
1871 3949 2080 3988 consentiendi,
2098 3950 2132 3980 ὃς
2147 3949 2357 3987 concordandi,

1342 3992 1381 4022 Et
1394 4001 1443 4029 ea,
1462 3992 1492 4020 in
1504 3991 1605 4029 quibus
1620 3988 1778 4020 concordes
1791 4013 1801 4027 ,
1819 3998 1849 4019 ut
1863 3988 2041 4026 praemittitur
2054 4011 2065 4026 ,
2083 3989 2204 4027 fuerint,
2222 3997 2358 4027 quacum*

1304 4041 1361 4071 que
1374 4029 1503 4060 firmitate
1515 4027 1633 4059 vallandi
1641 4050 1651 4067 ,

1344 4068 1383 4102 Et
1403 4067 1501 4099 omnia
1523 4067 1573 4099 alia
1595 4066 1629 4099 &
1651 4066 1754 4106 singula
1769 4064 1888 4097 faciendi
1902 4088 1914 4105 ,
1931 4074 1996 4104 quae
2011 4066 2042 4097 in
2057 4064 2222 4103 Praemiffis,
2241 4065 2273 4095 δε
2287 4064 2362 4131 {irca

2312 4109 2364 4132 rae-
