2562 4279
715 138 827 179 ET
907 137 1167 180 ACTA

0 231 72 264 Ann,
85 216 128 249 D·
180 218 301 249 Die'tam
322 219 512 251 cenationem
525 244 535 260 ‚
558 221 592 253 &
610 223 706 253 omnia
725 230 856 254 contenta
871 225 902 254 in
923 224 1038 261 eadem,
1061 233 1095 254 ex
1116 229 1192 263 pai-te

0 270 108 340 1233..
139 256 241 333 &gerg
255 257 384 289 duximus
403 259 613 299 revocandum,
631 261 664 291 &
683 261 741 291 hoc
760 262 842 292 vobis
861 262 1045 301 fignificamus
1061 271 1111 302 pei·
1122 271 1194 301 prae-

181 332 220 363 Et
239 334 322 364 vobis
334 333 430 366 damus
446 335 474 365 in
488 335 622 367 mandatis
636 334 752 366 firmiter
767 336 954 376 injungendo,
972 338 1051 375 quod
1067 347 1126 367 non
1138 338 1194 367 ob-

145 370 278 402 stantibus
299 372 460 404 Ceffiirione
472 374 606 412 praedidffi
618 374 663 404 vel
677 373 816 405 Mandatis
830 375 929 405 nostris
940 375 1081 412 praedietis
1112 375 1194 404 vobis
1229 374 1262 404 &
1279 374 1309 405 D

144 408 221 452 inde·
233 409 345 441 direetis
379 411 463 442 Malis
483 413 517 442 &
535 411 649 442 Malitiis
664 412 804 443 ἀίἑὶοιυῐη
817 412 1025 452 Consanguinei
1037 398 1144 450 nostri,
1161 414 1194 444 &

144 447 324 492 subditorum·
337 433 467 488 limium,
485 451 541 480 tarn
564 460 613 487 per
633 450 769 492 Terram,
786 451 872 489 quam
883 460 933 490 per
947 450 1045 489 Mare,
1063 461 1114 488 pro
1128 451 1194 480 viri-

144 485 197 515 bus
216 485 354 525 relistatis,
372 488 405 518 &
427 487 511 518 resisti
534 488 652 526 faciatis,
669 488 737 527 ipsoi
761 489 815 518 ue'

145 523 179 553 δε
200 524 354 555 consimilia
364 526 436 556 mala
450 549 460 564 ,
477 536 540 563 quae
554 525 634 556 nobis
648 527 681 556 &
697 498 797 556 nosiris

145 561 251 600 feratis,
269 563 302 593 &
316 562 373 593 hoc
384 564 462 594 nullo
476 563 566 594 modo
580 565 724 594 omittatis.

808 489 974 556 {Lnfpugnetis
986 490 1020 520 ὃ(
1034 488 1176 533 destruatis
1184 509 1195 526 ,

850 536 910 557 erre
924 534 1060 557 conantur
1069 549 1080 565 ,
1098 536 1136 557 eis
1151 536 1194 556 in-

179 636 267 671 Teste
280 637 362 678 Rege
376 637 449 680 apud
461 638 576 670 Turrim
590 638 769 676 Londoniae,
787 639 863 670 sexto
877 639 923 670 die
937 639 1020 671 Maii.

546 717 600 744 Per
616 714 698 753 ipffim
716 716 811 752 Regem
829 714 867 750 ὠ
886 715 1037 746 Concilium.

151 859 199 891 De
216 869 274 889 non
292 855 487 903 permittendo
510 857 630 888 Arietes
646 858 753 897 vivos,
780 859 811 888 in
831 855 1085 890 deteriorationem
1103 863 1196 905 pretii

430 906 518 936 Lanae
528 929 538 945 ‚
565 913 652 935 extra
669 906 802 950 Regnum
819 904 915 939 educi.

3 1011 68 1044 Arm
86 1007 116 1039 D
148 988 278 1047 REX
298 987 501 1032 BalIivisVillae
516 987 551 1018 de
564 987 670 1032 Sancto
684 987 843 1028 Botulpho‚
862 990 895 1022 &
909 988 1119 1023 Collectoribus
1132 992 1194 1024 Cu-

21 1059 34 1080 1
58 1032 104 1087 3‘8.
119 1030 126 1038 ⁸
226 1027 326 1072 stumae
339 1026 394 1057 suae
406 1036 435 1056 in
449 1025 538 1079 Portu
549 1026 687 1070 ejusdem,
704 1026 836 1075 Salutem.
891 1067 896 1072 1
1071 1070 1075 1074 Ι

1 1059 110 1118 2⁶1³-
146 1064 1195 1142 pQiaser“emeairsstassfflaisiuii&iriense5³5

1 1131 88 1200 aaz).
145 1151 195 1171 vos
210 1142 278 1172 infra
293 1126 428 1180 Regnur'n
442 1140 569 1171 nostrum
586 1126 780 1185 emerur’it,'&
794 1151 841 1172 eos
856 1127 940 1181 u’sque
952 1144 985 1174 ad
998 1143 1108 1188 didium
1124 1145 1194 1176 Por-

5 1206 83 1231 ,ιε’
99 1209 124 1236 3-
145 1187 205 1209 tum
228 1179 383 1223 duxerunt,
399 1178 522 1223 &ultra
543 1179 642 1223 Mare,
660 1179 694 1209 ad
707 1180 800 1235 *mesas
820 1189 906 1219 partes
919 1180 1047 1219 Exteras,
1067 1193 1096 1213 in
1111 1183 1194 1214 Frau-

36 1248 102 1268 ΗΜ.
145 1217 211 1262 dem
232 1218 264 1249 &
278 1217 535 1261 Deteriorationem
549 1226 631 1257 pretii
645 1217 731 1261 Lanae
746 1218 816 1262 infra
830 1218 964 1263 Regnum
979 1219 1105 1265 nostrum
1120 1232 1193 1259 prae-

0 1248 26 1316 ξ·
33 1279 58 1308 ά.
143 1256 318 1324 (illigffdnu'nigc
335 1255 572 1287 Emendationem
590 1256 678 1286 Laiiae
699 1266 728 1285 in
744 1255 823 1286 dietis
835 1258 956 1294 partibus
970 1257 1077 1288 Exteris
1091 1259 1194 1291 ducere

182 1317 528 1377 Quodffsttoleraretur,
547 1331 576 1360 in
596 1330 684 1361 nostri
707 1332 919 1371 praeiudicium,
937 1333 1075 1379 &totius
1095 1335 1196 1375 Populi

0 1430 16 1447 ,
29 1431 64 1457 v.
82 1437 125 1466 37·
144 1370 319 1447 Reffsissss'ff
319 1368 662 1447 guffiffiggiuggugssgg
663 1379 724 1438 “32¹¹
732 1369 872 1445 bifflssifg
884 1372 1031 1441 Ξέἒῖῗὲἒ
1035 1396 1086 1441 211⁵
1101 1413 1196 1442 omni.

145 1448 215 1486 bus,
232 1448 331 1486 quibus
390 1447 523 1483 terimus,
546 1456 702 1482 praecavere
722 1446 862 1485 volentes,
888 1455 918 1477 ut
939 1456 1089 1488 tenemur,
1114 1452 1196 1481 vobis

145 1485 326 1523 mandamus,
364 1486 459 1515 rrriitei·
479 1484 668 1523 injungentes,
688 1483 767 1522 quod
787 1484 890 1524 aliquos
909 1486 1066 1525 hujusmodi
1090 1488 1196 1519 Arietes

144 1525 238 1562 vivos,
257 1525 285 1554 in
304 1523 384 1554 dieto
406 1531 503 1561 portu,
521 1521 555 1552 ad
572 1531 659 1560 partes
672 1522 799 1560 Exteras,
819 1532 866 1561 per
879 1523 1019 1564 aliquem,
1038 1527 1196 1562 cujuscum-

143 1572 201 1600 que
212 1561 297 1593 statiis
310 1561 407 1600 fuerit,
425 1560 582 1591 nullatenus
595 1560 660 1591 duci
675 1561 718 1591 seu
733 1561 825 1590 cariari
839 1563 1013 1599 permittatis:
1032 1566 1065 1595 ὃ(
1080 1564 1196 1604 diligens

145 1601 318 1632 Scrutinium
338 1601 367 1630 in
385 1599 521 1629 omnibus
542 1599 575 1629 &
595 1599 705 1629 sinoulis
725 1599 870 1637 Navibus,
888 1601 916 1629 in
938 1600 1018 1631 dieto
1038 1612 1120 1639 portu
1142 1605 1198 1633 exi-

146 1639 297 1677 stentibus,
315 1638 433 1675 faciatis,
449 1638 483 1668 &
506 1646 607 1667 omnes
626 1623 734 1667 Krietes
748 1638 843 1675 vivos,
860 1647 930 1677 quos
946 1640 974 1668 in
988 1640 1090 1670 eisdem
1103 1640 1138 1671 N
1140 1642 1198 1671 avi-

145 1678 198 1708 bus
220 1677 394 1714 invenerids,
412 1683 488 1706 eittra
507 1675 615 1706 easdem
636 1675 672 1706 ad
685 1675 805 1705 Terram
820 1677 941 1712 ponatis·
961 1678 998 1708 ita
1012 1678 1091 1716 quoti
1106 1678 1141 1709 ad
1154 1679 1199 1709 di-

147 1716 204 1747 ἃδε
218 1723 307 1754 partes
320 1714 433 1746 Exteras
446 1713 599 1745 nullatenus
613 1713 750 1744 ducantur
761 1714 859 1753 quovis
873 1724 924 1744 mo
943 1725 971 1745 ο.

185 1791 275 1824 Teste
292 1790 376 1830 Rege
393 1789 466 1828 apud
476 1789 594 1821 Turrim
609 1788 786 1828 Londoniae,
803 1789 920 1830 septimo
932 1790 978 1821 die
991 1790 1072 1822 Maii.

783 1867 838 1896 Per
848 1864 928 1905 ipsimi
941 1869 1044 1904 Regem.

312 2010 405 2054 Super
424 2009 622 2040 Arraiatione
638 2010 674 2046 ὅ]
693 2007 836 2040 Damone
851 2007 964 2041 Willen
974 2019 1048 2040 tum.

1 2108 79 2144 Arm.
91 2109 133 2141 D·
155 2091 305 2150 REX,
323 2090 441 2122 Dilecto
461 2092 494 2123 &
516 2091 604 2122 Fideli
626 2092 693 2136 suo,
710 2092 837 2123 Ricardo
852 2091 962 2122 Comiti
979 2091 1120 2136 Arundel,
1139 2090 1205 2122 Do-

232 2141 313 2161 mino
325 2131 361 2160 de
381 2130 602 2169 Osewaidestre,
617 2126 725 2169 Chirk,
740 2131 773 2162 ὃς
789 2130 920 2169 Cloune,
937 2130 982 2161 vel
994 2140 1051 2169 ejus
1065 2130 1206 2161 Senescai-

4 2150 108 2219 2338‘
154 2168 199 2207 lo,
217 2178 263 2200 aut
278 2168 384 2199 Ballivis
396 2168 519 2207 ibidem,
538 2168 669 2199 Salutem.

3 2201 56 2257 Ἐκ·
76 2198 118 2216 ¹²⁸
192 2206 272 2238 Cum
293 2216 382 2246 nuper
401 2207 500 2244 vobis,
525 2216 574 2245 per
597 2207 683 2238 Breve
704 2206 850 2246 nostrum,
867 2206 1090 2238 mandaverimus
1109 2206 1207 2246 quod,

28 2237 78 2296 ‘123’
155 2246 185 2276 in
211 2245 309 2277 Terris
336 2245 369 2275 ὅσ
388 2244 535 2275 Dominiis
554 2246 694 2285 praedietis
706 2267 716 2284 ,
747 2245 875 2276 Centum
895 2245 1037 2276 Homines
1056 2245 1209 2275 Wallenses

3 2271 30 2296 A
51 2275 120 2294 man*
157 2286 167 2322 (
175 2294 296 2322 quorum
317 2293 371 2314 una
383 2283 514 2314 medietas
526 2284 558 2314 sit
575 2284 610 2314 de
622 2284 783 2323 Sagittariis,
802 2285 835 2315 &
847 2284 929 2314 altera
944 2284 1078 2314 medietas
1091 2283 1127 2314 de
1141 2283 1209 2314 Ho-

7 2315 50 2334 η’
66 2309 93 2332 E.
112 2313 136 2341 3¹
154 2324 276 2354 minibus
296 2323 330 2353 ad
352 2321 492 2358 Lanceas)
510 2331 577 2352 cum
598 2324 677 2352 omni
696 2321 888 2360 festinatione,
905 2322 960 2362 qua
974 2322 1030 2352 fieri
1042 2322 1160 2361 poterit,
1174 2321 1210 2352 de

4 2352 70 2419 &7¹⁸
84 2352 119 2372 m'
154 2361 321 2392 Melioribus
335 2382 346 2399 ‚
371 2360 560 2397 Fortioribus,
585 2361 618 2392 &
641 2360 844 2399 Validioribus,
863 2360 1038 2392 Hominibus
1055 2359 1210 2390 Terrarum

153 2400 187 2430 &
204 2399 412 2430 Dominiorum
431 2398 649 2438 praedidfflrum,
671 2399 821 2437 eligeretis,
846 2399 977 2438 triaretis,
993 2400 1027 2430 &
1046 2399 1210 2438 arraiaretis,

153 2438 199 2470 vel
214 2438 293 2477 eligi,
316 2437 405 2475 triari,
423 2437 455 2467 &
470 2437 595 2475 arraiari,

189 2475 227 2507 Et
247 2475 361 2506 eosdem
382 2474 541 2514 Homines,
563 2474 712 2513 videlicet,
730 2474 888 2514 Sagittarios
908 2474 1037 2506 Arcubus
1049 2475 1083 2506 &
1101 2475 1211 2514 Sagittis

155 2516 189 2546 &
210 2514 267 2545 aliis
288 2513 399 2551 Armis,
416 2523 450 2544 ac
473 2522 590 2544 caeteros
611 2514 752 2545 Homines
771 2513 805 2551 ad
828 2513 950 2544 Lanceas
969 2514 1088 2545 Lanceis
1100 2514 1211 2553 aliisque

155 2552 265 2592 Armis,
283 2553 356 2590 juxta
371 2550 457 2582 statfis
468 2552 507 2582 sui
519 2552 676 2583 decentiam
688 2575 697 2590 ,
715 2553 833 2590 muniri,

194 2590 207 2621 1
229 2591 324 2630 sosque
340 2591 378 2621 fic
396 2589 517 2627 eleetos,
536 2591 647 2629 triatos,
665 2591 698 2621 &
720 2592 845 2620 munitos
882 2590 1003 2621 Dilee‘tis
1022 2590 1055 2621 &
1070 2589 1211 2621 Fidelibus

159 2638 199 2660 no
226 2630 259 2660 ris
295 2629 414 2660 Fulconi
434 2628 638 2668 Fitz-Waryn,
652 2626 775 2667 johanni
790 2628 825 2659 de
836 2613 991 2660 Cherleton
1002 2629 1125 2668 juniori,
1147 2628 1211 2660 Ro-

157 2668 239 2699 berto
271 2678 287 2698 e
301 2667 390 2698 Harle
405 2665 555 2705 Chivaler,
570 2668 602 2698 δε
618 2666 744 2697 Griffino
761 2665 819 2697 Cra
838 2667 874 2704 h,

198 2706 282 2774 (Quos
302 2705 336 2736 ad
359 2704 536 2743 Electiones,
554 2705 754 2741 Arraiationes,
772 2705 806 2736 δε
867 2706 1005 2735 unitiones
1022 2727 1032 2743 ,
1047 2704 1213 2735 Hominum

163 2754 221 2783 prae
243 2745 366 2774 ietorum
386 2743 415 2773 su
436 2742 636 2782 ervidendum,
663 2744 696 2774 &
718 2743 753 2774 ad
774 2743 887 2773 eosdem
908 2742 1036 2774 Centum
1055 2742 1214 2782 Homines,

160 2783 216 2813 una
229 2791 296 2813 cum
311 2781 369 2811 aliis
426 2781 584 2819 allensibus,
601 2783 635 2812 ad
650 2781 719 2812 Nos
732 2780 898 2813 ducendum
910 2782 1123 2821 assignavimus,

196 2820 252 2851 Seu
266 2820 347 2851 alicui
361 2828 459 2850 eorum
473 2819 581 2849 liberari
594 2820 731 2856 faceretis,

195 2858 241 2889 Ac
256 2859 315 2897 jam
328 2857 540 2889 intellexerimus
552 2858 632 2896 quod
644 2868 697 2888 nec
709 2867 760 2888 vos
774 2856 932 2895 hujusmodi
947 2857 1087 2889 Homines
1097 2858 1197 2898 eligere
1205 2883 1215 2897 ‚

163 2898 196 2930 &
210 2907 257 2927 eos
269 2896 303 2927 ad
318 2906 370 2926 nos
387 2897 497 2926 mittere
506 2919 516 2935 ,
534 2905 589 2926 nec
601 2897 730 2936 praefatos
745 2895 851 2926 Fideles
863 2896 973 2927 nostros
986 2896 1088 2928 Terras
1102 2897 1135 2927 &
1150 2897 1216 2927 Do-

163 2936 251 2966 minia
273 2934 361 2965 vestra
403 2933 533 2971 raediCta,
548 2944 600 2971 pro
612 2934 789 2964 Hominibus
802 2934 853 2964 illis
867 2934 1014 2974 eligendis,
1035 2935 1140 2974 ingredi
1154 2944 1216 2974 per-

161 2973 269 3004 misistis
282 2996 292 3010 ,
325 2973 354 3003 in
410 2972 576 3012 xpeditionis
594 2974 777 3010 negotiorum
796 2971 957 3004 nostrorum
984 2972 1216 3004 Retardationem

162 3011 337 3042 manifestam
353 3034 362 3049 ‚
386 3011 462 3042 unde
484 3010 638 3051 plurimum
656 3011 876 3049 conturbamur,
898 3012 951 3050 δε,
979 3021 1034 3042 nec
1053 3012 1217 3050 immerito,

163 3054 400 3088 commovemur,

199 3085 290 3119 Vobis
312 3088 412 3127 igitur,
430 3087 458 3118 in
481 3087 549 3118 Fide
565 3088 597 3119 ὃς
613 3086 757 3127 Ligeantifi
792 3087 890 3126 quibus
907 3087 990 3117 nobis
1002 3088 1151 3125 tenemini,
1170 3087 1217 3117 fir-

162 3127 247 3158 miter
268 3126 456 3166 injungendo,
475 3125 636 3157 mandamus
657 3125 734 3164 quod
754 3109 845 3155 <ficim-
864 3124 991 3155 Centum
1012 3125 1153 3156 Homines
1179 3126 1216 3162 (si

163 3164 294 3196 nondum
313 3165 393 3195 eleffi
415 3164 536 3201 fuerint)
556 3175 623 3195 cum
640 3165 722 3194 omni
738 3164 889 3200 celeritate,
909 3173 962 3202 qua
977 3163 1035 3193 fieri
1049 3164 1164 3203 poterit,
1182 3163 1218 3193 de

163 3202 356 3240 Melioribus,
379 3202 582 3240 Validioribus,
606 3204 639 3233 &
661 3202 850 3240 Fortioribus,
874 3201 1049 3232 Hominibus
1066 3202 1216 3232 Terrarum

165 3241 199 3272 &
220 3240 423 3271 Dominiorum
443 3241 645 3279 praeditstorum
661 3265 671 3279 ,
697 3241 800 3280 eligatis
812 3263 822 3278 ,
840 3240 924 3270 trietis
940 3263 949 3278 ,
966 3241 1000 3271 &
1023 3241 1154 3278 arraietis,
1172 3239 1217 3271 vel

166 3279 202 3309 eli
223 3280 247 3318 i,
263 3280 351 3316 triari‚
368 3279 401 3310 &
416 3280 537 3318 arraiari,

229 3325 239 3347 t
257 3316 368 3347 eosdem
389 3316 532 3347 Homines
547 3339 557 3355 ,
573 3316 703 3348 videlicet
718 3339 728 3355 ,
741 3316 900 3356 sagittarios
919 3315 1049 3346 Arcubus
1062 3317 1095 3347 ὃς
1111 3316 1219 3355 Sagittis

168 3354 202 3385 ὃ(
220 3355 275 3385 aliis
296 3354 405 3391 Armis,-
423 3365 457 3385 ac
477 3364 593 3386 caeteros
612 3355 754 3386 Homines
773 3355 808 3385 ad
828 3356 950 3386 Lanceas
972 3354 1089 3385 Lanceis
1110 3355 1219 3395 aliisque

170 3390 283 3430 Armis,
298 3394 375 3431 juxta
389 3392 472 3423 statiis
484 3393 522 3423 sui
537 3393 712 3431 decentiam,
731 3395 851 3431 muniri,

202 3431 277 3469 Ipsos
297 3441 331 3460 ue
351 3430 389 3461 sic
408 3431 527 3469 electos,
541 3432 650 3468 triatos,
667 3432 701 3462 &
720 3432 863 3470 arraiatos,
878 3442 910 3462 ac
930 3432 1004 3462 bene
1025 3433 1168 3471 munitos,
1185 3432 1219 3463 ad

166 3469 235 3501 Nos
256 3479 274 3499 u
287 3479 340 3506 que
362 3468 564 3509 Gippewicum
585 3470 658 3499 mitti
678 3469 782 3500 faciatis
796 3493 806 3506 ,
834 3470 870 3499 ita
887 3470 964 3508 quod
987 3470 1071 3500 iidem
1093 3470 1219 3501 Centum

170 3508 328 3544 Homines,
345 3506 418 3537 bene
442 3507 544 3538 muniti
563 3507 596 3538 &
615 3508 737 3546 arraiati,
752 3517 785 3537 ac
804 3505 841 3537 de
861 3507 923 3544 una,
938 3507 1023 3538 Secta
1041 3507 1150 3546 vestiti,
1168 3510 1219 3540 sint

168 3546 276 3577 ibidem
298 3544 342 3575 die
364 3544 500 3575 Mercurii
522 3546 549 3574 in
571 3545 721 3583 septimana
742 3545 919 3575 pentecostes
931 3569 942 3585 ,
960 3545 995 3574 ad
1016 3546 1165 3585 ultimum,
1185 3546 1220 3577 ad

171 3583 405 3624 proficiscendum
426 3582 527 3612 exinde
547 3582 711 3621 nobiscum,
728 3584 762 3614 &
781 3593 850 3613 cum
872 3583 927 3613 aliis
948 3582 1086 3613 Fidelibus
1106 3586 1222 3623 nostris,

172 3623 207 3654 ad
217 3623 304 3655 cvadia
323 3621 435 3659 nostra,
456 3622 484 3650 in
505 3621 670 3659 obsequium
690 3621 836 3660 nostrum,
853 3629 937 3659 prout
956 3622 994 3651 eis
1013 3629 1081 3651 tunc
1097 3631 1131 3652 ex
1146 3631 1222 3662 parte

174 3660 267 3692 nostrii
280 3660 386 3698 plenius
399 3660 563 3698 injungetur.

208 3698 406 3730 Mandavimus
425 3699 501 3728 enirn
536 3696 643 3727 diieeco
663 3696 778 3727 Clerico
799 3696 915 3735 nostro,
930 3696 1062 3727 Roberto
1073 3697 1108 3727 de
1128 3697 1222 3729 Ham-

173 3737 261 3777 bury,
277 3737 441 3767 Camerario
461 3720 559 3766 nostro
579 3735 790 3772 Nortliwalliae,
812 3735 888 3772 quod
907 3736 964 3766 tam
977 3735 1081 3765 eisdem
1096 3734 1223 3767 Centum

174 3775 349 3806 Hominibus
367 3776 452 3814 quam
474 3773 598 3804 Du&ori
617 3773 800 3810 eorumdem,
818 3773 905 3803 Vadia
925 3773 968 3803 sua
990 3774 1087 3804 diurna
1121 3775 1136 3804 a
1152 3783 1224 3805 tem—

177 3822 247 3850 pore
262 3824 320 3853 quo
340 3813 366 3843 se
385 3823 399 3843 a
421 3813 538 3851 propriis
558 3813 678 3852 partibus
697 3812 856 3849 moverint,
871 3813 1014 3850 quousque
1027 3797 1104 3851 apud
1114 3811 1224 3843 distum

179 3851 277 3880 locum
297 3852 332 3882 de
345 3851 519 3889 Gippewico
540 3851 682 3886 venerint,
703 3857 787 3886 prout
798 3857 877 3892 antea
890 3849 948 3879 fieri
962 3849 1123 3887 consuevit,
1140 3851 1226 3890 solvi,

178 3889 304 3956 ἒρὲιέίςυε
318 3889 353 3920 de
375 3890 431 3920 una
444 3888 527 3919 Secta
541 3888 635 3919 vestiri
651 3888 733 3918 faciat
748 3909 758 3925 ,
775 3886 811 3916 de
825 3886 950 3917 Exitibus
964 3886 1135 3918 Camerariae
1149 3898 1227 3919 ante-

201 3936 208 3956 i
238 3936 273 3956 ae.

217 3963 306 3994 Teste
321 3964 404 4005 Rege
417 3965 491 4004 apud
502 3966 620 3997 Tunim
634 3963 814 4000 Londoniae,
832 3961 936 3993 οέὶανο
949 3963 995 3993 die
1008 3962 1087 3993 Maii.

705 4003 758 4032 Per
770 4003 862 4031 Breve
876 4001 908 4032 de
923 4003 1040 4032 Privato
1051 4000 1153 4041 Sigillo,

238 4041 312 4070 Tam.
327 4043 364 4070 ΙΙ.
383 4043 416 4071 Ρ.
433 4044 483 4073 IV.
1032 4046 1043 4054 ⁹

2223 165 2273 208 17

1248 139 1280 180 P
1316 141 1360 182 U
1398 142 1430 182 B
1467 143 1500 184 L
1537 145 1557 186 1
1580 147 1632 189 >C
1668 150 1716 191 A.

1231 223 1286 283 E
1309 264 1385 308 {effis
1398 267 1431 297 ἃ
1444 265 1568 299 fidelibus
1585 270 1673 309 Regis
1680 233 1740 309 est,
1757 243 1807 275 per
1819 234 1923 268 diversa
1936 235 2049 278 Brevia,
2063 238 2220 279 separatim,
2232 240 2275 271 di-
2292 236 2420 314 ΑΙῐέΰΞ-ἑ)

1230 299 1605 375 δγὲέὼέὲῖῃὲυὲεὲἕῖηῑῧ
1626 310 1721 377 Acutlc32
1741 310 1856 356 Comiti'
1863 311 1980 353 Sarum,
1997 313 2177 362 Domino'de
2188 316 2273 366 Dyn3
2291 315 2355 342 Ἐάν·
2375 323 2401 351 3—

1313 361 1322 376 ,
1365 379 1370 384 ι
1394 380 1399 385 ⁴
1416 352 1425 380 J
1515 355 1586 388 ‘elea
1606 355 1625 376 o
1637 355 1683 376 aut
1720 348 1806 392 alliVis
1819 350 1942 389 ibidem,
1962 353 2041 390 quod
2056 354 2118 393 ipsi,
2136 365 2165 384 in
2177 354 2271 388 Terra

1311 387 1421 409 ominio
1434 381 1590 420 praedietis,
1609 384 1800 423 Quadraginta
1812 387 1953 420 Homines
1965 390 2117 422 Wallenses
2124 415 2134 431 ,

1267 412 1305 444 Et
1316 415 1441 452 Johanni
1453 417 1488 448 de
1507 418 1663 452 Cherleton
1682 423 1791 454 Seniori
1812 424 1844 455 D

1229 450 1384 484 Senescaiio
1433 464 1480 486 aut
1501 456 1608 489 Ballivis
1628 460 1733 491 ibidem
1803 428 1945 494 ΠὸΞΥΪ-’ῑιέο
1965 428 2002 473 ‹ie
2017 429 2137 498 Ri’dwys’
2156 431 2271 486 vel-„ejus

1231 488 1374 522 Dominio
1388 478 1424 524 de
1440 493 1560 537 Powys,
1576 496 1703 528 Centum
1722 473 1863 531 H'orciiines
1876 475 2039 535 illil'iilleiii'ei¹
2049 469 2272 539 dgnhgegirabffi

1229 527 1290 557 &c.
1309 529 1398 569 eligi,
1418 533 1507 569 triari,
1525 535 1558 564 δε
1578 538 1683 567 arraiari
1703 537 1783 569 faciat
1796 561 1807 577 ,
1824 540 1853 570 in
1868 540 1962 573 forma
1974 541 2146 584 supradietis,
2164 545 2225 582 &a
2240 554 2272 577 ut

1296 224 1392 257 Odem
1405 227 1494 258 modo
1508 232 1668 263 mandatum

1222 564 1308 604 fhpra
1321 591 1330 605 ,
1348 573 1460 599 mutatis
1473 573 1618 603 mutandis.

1266 640 1356 673 Teste
1367 651 1399 675 ut
1412 645 1497 684 supra.

1398 767 1421 791 *
1442 769 1499 802 Ad
1514 769 1721 816 Gandavenfts
1728 774 1818 818 fitper
1831 785 1939 808 mutua
1956 779 2115 813 Amicitia.
2294 781 2313 802 ἒ
2328 785 2364 811 V.
2378 785 2425 822 38}

1234 848 1291 909 R
1302 848 1366 895 EX
1379 875 1388 890 ,
1414 851 1536 897 discretis
1555 856 1620 885 viris
1634 878 1644 894 ,
1668 854 1841 887 Consulibus
1855 881 1864 894 ,
1882 857 2026 898 Scabinis,
2046 861 2080 892 &
2100 861 2277 901 Burgimagi-
2293 854 2369 886 Ann-
2380 857 2422 891 D.-

1296 888 1371 934 ‘stris
1385 913 1396 935 ,
1418 900 1450 921 :ic
1467 900 1523 935 'toti
1540 892 1754 936 ¹Communitati
1770 894 1853 924 Villae
1870 895 1906 925 de
1924 896 2064 929 Gaiidauo
2084 900 2112 929 iri
2129 898 2253 934 Flandriii
2321 897 2406 934 ¹338·

1234 925 1341 958 Amicis
1353 927 1403 959 suis
1416 929 1574 973 canffimm,
1591 931 1731 970 Salutem,
1747 933 1781 963 δε
1795 933 1908 964 sincerae
1922 935 2076 967 dilet‘tionis
2090 937 2234 970 affectum.
2264 927 2274 942 ²
2290 935 2342 961 An.
2363 944 2406 962 ¹²·

1270 965 1411 1011 Laetaiiter
1432 967 1607 1007 audivimus,
1632 970 1665 1000 &
1684 971 1783 1000 intime
1803 980 2017 1011 contentamur,
2034 976 2110 1012 quod
2124 978 2271 1009 nobiscum
2291 975 2320 998 E.
2342 981 2368 1008 3·

1231 1004 1403 1048 contraxistis
1415 1004 1556 1036 Amicitiae
1572 1006 1745 1039 Firmitatem
1758 1021 1768 1046 3
1793 1009 1826 1039 δε
1840 1011 1921 1048 quia,
1939 1020 2000 1041 non
2014 1012 2144 1044 cedentes
2158 1014 2272 1047 Pericu-
2291 1009 2406 1038 Alcman.

1230 1043 1279 1087 lis,
1297 1053 1350 1086 vos
1363 1045 1397 1074 &
1410 1043 1500 1087 vestra
1513 1054 1566 1081 pro
1580 1046 1662 1075 nobis
1675 1048 1812 1084 exponitis
1824 1048 1882 1078 tam
1896 1057 2045 1089 gratanter,
2063 1051 2184 1083 vestram
2197 1053 2273 1084 Gra—
2294 1051 2378 1074 ἨΕ-
2396 1057 2424 1084 3·

1229 1079 1378 1112 titudinem
1393 1081 1481 1119 digne
1494 1091 1668 1113 remunerare
1683 1085 1842 1115 curabimus
1860 1086 1929 1117 Deo
1941 1087 2021 1118 duce.
2287 1090 2312 1120 P·
2333 1093 2356 1112 ¹*
2372 1095 2410 1115 ''¹-

1267 1119 1465 1163 Qamobrem
1481 1119 1633 1157 specialiter
1646 1132 1697 1152 vos
1711 1132 1843 1159 rogamus
1858 1126 1984 1161 quatinus
1996 1126 2161 1168 nobiscum,
2175 1137 2274 1161 contra
2295 1131 2337 1158 ¹5·
2350 1122 2376 1151 d·

1229 1158 1311 1187 nobis
1325 1157 1521 1196 Adversanoes,
1540 1167 1569 1188 m
1606 1161 1770 1198 nanimiter,
1784 1162 1860 1198 juxra
1875 1163 1999 1194 nostram
2020 1164 2150 1197 fiduciam
2164 1190 2173 1205 ‚
2193 1169 2278 1205 persi-

1231 1194 1330 1239 spentes
1339 1218 1348 1234 ,
1365 1205 1433 1239 cum
1446 1195 1572 1226 Nunciis
1633 1198 1741 1228 Amicis
1755 1199 1870 1237 nostris,
1889 1201 1919 1230 in
1932 1201 2075 1234 Brabantia
2084 1205 2143 1243 jam
2157 1206 2278 1238 existen-

1231 1234 1303 1277 tibus
1316 1256 1326 1276 ,
1349 1233 1438 1264 velitis
1457 1233 1536 1271 super
1556 1235 1666 1274 agendis
1686 1238 1787 1267 mutuis
1804 1238 1969 1275 pertraCtare
1984 1252 1994 1277 3
2012 1242 2111 1278 quibus
2126 1242 2279 1281 specialiter

1230 1271 1386 1309 scripsimus
1400 1280 1450 1315 ut,
1465 1272 1613 1304 tractantes
1634 1275 1781 1305 vobiscum
1795 1298 1806 1313 ,
1830 1276 1905 1307 votis
1917 1277 2031 1317 vestris,
2049 1288 2184 1317 quantum
2199 1292 2281 1315 com-

1233 1309 1321 1340 mode
1334 1318 1475 1348 poterint,
1491 1310 1723 1343 condescendant.

1270 1383 1337 1417 Dat.
1355 1386 1428 1424 apud
1444 1387 1562 1418 Turrim
1576 1387 1738 1419 Londoniae
1748 1411 1757 1427 ,
1774 1388 1880 1421 octavo
1892 1389 1937 1421 die
1953 1390 2034 1422 Maii.

1421 1509 1480 1543 Ad
1496 1511 1669 1557 Brugensts,
1695 1510 1731 1544 de
1748 1521 1855 1545 mutua
1872 1513 2086 1548 Benivolentia.

1233 1591 1384 1653 REX,
1401 1592 1524 1637 discretis
1537 1595 1620 1638 viris,
1637 1594 1823 1639 Consulibus,
1841 1596 2031 1641 Scabinisx&
2043 1598 2284 1646 Burgitriagistris,
2302 1606 2428 1639 Ann‚D,

1313 1640 1347 1661 ac
1366 1639 1419 1662 toti
1438 1630 1647 1664 Communitati
1662 1656 1673 1671 ,
1689 1633 1771 1665 Villae
1792 1634 1828 1664 de
1849 1634 1970 1673 Bruggoe
1989 1646 2018 1666 in
2038 1637 2166 1668 Flandria
2180 1663 2190 1677 ,
2207 1638 2284 1671 Salu-
2323 1646 2407 1686 1338,

1234 1677 1304 1699 tem.
2301 1691 2353 1715 An.
2372 1694 2415 1713 12.

1273 1706 1419 1737 Pensantes
1432 1707 1615 1739 affectionem
1630 1709 1663 1740 &
1678 1708 1918 1748 Benivolentiam,
1937 1720 2002 1748 quas
2016 1711 2125 1743 dudum
2140 1714 2209 1745 inter
2218 1715 2285 1746 Do-
2301 1729 2321 1751 E
2351 1733 2376 1759 3,

1238 1755 1320 1776 mum
1334 1745 1457 1776 nostram
1474 1746 1613 1786 Regiam,
1631 1748 1664 1778 ὅς
1678 1746 1901 1778 Universitatem
1915 1748 2036 1779 vestram
2047 1752 2164 1789 viguiffe
2185 1753 2285 1785 didici-
2303 1746 2407 1791 [bidem.

1238 1794 1301 1814 mus
1335 1792 1444 1823 gratum
1461 1784 1625 1815 haberemus
1640 1786 1793 1823 plurimum
1808 1786 1841 1816 &
1859 1795 2008 1824 acceptum
2031 1788 2110 1826 quod
2132 1790 2202 1821 inter
2217 1792 2286 1823 Nos

1239 1823 1273 1854 &
1286 1808 1347 1852 V’os
1360 1822 1492 1853 Amicitia
1506 1822 1588 1853 solida
1604 1823 1846 1862 firmaretur,quae
1858 1824 1928 1855 foret
1942 1835 2004 1855 non
2017 1827 2196 1859 mediocriter
2204 1838 2288 1861 com-

1239 1859 1361 1892 modum
1375 1870 1506 1892 mutuum
1520 1861 1638 1892 allatura.

1279 1898 1387 1936 Unde,
1405 1909 1473 1929 curn
1487 1899 1520 1929 ad
1531 1900 1604 1938 hoc,
1621 1900 1688 1931 vice
1698 1899 1794 1937 versa,
1808 1899 1985 1932 voluntatem
1998 1901 2119 1934 vestram
2132 1903 2289 1937 audivimus

1240 1937 1392 1975 aliqualiter
1412 1937 1571 1968 inclinatam
1587 1961 1596 1976 ,
1622 1938 1703 1968 nobis
1708 1938 1875 2007 Iplurimum
1889 1940 2077 1978 complaceret
2090 1949 2120 1972 ut
2134 1942 2239 1981 aliquos
2254 1944 2291 1975 de

1239 1976 1353 2012 vestris,
1371 1976 1452 2006 nobis
1466 1976 1612 2007 benivolos
1627 1999 1636 2015 ,
1660 1978 1692 2007 δε
1741 1976 1875 2007 flectionis
1896 1978 2053 2015 hujusmodi
2067 1988 2174 2011 mutuae
2185 1982 2290 2012 zelato-

1242 2024 1300 2053 res,
1318 2014 1352 2043 ad
1367 2022 1456 2051 partes
1471 2013 1626 2045 Brabantiae
1642 2015 1800 2053 mitteretis,
1817 2014 1851 2045 ad
1864 2016 2039 2047 tractandum
2055 2017 2134 2056 super
2147 2018 2205 2050 hoc
2219 2030 2290 2050 cum

1241 2052 1366 2083 Nunciis
1379 2052 1413 2083 δε
1428 2052 1537 2083 Amicis
1551 2052 1651 2083 nostris
1665 2077 1675 2091 ,
1696 2054 1803 2084 ibidem
1816 2053 2009 2093 existentibus;
2028 2057 2127 2094 quibus
2138 2056 2289 2094 specialiter

1241 2091 1397 2129 scripsimus
1409 2114 1419 2128 ,
1436 2098 1485 2128 ut,
1504 2091 1523 2121 fi
1544 2101 1616 2129 quos
1636 2091 1702 2122 illuc
1723 2101 1757 2122 ex
1774 2091 1827 2123 hac
1842 2092 1924 2123 causa
1939 2093 2050 2124 mittere
2061 2093 2219 2134 volueritis,
2235 2104 2290 2127 tsa-

1242 2130 1322 2160 Ctent
1340 2129 1522 2173 amicabiliter
1539 2139 1606 2160 cum
1624 2129 1728 2160 eisdem
1743 2154 1753 2168 ,
1776 2131 1810 2161 ὃς
1830 2131 1904 2162 votis
1925 2140 2026 2162 eorum
2048 2132 2290 2174 condescendant,

1243 2176 1379 2206 quantum
1393 2175 1532 2206 poterint,
1551 2168 1632 2198 bono
1647 2166 1747 2199 modo.

2427 1760 2435 1796 ...-

1283 2244 1352 2276 Dat.
1370 2243 1444 2283 apud
1456 2244 1575 2275 Turrim
1590 2244 1769 2284 Londoniae,
1785 2245 1888 2278 octavo
1903 2245 1949 2278 die
1962 2245 2044 2278 Maii.
2060 2266 2062 2268 ν

1284 2322 1385 2351 Eodem
1402 2322 1474 2351 modo
1488 2321 1617 2361 firihitur
1639 2321 1791 2361 Conficlibus
1803 2347 1813 2361 ‚
1841 2321 1983 2362 scabinis,
2005 2320 2044 2357 ῤ’
2058 2322 2293 2364 Burgimagistrit,

1246 2371 1278 2390 ac
1292 2364 1344 2390 toti
1358 2364 1566 2399 communitati,
1583 2358 1662 2390 Villae
1676 2362 1708 2391 de
1721 2364 1783 2399 Ipre
1796 2364 1824 2391 in
1838 2359 1988 2400 Flandrid,
1998 2360 2051 2400 fieb
2064 2360 2155 2391 eadem
2168 2361 2248 2392 datii.
2317 2363 2327 2374 ’“

1376 2487 1480 2519 Literae
1499 2487 1586 2531 Regis
1604 2483 1687 2531 miffe
1701 2486 1834 2529 Diversis
1853 2489 1884 2517 in
1892 2483 2031 2531 partibus
2044 2489 2177 2521 Extert‘s.

1251 2573 1308 2633 R
1319 2571 1344 2601 E
1353 2570 1402 2609 X,
1419 2569 1527 2600 Nobili
1540 2569 1574 2599 &
1587 2568 1701 2601 Potenti
1714 2569 1801 2608 Vim,
1821 2567 1955 2601 Domino
1968 2569 1995 2609 J.
2010 2569 2089 2602 Duci
2103 2570 2298 2604 Brabantiae&
2317 2571 2392 2604 Ann.
2402 2571 2434 2603 D

1330 2610 1503 2646 Lotringiae,
1522 2606 1741 2648 consanguineo
1754 2609 1802 2640 suo
1817 2608 1974 2648 carissimo,
1992 2608 2116 2640 Salutem
2130 2614 2145 2648 ‚¹
2163 2611 2197 2642 &
2212 2610 2300 2642 since-
2337 2611 2421 2650 1338.

1250 2658 1289 2680 rae
1303 2648 1459 2679 dilefflonis
1472 2645 1618 2677 affectum.
2316 2654 2368 2678 An.
2386 2658 2432 2678 12,

1286 2687 1392 2718 Zelum
1415 2684 1552 2716 intensum
1577 2686 1610 2716 &
1630 2686 1759 2716 votivum
1779 2684 1945 2715 desiderium
1960 2707 1971 2723 ,
1995 2695 2058 2724 quoe
2076 2686 2110 2716 ad
2126 2686 2297 2717 Succurren-
2316 2693 2345 2716 Ε.
2369 2697 2396 2724 3.

1250 2726 1320 2757 dum
1334 2725 1433 2762 nobis,
1451 2725 1481 2753 in
1493 2722 1656 2754 nostrorum
1676 2724 1887 2760 recuperatione
1901 2723 2032 2762 Jurium,
2050 2723 2230 2755 effectualiter
2245 2734 2299 2763 op·
2317 2726 2419 2755 ibidem,

1250 2766 1343 2796 tinctis
1356 2788 1366 2802 ,
1391 2763 1497 2802 quantis
1516 2761 1663 2799 possumus
1678 2784 1688 2800 ,
1712 2761 1906 2799 prosequimur
1925 2761 2092 2792 Adtionibus
2113 2761 2301 2801 Gratiarum,

1252 2803 1434 2834 desiderantes
1457 2801 1556 2831 intime
1579 2801 1672 2836 (novit
1695 2799 1785 2836 Deus)
1807 2798 1927 2829 vestram
1948 2800 2147 2837 gratitudinem
2166 2810 2234 2832 cum
2250 2800 2301 2840 ea,-

1255 2852 1317 2881 quae
1331 2842 1412 2872 decet
1426 2839 1536 2878 Reges,
1553 2838 1714 2869 liberalitatis
1729 2837 1903 2868 exuberantia
1915 2839 2066 2875 praemiare.

1292 2880 1389 2911 Velitis
1403 2879 1484 2918 igitur
1502 2876 1645 2920 (petimus)
1663 2886 1716 2914 pro
1727 2876 1810 2907 nobis
1823 2876 1988 2907 continuare
2001 2876 2160 2909 constanter
2174 2877 2207 2909 ὅτ.
2223 2886 2304 2917 mag-

1254 2919 1402 2949 nanimiter
1416 2915 1494 2955 quod
1510 2914 1642 2952 coepistis.

1292 2957 1381 2995 Super
1403 2955 1454 2985 hiis
1474 2955 1545 2985 vero
1559 2975 1569 2991 ,
1592 2963 1656 2990 quae
1670 2952 1762 2982 facere
1773 2950 1955 2988 disposuimus
1967 2954 1995 2983 in
2005 2952 2058 2983 hac
2071 2962 2165 2992 parte,
2183 2953 2303 2984 Dilectis

1255 2996 1351 3031 nobis,
1371 2993 1505 3024 Domino
1519 2990 1555 3021 de
1566 2990 1740 3031 Craydonk,
1757 2991 1790 3022 &
1804 2989 1963 3030 Reginaldo
1983 2991 2019 3022 de
2038 2991 2178 3030 Shanow,
2194 2993 2304 3030 aperui-

1256 3044 1318 3065 mus
1337 3032 1442 3071 plenius
1465 3038 1593 3061 mentem
1617 3028 1741 3059 nostram
1756 3053 1766 3066 ‚
1792 3037 1823 3060 ut
1841 3039 1872 3059 ea
1891 3030 1974 3060 vobis
1994 3029 2110 3060 referant
2129 3030 2196 3060 viva
2210 3039 2301 3067 voce;-

1255 3082 1379 3110 quorum
1396 3069 1541 3100 Relationi
1553 3076 1620 3098 nota
1632 3067 1713 3099 vobis
1727 3067 1851 3105 ipsorum
1865 3067 1978 3099 fidelitas
1997 3067 2084 3099 fidem
2102 3068 2226 3099 adhiberi
2240 3076 2303 3100 cre-

1255 3111 1349 3141 dulam
1362 3108 1528 3146 impetravit.

1293 3147 1361 3179 Dat.
1381 3146 1454 3185 apud
1467 3145 1586 3176 Turrim
1599 3142 1778 3182 Londoniae‚
1796 3143 1901 3175 octavo
1916 3143 1961 3174 die
1976 3142 2055 3174 Maii.

1256 3223 1371 3255 Eodem
1390 3222 1480 3254 modo
1500 3221 1626 3253 scribitur
1648 3219 1827 3260 Magnatibus
1849 3220 1882 3251 &
1898 3219 2052 3250 Nobilibus
2065 3217 2237 3259 subscriptis,
2253 3219 2304 3251 sub

1600 3258 1701 3290 eadem
1715 3259 1792 3297 data,
1812 3258 1959 3295 videlicet,

1293 3377 1331 3414 ὠ
1345 3376 1476 3408 Selandiae
1484 3401 1494 3414 ,
1512 3386 1542 3404 ac
1549 3378 1663 3404 Domino
1675 3376 1722 3402 Fri
1733 3384 1774 3402 iae.
2152 3350 2292 3382 Fmtr¹bu⁵

1257 3418 1371 3447 Domino
1386 3414 1546 3452 Reginaldo,
1565 3415 1660 3442 Comiti
1675 3415 1714 3441 Ge
1726 3414 1773 3441 riae
1789 3409 1826 3445 ὠ
1844 3409 1945 3448 Zutph.
2152 3389 2302 3456 &glise-ans*

1258 3458 1368 3485 Domino
1382 3452 1522 3483 Gullielmo
1537 3451 1690 3481 Marchioni
1704 3449 1844 3488 Julracen.
2258 3485 2262 3489 .

1258 3496 1372 3524 Domino
1391 3493 1422 3521 de
1442 3490 1597 3520 Fulkemont
1612 3511 1622 3527 ,
1647 3489 1679 3518 de
1700 3488 1819 3526 Monjoie
1832 3510 1842 3525 ,
1859 3485 1896 3521 ὁ·
1910 3486 1942 3516 de
1955 3488 2055 3524 Vorne,
2072 3487 2126 3516 Vic.
2145 3480 2304 3520 zelandaae,

1297 3531 1489 3570 Consanguineo
1505 3553 1515 3566 ,
1534 3530 1602 3566 &c‚

1260 3572 1374 3600 Domino
1391 3569 1434 3597 W
1431 3566 1535 3597 illielmo
1549 3568 1677 3603 Dunort,
1694 3566 1808 3593 Domino
1822 3563 1853 3592 de
1865 3560 2054 3601 Honstrehout.
2095 3573 2119 3623 ⁴}

1259 3611 1372 3638 Domino
1384 3605 1511 3645 Johanm·
1529 3605 1561 3634 de
1582 3602 1730 3640 Hanonid,
1747 3604 1843 3631 Comiti
1854 3601 1886 3630 de
1899 3598 1974 3629 Bello
1987 3602 2092 3630 Monte.

1256 3336 1352 3369 Nobili
1368 3336 1406 3373 ῤ’
1415 3339 1524 3368 Potenti
1536 3339 1603 3367 Viro
1617 3339 1651 3366 G.
1668 3338 1763 3365 Comiti
1778 3336 1911 3364 Hanoniae
1919 3356 1930 3372 ,
1947 3332 2092 3363 Halandiae
2100 3337 2143 3477 ,ξ

2130 3558 2239 3589 Amicis
2253 3557 2304 3588 suis

2132 3595 2284 3628 cariffimis.

2326 3687 2343 3704 ¹⁸
2359 3688 2394 3715 V.
2411 3689 2457 3724 39?

2330 3760 2458 3792 Ann.D.

1262 3811 1416 3873 REX,
1434 3809 1566 3840 Discreto
1588 3809 1621 3839 &
1635 3808 1748 3839 Potenti
1766 3806 1856 3844 Viro,
1874 3805 2014 3848 Domino¹
2027 3803 2063 3834 de
2076 3801 2249 3872 βορῑτξᾶγῃ,
2267 3799 2309 3831 Α·
2351 3799 2432 3840 1338.
2460 3801 2462 3805 ’

1343 3850 1420 3880 mico
1433 3848 1482 3878 suo
1498 3846 1635 3877 carissimo
1650 3870 1659 3884 ‚
1678 3846 1800 3877 Salutem
1815 3846 1848 3876 &
1862 3844 1976 3874 sincerae
1989 3842 2147 3873 dilectionis
2202 3839 2307 3883 eitum.
2328 3843 2379 3866 Aa.
2399 3847 2441 3864 12.

1300 3888 1446 3917 Pensantes
1462 3884 1682 3916 benivolentiam
1692 3907 1702 3922 ,
1728 3893 1814 3922 quam
1828 3882 1861 3912 ad
1876 3881 1943 3913 Nos
1957 3883 1991 3913 &
2005 3880 2093 3911 nostri
2108 3879 2309 3922 Conservatio-
2328 3882 2358 3904 Ξ.
2381 3886 2405 3911 3-

1265 3935 1334 3956 nem
1352 3925 1479 3955 Honoris
1497 3923 1666 3961 percipimus
1687 3932 1738 3954 vos
1760 3921 1861 3951 habere
1874 3943 1884 3959 ,
1908 3929 2021 3950 necnon
2035 3917 2170 3955 Dampna
2189 3925 2310 3959 variaac
2330 3915 2448 3942 Alcman.

1266 3963 1378 3994 Rerum
1392 3962 1560 3999 Dispendia,
1578 3970 1642 3998 quae
1654 3971 1706 3998 pro
1721 3961 1802 3989 nobis
1818 3958 2003 3996 multipliciter
2015 3957 2182 3995 incurristis,
2199 3955 2312 3999 qualiter
2335 3955 2402 3979 12.E
2424 3959 2448 3984 3,

1267 4003 1349 4033 etiarn
1362 4024 1372 4039 ,
1397 4001 1482 4030 bonae.
1503 4000 1667 4036 memoriae,
1683 3998 1763 4029 Pater
1784 3996 1874 4028 vester
1897 3995 1987 4035 (quod
2007 3995 2133 4027 dolenter
2157 3990 2315 4059 ‘efenmuii
2332 3997 2365 4063 ξς
2378 3996 2455 4051 iam,

2251 4040 2288 4068 GU
2372 4048 2377 4053 ·

1526 3725 1546 3747 *
1572 3723 1629 3757 Ad
1648 3725 1813 3758 Dominum
1830 3721 1866 3755 de
1883 3720 2046 3769 Contresy’n.
