2562 4279
770 130 879 170 ET
962 130 1227 170 ACTA
1310 126 1774 177 PUBLICA.
2330 153 2351 197 3

1294 213 1416 251 ejusdem
1436 215 1565 261 Ducatus
1585 219 1686 250 statum
1701 246 1710 259 ,
1735 231 1768 251 ac
1779 221 1840 260 jura
1854 221 1949 252 nostra
1964 222 2071 253 ibidem
2085 219 2164 254 illaesa
2178 233 2243 262 erga
2259 232 2344 264 q‘uos-v
2368 223 2443 254 Anii.
2454 222 2496 255 Di

1295 261 1442 296 cumque,
1453 255 1545 298 modis
1560 258 1594 298 §c
1606 260 1658 300 viis
1671 261 1821 298 omnibus,
1838 261 1955 298 quibus,
1973 261 2075 299 absque
2084 263 2151 299 juris
2167 261 2294 301 offensi,
2312 265 2345 295 &
2392 267 2477 302 1312⁵

1294 289 1414 333 aliorum
1435 301 1539 336 injuria
1554 297 1612 324 11611
1627 300 1733 339 'poterit
1746 322 1755 335 ,
1782 308 1959 329 manuteneat
1979 300 2013 329 &
2028 300 2190 338 conservet;
2210 311 2269 331 non
2282 313 2346 340 per·
2364 303 2431 329 Edv·
2452 312 2476 328 2v

1294 337 1408 397 rvnptenjs
1424 329 1610 367 usurpationes
1625 334 1758 366 indebitas
1771 336 1850 374 super
1865 347 1918 367 nos
1930 340 1959 367 in
1975 337 2056 368 dieto
2070 337 2186 369 Ducatu
2200 338 2257 369 fieri
2273 350 2346 377 quoa

1315 376 1384 395 imo
1405 376 1440 396 ος

1333 404 1421 448 Vobis
1433 405 1613 450 mandamus,
1631 408 1747 453 firmiter
1762 413 1949 452 injungentes,
1968 413 2046 452 quod
2059 413 2177 451 przefato
2189 415 2347 446 Senescallo

1293 441 1394 497 nostro
1413 452 1441 472 in
1461 446 1607 488 praemissis
1628 447 1749 477 assistatis
1764 473 1773 485 ,
1798 452 1878 487 eique
1894 452 1972 489 super
1992 453 2042 482 hiis
2058 453 2111 482 litis
2125 453 2299 483 consulentes
2313 456 2347 485 &-

1293 489 1453 525 auxiliantes
1466 503 1476 518 ‚
1492 492 1628 527 'quotiens
1649 487 1681 515 Sc
1702 487 1815 523 quando
1830 491 1939 520 neceile
1952 491 2048 528 fuerit,
2067 492 2100 521 &
2114 492 2150 520 ab
2165 491 2226 530 ipso
2243 492 2350 523 fueritis

1293 527 1469 563 praemuniti,
1489 529 1524 549 ita
1538 522 1633 560 quod,
1653 532 1686 552 ex
1702 524 1791 554 vestra
1804 526 1952 565 diligentfi,
1970 530 2002 559 ὃς
2017 529 2270 566 circumspectione
2279 541 2347 567 pto-

1292 555 1373 598 vida,
1392 567 1423 586 in
1444 558 1496 586 hac
1518 568 1594 595 parte
1608 582 1617 597 ,
1638 571 1689 597 pro
1701 563 1783 591 nobis
1799 565 1830 592 &c
1844 565 1941 595 nostro
1957 566 2068 597 honore
2080 568 2193 598 viriliter
2209 569 2344 599 exhiben—

1292 592 1349 632 dis,
1369 604 1420 624 vos
1434 595 1601 635 debeamus,
1620 609 1679 628 non
1694 600 1845 639 inmerito,
1862 604 2040 636 comendare.

60 213 135 243 Arm·
150 212 190 244 D.
206 215 272 246 dam
294 217 424 248 Articulis
437 240 447 256 ,
464 217 500 248 de
513 217 612 254 quibus
626 215 656 245 fit
671 216 796 253 mentio,
816 221 846 244 ut
860 213 1004 253 asseritur,
1021 215 1051 245 in
1063 215 1146 245 dietis
1157 213 1256 245 vestris

88 254 173 289 ‘1312-
207 255 313 293 litteris)
330 257 437 286 ibidem
451 254 627 294 personaliter
640 253 811 282 intersimus:

60 291 126 318 Ην·
144 299 169 318 2-
243 294 290 324 Ac
305 305 372 332 nos,
391 294 514 332 pluribus
527 292 617 322 arduis
631 292 663 321 &
675 290 881 321 inevitabilibus
895 291 1092 327 negotiis‚nos
1106 291 1139 321 ὃς
1155 289 1257 319 statum

207 330 303 371 Regni
324 332 412 363 nostri
432 330 607 370 tangentibus
620 352 630 365 ‚
649 330 796 366 occupati,
817 328 851 358 ad
866 329 942 358 diem
956 330 1126 366 praedietum
1140 327 1258 357 Parifius

207 380 377 408 nequeamus
390 368 564 408 personaliter
576 367 717 404 intercfle,

244 409 291 439 Ad
301 408 475 448 allegandum
489 405 578 435 causas
592 405 721 435 absentiae
735 403 837 434 nostrae
846 428 855 442 ‚
873 404 907 434 &
920 404 955 433 ad
969 403 1188 442 proponendum
1203 413 1256 433 co-

205 456 265 477 ram
281 447 362 477 vobis
374 447 407 477 &
420 443 508 474 Curia
523 442 615 473 vestra
636 452 666 472 ea
680 467 688 480 ,
713 453 778 480 quse
793 452 845 479 pro
858 443 939 471 nobis
953 442 1140 481 proponenda
1154 443 1256 472 suerint

206 486 235 514 in
256 484 399 522 praemiffis
413 505 423 521 ,
445 481 563 511 dileetos
582 480 711 511 Clericos
724 480 852 517 nostros⁷
870 479 1039 519 Magistros,
1058 481 1207 511 Thomam
1221 480 1256 510 de

207 523 357 558 Cobham,
375 519 650 557 SacraeTheologiaz
666 519 831 549 Doetoiem
855 518 889 548 &
900 517 973 555 juris
988 517 1130 549 Canonici
1141 518 1256 548 Profes-

203 562 311 599 sorem,
328 559 489 590 Walterum
509 557 544 587 de
565 558 670 594 Thorp
692 556 831 593 utriusque
842 555 917 593 juris
933 555 1138 594 professorem,
1157 556 1256 586 Cano-

206 601 285 630 nicos
305 599 334 627 in
352 596 479 626 Ecclesia
500 596 596 626 Sanffl
610 595 688 625 Pauli
704 594 837 624 London.
856 595 890 632 ,ὃς
903 593 1066 625 Henricum
1080 595 1115 624 de
1129 595 1255 625 Cantua-

203 637 259 675 rifi,
277 646 309 666 ac
331 635 487 672 quemlibet
503 643 603 664 eorum
624 634 652 663 in
674 633 794 663 solidum
808 655 818 670 ,
836 631 947 662 nostros
962 632 1165 664 Procuratores
1181 643 1255 663 con-

204 675 338 705 stituimus
352 683 403 711 pei·
417 673 576 711 praesentes,

237 711 347 741 Rarum
362 713 395 742 &
429 720 519 741 ratum
532 710 653 740 habituri
673 708 806 747 quicquid
823 718 874 746 per
888 708 1039 746 praedicstos
1054 709 1255 740 Procuratores

201 749 328 787 nostros,
346 759 391 780 aut
424 758 473 780 uos
488 748 532 779 vel
546 757 635 778 unum
649 757 767 784 eorum,
786 748 904 777 nomine
920 747 1036 786 nostro,
1052 748 1159 778 saetam
1172 749 1255 778 fuerit

199 789 229 817 in
267 787 400 817 raemiffis.

265 835 274 856 t
297 826 358 855 haec
379 825 481 863 vobis,
499 835 532 855 ac
548 824 623 863 aliis,
640 833 764 863 quorum
780 823 910 860 interest,
929 823 974 854 vel
988 823 1118 855 interesse
1134 825 1254 862 poterit,

198 864 382 903 significamus
397 873 446 901 per
461 863 606 901 praesentes
620 863 737 901 litteras,
756 862 843 901 Sigilli
855 862 943 893 nostri
965 864 1124 893 munimine
1138 864 1256 893 robora—

197 909 243 932 tas.

1292 715 1322 737 to
1328 669 1515 748 {ieestssgffie
1526 672 1599 710 apud
1615 673 1741 705 Novum
1750 674 1883 706 Castrum
1897 677 1976 715 super
1982 680 2097 720 Tynam
2104 706 2114 719 ,
2134 681 2249 713 decimo
2264 692 2346 722 quara

1456 837 1506 867 De
1521 834 1607 881 Jure
1622 838 1709 883 Regis
1728 841 1758 868 in
1776 839 1949 883 Aquitania
1966 844 2189 878 manutenendo.

1290 917 1376 972 RE
1386 916 1416 948 X
1522 919 1694 951 Consiliariis
1707 921 1760 951 suis
1773 922 1800 950 in
1815 922 1917 952 eodem
1935 923 2049 955 Ducatu
2059 949 2067 962 ,
2085 927 2207 958 salutem.
2365 919 2442 952 Anss-
2453 919 2496 953 13³

1311 991 1315 994 Δ
1383 956 1518 1002 Receptis
1538 969 1554 988 a
1577 960 1683 989 dilecfto
1707 960 1842 998 (3101160,
1861 963 1895 991 te
1909 963 1990 991 nobis
2003 962 2109 993 dilecto
2123 967 2156 995 ὃς
2171 967 2258 1005 fideti,
2277 968 2345 999 Ma-
2381 971 2470 1000 131&
2492 986 2497 988 -

1289 990 1375 1037 glstro
1389 995 1551 1027 Willielmo
1565 998 1601 1027 de
1616 997 1709 1036 Cufis,
1724 998 1799 1036 juris
1814 999 1992 1038 Proseffore,
2011 1002 2176 1038 quibusdam
2200 1007 2330 1042 requestis
2340 1032 2348 1045 ,
2360 1004 2412 1027 Aa.
2428 1010 2446 1035 5
2450 1020 2456 1028 ⁴

1289 1032 1372 1061 nobis
1393 1043 1427 1062 ex
1448 1044 1524 1072 parte
1544 1036 1634 1067 vestra
1687 1038 1822 1076 porrecstis
1839 1047 1844 1066 :
1872 1038 2026 1076 habitisque
2045 1041 2124 1078 super
2149 1040 2248 1071 endem
2262 1066 2271 1080 ‚
2290 1046 2343 1074 unii
2366 1043 2396 1065 E.
2414 1049 2440 1064 2·

1288 1077 1356 1099 cum
1378 1072 1494 1108 praefato
1516 1073 1677 1104 Willielmo
1693 1098 1702 1113 ,
1726 1076 1759 1105 ὃς
1782 1077 1887 1105 caetens
1907 1076 1943 1107 de
1963 1078 2093 1107 Consilio
2116 1079 2234 1117 nostro,
2261 1084 2343 1112 nobis
2369 1078 2432 1113 Vsssc-
2448 1086 2465 1112 5
2469 1096 2477 1104 ·

1289 1114 1357 1150 tunc
1372 1110 1571 1149 assistentibus,
1590 1112 1790 1143 deliberatione
1803 1114 1927 1151 diligenti
1943 1137 1952 1152 ,
1968 1116 2036 1145 inde
2055 1117 2160 1147 Litei'as
2181 1118 2287 1148 nostras
2301 1120 2349 1150 fies
2361 1120 2389 1143 Ε·
2414 1125 2439 1141 2·
2456 1124 2495 1143 ⁷⁷¹⁶

1289 1155 1328 1184 n,
1347 1149 1380 1178 &
1397 1150 1489 1179 eidem
1508 1150 1670 1181 willielmo
1691 1152 1807 1181 fecimus
1830 1152 1940 1182 liberari
1953 1176 1962 1191 ,
1985 1164 2069 1192 prout
2085 1155 2163 1186 idem
2176 1156 2349 1188 Willielmus
2368 1164 2391 1188 3-

1288 1185 1371 1215 vobis
1386 1188 1489 1218 referre
1503 1191 1606 1226 poterit
1622 1189 1688 1220 vivii
1700 1200 1791 1220 voce:
2363 1194 2377 1206 ⁸
2398 1191 2452 1218 111,

1325 1223 1413 1254 Vobis
1429 1227 1511 1265 igitur
1527 1227 1706 1272 mandamus,
1723 1228 1839 1258 firmiter
1856 1229 2048 1268 injungentes,
2068 1231 2147 1269 quod
2160 1233 2190 1262 in
2207 1233 2346 1272 hiis,quae
2363 1238 2426 1267 319-

232 978 299 1009 Dat.
322 978 395 1016 apud
417 978 547 1010 Allerton
568 978 673 1009 offitavo
694 977 741 1008 die
762 978 865 1015 Aprilis
878 1001 887 1017 ‚
913 987 988 1008 anno
1011 978 1046 1008 ab
1060 978 1255 1009 Incarnatione

194 1016 318 1047 Domini
330 1017 501 1055 millesimo,
521 1017 741 1056 trecentesimo,
759 1016 950 1054 duodecimo,
970 1016 1066 1057 Regni
1081 1020 1172 1055 vero,
1189 1017 1251 1048 &c.

191 1140 248 1175 Ad
265 1145 374 1188 Regem
397 1144 585 1175 francorum
605 1169 614 1184 ,
641 1140 677 1174 de
693 1137 828 1187 Jurilms
854 1144 952 1187 Regiis
968 1145 999 1173 in
1018 1143 1191 1186 Aquitania
1212 1144 1251 1175 il-

567 1190 631 1233 laefis
648 1189 864 1235 conftrvandis.

40 1258 117 1291 Ann.
131 1259 171 1291 D.
190 1272 484 1336 ,Excellentiffimo
506 1275 630 1313 principi
645 1297 654 1313 ²
677 1275 740 1305 ἃς,
758 1273 916 1304 Edwardus
930 1297 940 1312 ²
965 1275 1025 1306 &a
1046 1275 1160 1307 salutem
1199 1277 1233 1308 &
1286 1261 1434 1302 nostrum,
1455 1266 1488 1295 &
1511 1265 1579 1296 dieti
1594 1265 1724 1297 Ducatus
1746 1267 1867 1304 statum,
1882 1269 1919 1311 &D
1925 1269 1985 1305 jura
2000 1268 2094 1310 nostra
2110 1270 2216 1301 ibidem
2233 1282 2348 1303 contin-

59 1307 145 1338 1312·
267 1314 300 1344 ad
315 1325 382 1345 veta
396 1314 534 1345 successus
548 1314 692 1352 prosperos
706 1322 738 1342 ac
754 1313 857 1342 felices,
1167 1300 1177 1315 ²
1241 1301 1250 1317 ³
1285 1308 1371 1343 gum,
1390 1313 1444 1345 pro
1462 1303 1559 1334 nostro
1572 1305 1700 1349 honore,
1720 1306 1933 1349 manutenendis
1947 1310 1980 1336 ὅε
1995 1308 2203 1347 conservandis,
2221 1320 2341 1342 omnem

39 1341 92 1365 An·
109 1347 137 1373 5·
227 1352 276 1382 De
290 1353 546 1391 circumspedtione
559 1351 677 1390 provida
690 1350 860 1381 dilectorum
875 1351 908 1382 ὃς
924 1350 1049 1382 fidelium
1065 1352 1246 1392 nostrorum,
1285 1338 1472 1382 dll¹geffl¹²²m>
1489 1353 1574 1386 ‘Nam
1590 1353 1729 1387 ΡΟῘΕΠΨ)
1748 1353 1906 1388 ³PPQ¹³³U⁸³
1926 1343 1963 1387 Et
1974 1345 2050 1389 hoc,
2064 1346 2133 1376 (ΜΠ
2146 1347 2181 1377 de
2193 1349 2274 1391 ‘105⁵
2286 1350 2346 1392 spe*

38 1380 69 1403 E.
91 1385 116 1402 ²·
190 1390 396 1428 Magistrorum
412 1414 421 1428 ,
444 1390 573 1421 Bernardi
595 1390 684 1420 Peleti
704 1389 807 1420 Prioris
830 1389 865 1418 de
886 1389 990 1420 Mauso
1014 1392 1153 1430 utriusque
1174 1393 1248 1429 Juris
1285 1378 1389 1408 emmer
1410 1380 1605 1426 CPDfidmmSy
1630 1382 1875 1426 m0d¹3,0m¹¹¹bus
1890 1383 2008 1421 defflUSS
2024 1393 2059 1414 ¹1³
2076 1384 2156 1423 qUOd
2171 1386 2343 1425 dlllgesstlam

38 1417 109 1441 Rom.
121 1413 155 1448 ά
188 1429 373 1467 Profefforis,
393 1430 426 1461 &
438 1429 589 1459 Willielmi
603 1429 639 1459 de
653 1427 730 1458 Casis
742 1427 815 1466 Juris
829 1427 928 1457 Civilis
942 1428 1126 1468 professoris,
1144 1431 1248 1468 specia-
1284 1415 1407 1447 vestram
1421 1420 1572 1450 debeamus
1587 1420 1652 1450 mde
1667 1423 1771 1451 memb
1785 1421 1998 1451 commendare·

41 1456 82 1479 Fr.
98 1461 128 1487 5·
189 1467 251 1498 liter
270 1468 443 1499 confidentes
458 1490 467 1505 ,
495 1467 626 1506 qucedam
639 1490 649 1506 ,
666 1467 809 1503 tangentia
821 1467 967 1503 specialem
986 1466 1248 1508 Commiisionem,
2109 1501 2114 1506 .
2211 1502 2216 1506 ,
2231 1499 2236 1506 ,

37 1493 67 1516 Ε.
91 1500 118 1519 2.
133 1500 169 1519 m.
1322 1492 1388 1524 Dat.
1406 1496 1478 1535 apud
1495 1496 1622 1528 Novum
1635 1496 1768 1529 Castrum
1783 1497 1863 1535 super
1877 1498 2011 1537 Tyriam,
2035 1508 2071 1538 14
2087 1498 2133 1530 die
2148 1498 2257 1538 Aprilis.

188 1516 238 1544 per
251 1517 302 1537 vos
311 1531 320 1545 .‚
340 1507 422 1537 certis
434 1505 642 1536 Commissariis
655 1504 770 1543 vestris,
788 1506 817 1534 in
831 1504 946 1535 Ducatu
958 1505 1058 1535 nostro
1075 1507 1245 1547 Aquitaniae,

187 1545 291 1575 saetam
307 1546 366 1583 jam
385 1544 422 1575 de
435 1554 532 1583 novo,
550 1554 615 1582 quae
629 1543 744 1582 quidem
757 1544 840 1573 nobis
856 1543 1099 1586 quamplurimum
1116 1546 1245 1584 praejudi-

186 1583 261 1619 cialis
282 1583 344 1614 fore
363 1583 516 1614 dinoscitur
528 1606 538 1622 ,
563 1591 595 1613 ut
618 1582 801 1612 intelleximus
817 1605 827 1619 ,
851 1582 931 1611 dietis
946 1581 1072 1614 fidelibus
1086 1583 1187 1614 nostris
1201 1586 1246 1615 iri-

182 1622 325 1660 junximus
339 1622 424 1653 vobis
438 1621 560 1652 seriosius
575 1620 747 1660 exponenda.

224 1659 356 1691 Vestram
371 1661 453 1699 igitur
466 1659 664 1690 paternitatem
683 1657 853 1688 karissimam
875 1657 1035 1689 affetstuosis
1053 1661 1182 1697 precibus
1195 1661 1245 1692 de-

185 1708 333 1736 precamur
345 1721 356 1736 ,
382 1699 508 1736 quatinus
527 1697 646 1735 praefatis
664 1696 805 1735 Magistris
820 1720 829 1734 ‚
849 1696 992 1727 Bernardo
1008 1699 1041 1728 ὃς
1057 1698 1242 1740 Guillielmo,

182 1747 218 1767 ac
231 1747 332 1768 eorum
347 1736 445 1775 alteri,
462 1737 491 1765 in
504 1735 573 1774 hiis,
592 1741 656 1773 quae
672 1735 738 1773 ipsi,
755 1734 801 1765 vel
815 1745 916 1765 eorum
932 1736 1019 1774 alter,
1038 1738 1140 1776 vobis,
1160 1739 1240 1777 super

182 1774 396 1806 Commiffione
419 1773 513 1805 vestra
535 1773 671 1812 praediCta
687 1797 696 1813 ,
722 1782 757 1804 ex
777 1782 852 1811 parte
873 1773 969 1804 nostra
985 1775 1179 1815 exposuerint,
1198 1778 1242 1809 seu

183 1814 356 1852 exposuerit,
373 1812 490 1843 oraculo
509 1813 584 1844 vivae
605 1813 685 1844 vocis
700 1835 710 1850 ,
727 1812 818 1842 velitis
831 1811 918 1842 fidem
931 1812 1076 1843 indubiam
1089 1814 1219 1846 adhibere
1231 1842 1241 1855 ,

182 1852 218 1883 &
231 1862 263 1882 ea
273 1851 408 1883 Paternali
425 1849 578 1881 affeffione
595 1851 691 1889 (quam
700 1851 761 1888 jura
776 1849 871 1880 nostra
884 1852 913 1880 in
928 1851 1042 1882 Ducatu
1057 1853 1157 1884 nostro
1170 1865 1243 1892 prae-

181 1890 261 1921 dieto
272 1890 352 1922 inaesa
367 1889 440 1922 velle
451 1888 594 1921 credimus
605 1889 780 1926 conservare)
796 1889 943 1929 gratiosius
958 1890 1093 1922 exaudire.

38 1536 82 1555 20.

1284 1624 1449 1665 consimiles
1474 1627 1580 1659 Literae
1607 1625 1759 1659 Bernardo
1786 1627 1880 1659 Pelea
1898 1653 1908 1669 ‚
1941 1631 2041 1660 Priori
2054 1627 2090 1661 de
2107 1629 2242 1674 Manfh,
2269 1629 2347 1663 diri-

1746 1685 1874 1722 guntur.

1281 1757 1409 1814 REX
1423 1783 1433 1797 ,
1457 1758 1561 1791 diletto
1585 1759 1704 1791 Clerico
1727 1760 1793 1797 suo,
1813 1758 1954 1800 Magistro
1968 1761 2110 1794 Bernardo
2125 1761 2231 1802 Peleti,
2249 1763 2341 1795 Priori
2361 1756 2435 1788 Arm*
2449 1757 2492 1788 D‘ae

1353 1797 1388 1826 de
1403 1797 1523 1841 Mauso,
1543 1799 1683 1836 utriusque
1696 1801 1761 1837 juris
1776 1799 1948 1837 Profellori,
1966 1802 2088 1832 salutem.
2388 1807 2473 1835 1312,

1318 1835 1453 1876 Recepns
1467 1848 1482 1866 a
1497 1838 1603 1868 dilosto
1619 1837 1753 1876 Clerico,
1775 1840 1807 1869 &
1823 1839 1904 1868 nobis
1918 1839 2023 1870 dileeto
2038 1842 2071 1871 &
2088 1840 2181 1878 fideli,
2201 1840 2344 1878 Magistro
2356 1839 2406 1864 An.
2428 1847 2454 1872 5-

1279 1873 1441 1905 Willielmo
1455 1875 1490 1905 de
1504 1876 1580 1906 Casis
1590 1902 1598 1914 ,
1617 1874 1677 1911 &a
1692 1883 1773 1915 prout
1784 1875 1870 1915 Jispra
1883 1876 1960 1917 usque
1975 1878 2032 1908 haec
2043 1879 2146 1917 verba,
2167 1882 2229 1908 viz.
2354 1879 2382 1901 E.
2405 1886 2429 1902 ²·

1317 1912 1356 1944 Et
1371 1914 1445 1950 hoc,
1465 1914 1533 1945 licut
1551 1915 1587 1945 de
1609 1915 1692 1945 vobis
1715 1915 1811 1952 (velud
1834 1917 1969 1953 *rzccipuo
1983 1916 2152 1947 Consiliario
2165 1918 2280 1956 nostro,
2299 1919 2342 1948 in*
2360 1914 2464 1942 Ibidem*

1279 1959 1321 1982 ter
1335 1962 1452 1983 caeteros
1466 1952 1502 1982 de
1515 1953 1634 1983 consilio
1648 1953 1746 1983 nostro
1755 1978 1764 1991 ,
1783 1954 1812 1983 in
1825 1927 1940 1984 lDucarii
1953 1955 2090 1992 praedic‘to
2109 1956 2267 1993 existentes)
2284 1957 2344 1994 spe-

1279 1991 1385 2020 cialiter
1408 1990 1580 2022 confidimus
1595 2015 1604 2030 ,
1631 1992 1721 2021 modis
1736 1994 1871 2022 omnibus
1885 1993 2005 2031 faciatis,
2023 1996 2059 2024 ita
2074 1994 2152 2032 quod
2163 1995 2337 2034 diligentiam

1279 2028 1401 2060 vesti-arn
1416 2029 1446 2059 in
1459 2029 1511 2060 hac
1523 2038 1598 2071 parte
1611 2029 1764 2061 debeamus
1777 2032 1884 2062 merito
1902 2032 2114 2062 commendare.

179 1968 287 2037 ‚AD-lat.
302 1967 377 2007 apud
399 1967 525 2000 Novum
545 1965 679 1998 Castrum
700 1966 780 2005 super
802 1965 933 2007 Tynam²
951 1967 1067 1999 decimo
1082 1978 1182 2007 quarto
1198 1971 1244 2002 die

206 2017 252 2045 ,pri
264 2018 292 2038 is.

186 2126 213 2153 ᾖ
234 2132 272 2162 A
271 2129 293 2162 d
306 2133 500 2164 Amanenum
524 2134 690 2164 Dominum
706 2130 743 2163 de
758 2128 905 2170 Lemno,
931 2129 967 2162 de
982 2127 1125 2171 affistendo
1146 2130 1241 2172 Confi·
1316 2104 1385 2136 Dat.
1405 2106 1478 2144 apud
1495 2106 1622 2138 Novum
1637 2106 1772 2137 Castrum
1788 2107 1867 2145 super
1882 2107 2013 2147 Tyriam,
2036 2117 2080 2147 14.
2100 2108 2145 2139 die
2161 2108 2271 2147 Aprilis.

232 2178 330 2210 liariis
354 2182 439 2224 Regis
460 2205 470 2220 ‚
504 2178 583 2223 quod
597 2177 697 2219 status
717 2180 858 2209 Ducatus
883 2179 1056 2223 Aquitam'ae
1072 2203 1083 2219 ‚
1115 2180 1150 2215 «J
1162 2180 1242 2222 jura

229 2228 316 2270 Regis
334 2223 444 2257 ibidem
461 2223 547 2269 illaesi:
566 2225 783 2269 conserventur.

33 2303 113 2335 'Ann-
127 2304 166 2334 D·
183 2306 325 2365 REX'
341 2307 448 2339 dileeto
470 2307 690 2348 Consanguineo
711 2308 745 2339 ὃ(
765 2303 841 2339 fideli
854 2308 918 2346 suo,
937 2308 1090 2343 Amaneno
1105 2311 1240 2343 Domino

56 2352 69 2372 ¹
78 2352 141 2382 312.
254 2347 290 2378 de
305 2348 432 2378 Lebreto
445 2347 567 2378 salutem.

37 2385 90 2410 ³¹⁷²·
106 2392 134 2418 5·
219 2383 252 2416 In
265 2394 360 2417 mente
372 2387 496 2423 gerimus
509 2386 542 2417 &
556 2385 677 2416 corditer
692 2383 859 2416 affectamus·
872 2391 903 2416 uit
919 2396 950 2416 ea
959 2409 968 2424 ,
988 2397 1051 2425 quae
1069 2397 1122 2418 nos
1135 2388 1169 2418 &
1185 2388 1240 2419 sta-

32 2424 63 2447 13.
84 2430 110 2447 2·
157 2441 159 2444 ⁴
181 2429 243 2454 tum
263 2423 394 2455 Ducatfis
415 2424 506 2455 nostri
527 2424 654 2462 praediffi
676 2425 706 2454 in
720 2424 824 2455 eodem
840 2426 1031 2464 contingunt,
1047 2426 1081 2456 ad
1095 2426 1239 2458 honorem

35 2459 103 2495 Vasc.
119 2467 137 2494 5
142 2480 148 2486 ·
180 2463 309 2494 nostrum
323 2465 356 2495 &
372 2462 564 2493 commodum
579 2463 711 2500 prospere
724 2463 884 2501 dirigantur.

30 2499 62 2522 Ε.
77 2506 148 2526 2.m.
216 2501 296 2532 Cum
318 2503 411 2540 itaque
431 2502 655 2531 mandaverimus
675 2501 781 2531 dilecto
795 2502 828 2532 &
842 2501 917 2532 fideli
930 2501 1047 2541 nostro,
1061 2502 1186 2541 Johanni
1201 2504 1237 2535 de

32 2542 59 2570 3-
179 2539 294 2571 Ferariis
307 2564 317 2578 ,
342 2540 501 2571 Senescallo
522 2539 621 2570 nostro
642 2538 791 2570 Vasconiae
833 2540 910 2577 quod
928 2541 999 2578 ipse,
1016 2541 1051 2570 de
1063 2542 1238 2574 avisamento

177 2579 290 2618 vestro,
307 2589 340 2610 ac
361 2586 530 2609 caeterorum
548 2578 585 2608 de
605 2577 735 2608 Consilio
754 2562 854 2608 nostro
866 2579 897 2608 in
911 2578 1014 2609 eodem
1030 2578 1162 2618 Ducaru,
1182 2592 1237 2611 no-

177 2616 266 2647 strum
280 2618 314 2648 &
329 2617 449 2656 ejusdem
464 2616 595 2647 Ducatus
610 2616 729 2654 statum,
746 2626 779 2647 ac
790 2617 851 2654 jura
867 2616 962 2647 nostra
975 2618 1081 2648 ibidem
1095 2619 1175 2650 illJesa
1192 2630 1236 2650 er-

225 2657 423 2694 quoscunque,
441 2655 533 2685 modis
548 2656 582 2686 86
596 2657 646 2686 viis
664 2655 814 2693 omnibus,
834 2655 934 2693 quibus
947 2656 1050 2694 absque
1063 2656 1132 2695 juris
1140 2657 1235 2688 offen-

186 2704 219 2732 a,
237 2695 270 2725 &
283 2694 402 2725 aliorum
423 2693 524 2733 injuria
537 2693 597 2724 fieri
613 2694 731 2731 poterit,
749 2702 926 2724 manuteneat
940 2695 974 2724 ὃς
985 2695 1153 2734 conservet,
1173 2707 1234 2727 non

171 2734 338 2770 permittens
353 2733 541 2770 usurpationes
554 2732 688 2763 indebitas
699 2731 780 2770 super
792 2742 860 2770 nos,
879 2733 909 2762 in
923 2731 1004 2764 dieto
1019 2733 1135 2765 Ducatu
1144 2759 1155 2774 ,
1173 2735 1233 2766 fieri

175 2780 280 2839 quglldss
294 2771 479 2849 Troigov’estrae
499 2809 656 2840 dilectionis
677 2809 833 2839 sinceritate
848 2831 858 2847 ‚
876 2809 910 2840 &
922 2809 1060 2841 fidelitatis
1072 2811 1230 2843 constantia

38 2134 55 2152 *
66 2136 121 2161 ΠΙ.

37 2172 103 2209 318.

1278 2240 1328 2271 De
1343 2237 1555 2285 dff’nfionibus
1568 2267 1577 2283 ‚
1615 2250 1685 2286 uper
1703 2238 1890 2273 libertatibus
1901 2240 2082 2287 Burdegaliae
2094 2268 2103 2284 ,
2128 2241 2340 2288 componendis.

1349 2323 1426 2362 EX,
1447 2324 1556 2355 dileffis
1576 2326 1611 2355 &
1633 2324 1760 2355 fidelibus
1779 2325 1830 2354 suis
1841 2323 1968 2362 Johanni
1989 2324 2025 2354 de
2038 2324 2171 2364 Ferariis,
2189 2324 2345 2357 SenescaHo
2360 2324 2489 2360 AnnD,

1360 2362 1410 2392 suo
1433 2362 1595 2394 Vasconiae:
1615 2363 1769 2394 Amaneno
1795 2363 1931 2393 Domino
1952 2363 1988 2392 de
2011 2362 2152 2401 Lebreto,
2170 2363 2345 2404 Consangui-
2378 2377 2463 2407 1312.

1276 2408 1333 2429 neo
1352 2401 1451 2431 nostro
1466 2401 1624 2432 karissimo:
1648 2400 1927 2469 MagistroBJordano
1944 2401 2098 2441 Moraunt,
2119 2402 2340 2434 Constabulario
2356 2411 2408 2434 Aa.
2424 2417 2453 2442 5.

1276 2436 1326 2468 suo
1349 2438 1522 2477 Burdegaliae
1540 2452 1550 2478 ·,
1574 2441 1607 2471 δε
1623 2439 1763 2480 Magistro
1808 2439 1926 2470 ernardo
1942 2439 2046 2478 Peleti,
2063 2440 2155 2471 Priori
2167 2441 2204 2472 de
2217 2441 2336 2482 Manso,
2359 2449 2386 2472 Ε.
2405 2456 2430 2472 2.

1276 2477 1417 2515 utriusque
1425 2479 1492 2516 juris
1508 2478 1680 2517 Profeffori,
1698 2479 1820 2508 fizlutem.
2351 2487 2421 2522 Vasc.
2441 2491 2469 2519 5.

1312 2515 1410 2554 Cum,
1425 2516 1504 2554 super
1517 2517 1683 2554 quibusdam
1697 2517 1868 2547 libertatibus
1881 2517 1914 2547 δε
1926 2517 2178 2556 Ῑυτίῑάἰξὶίοῃὼυς,
2189 2528 2256 2556 quas
2265 2518 2333 2550 Ma·
2352 2526 2382 2550 E.
2404 2531 2429 2550 2.
2448 2528 2487 2550 m:-

1269 2553 1335 2592 jor,
1347 2554 1455 2593 Jurati,
1471 2557 1504 2586 &
1525 2555 1694 2586 Comunitas
1711 2554 1840 2587 Civitatis
1863 2555 1967 2586 nostrae
1985 2555 2171 2596 Burdeoaiiae,
2188 2559 2216 2586 in
2232 2558 2331 2589 eadem
2354 2570 2381 2588 ι.

1273 2592 1412 2630 Civitate,
1430 2594 1464 2624 ad
1477 2594 1503 2624 se
1517 2594 1668 2624 vendicant
1690 2594 1828 2632 pertinere
1840 2616 1850 2632 ,
1876 2594 1949 2624 inter
1971 2595 2059 2632 ipsos,
2076 2580 2237 2634 TVIajorem,
2250 2596 2335 2635 Jura-

1273 2639 1333 2677 103ζ
1351 2633 1384 2663 δε
1401 2630 1649 2663 Communitatem
1667 2642 1720 2671 pro
1742 2631 1887 2674 parte-sua
1900 2655 1910 2671 ,
1929 2634 1962 2663 δε
1980 2632 2128 2663 Ministros
2143 2633 2254 2664 nostros
2269 2634 2337 2666 Du-

1273 2679 1352 2700 catus
1374 2670 1500 2708 praedidti
1522 2680 1575 2709 pro
1594 2672 1678 2702 nobis
1692 2695 1702 2710 ,
1724 2671 1903 2701 distensiones
1917 2693 1927 2708 ‚
1951 2682 1967 2701 a
1981 2679 2110 2709 tempore
2126 2682 2185 2702 non
2200 2672 2337 2713 modico,

1271 2708 1432 2747 hucusque,
1451 2718 1481 2740 ut
1493 2709 1695 2748 intelleximus,
1711 2710 1863 2747 extiterint,
1881 2710 1914 2739 δε
1930 2709 2019 2740 adhuc
2034 2709 2167 2749 existant,
2184 2712 2213 2740 in
2229 2711 2335 2751 nostri,

1271 2747 1307 2777 &
1323 2748 1533 2779 confluentium
1556 2747 1591 2778 ad
1613 2748 1732 2779 eandem
1755 2747 1910 2779 Civitatem
1931 2747 2089 2786 dampnum
2106 2759 2166 2779 non
2185 2750 2336 2782 modicum

1271 2786 1400 2864 &1335
1402 2796 1450 2855 Ἐξ
1452 2797 1548 2856 ritestra
1561 2823 1691 2855 fidelitate
1704 2826 1737 2855 St
1753 2825 2009 2863 circumspeetione
2021 2823 2127 2866 plenius
2143 2825 2330 2867 confidentes,

27 3670 103 3702 Ann.
111 3671 152 3703 D.

51 3719 134 3749 1312.

24 3751 76 3775 An.
91 3759 119 3785 5.

23 3789 54 3813 Ε.
73 3796 100 3816 2.

23 3823 88 3853 uid.

173 2846 286 2883 plenam
307 2847 439 2879 fiduciam
460 2856 630 2886 reportantes
643 2860 652 2886 ς
668 2848 804 2886 sperantes
818 2849 901 2878 etiam
917 2848 996 2886 quod
1008 2859 1056 2887 ea,
1075 2860 1139 2887 quae
1154 2861 1225 2890 nos,

173 2884 209 2914 &
222 2884 362 2916 honorem
376 2886 520 2923 nostrum,
538 2896 571 2917 ac
586 2887 698 2916 felicem
712 2885 815 2916 statum
828 2885 959 2917 Ducatfis
975 2888 1101 2924 praeditf‘ti
1117 2891 1230 2920 contin-

173 2930 262 2959 gunt,
280 2923 383 2961 velitis,
398 2925 475 2962 juirta
489 2923 623 2956 assuetam
642 2924 880 2963 benivolentiam,
895 2934 1079 2957 manutenere
1093 2937 1146 2965 pro
1162 2929 1230 2959 viri-

172 2960 224 2990 bus
239 2960 274 2990 &
289 2960 411 2999 servare,

211 2997 273 3029 Vos
288 3000 324 3029 eo
336 2998 531 3038 affectuosius,
547 3010 607 3038 quo
618 3003 787 3039 poterimus,
797 3000 998 3040 deprecamur,
1015 3004 1143 3040 quatinus
1156 3015 1228 3043 prae-

173 3036 231 3066 fato
243 3036 399 3068 Senescallo
412 3038 511 3068 nostro
525 3039 614 3069 velitis
628 3040 657 3068 in
669 3038 814 3077 praemiffis
834 3039 1021 3071 effeetualirer
1033 3041 1154 3073 assistere
1162 3067 1172 3081 ‚
1191 3044 1225 3074 &

172 3074 225 3104 sibi
235 3075 269 3105 ad
280 3075 338 3106 hoc
353 3075 479 3107 vestrum
493 3076 629 3114 impertiri
642 3077 739 3107 sanum
753 3077 918 3117 consilium,
937 3079 971 3110 &
991 3080 1124 3110 auxilium
1138 3092 1227 3120 opor-

173 3121 295 3152 tunum3
319 3115 356 3144 ita
398 3114 457 3144 uod
472 3138 482 3154 ,
505 3114 601 3145 vestro
622 3115 764 3145 mediante
782 3115 926 3152 juvamine
939 3140 950 3155 ,
973 3118 1111 3155 praemiffa
1123 3120 1158 3149 ad
1172 3130 1226 3150 no-

175 3150 280 3194 strum,
295 3152 328 3182 &
348 3162 383 3184 ve
409 3162 472 3183 rum
490 3153 633 3183 honorem
653 3153 811 3192 prosperius
829 3153 997 3194 dirigantur;
1015 3166 1064 3194 per
1078 3158 1156 3195 quod
1172 3169 1225 3189 vo-

173 3189 217 3219 bis
231 3188 265 3219 ad
279 3198 365 3229 grates
379 3192 468 3221 teneri
478 3190 630 3222 debeamus
639 3214 648 3230 ,
664 3192 699 3223 δε
713 3192 748 3223 ad
761 3191 885 3230 specialia
899 3203 1017 3225 munera
1032 3196 1193 3232 gratiarum.

175 3263 286 3342 Aplgriiit&
297 3265 368 3305 apud
392 3266 520 3300 Novum
538 3266 673 3299 Castrum
687 3267 767 3307 super
780 3266 895 3310 Tyriam
905 3293 915 3309 ,
933 3269 1051 3303 decimo
1064 3281 1165 3310 quarto
1179 3272 1225 3304 die

844 3386 900 3415 Per
914 3384 997 3424 ipst'em
1013 3389 1117 3425 Regem.

170 3510 336 3568 Consimiles
363 3525 467 3557 Literae
487 3522 627 3570 Jordano
652 3528 808 3607 Aldoraunt
823 3553 835 3570 ,
860 3524 1081 3571 Constabulario
1098 3529 1213 3565 Burde-

634 3586 679 3622 ga
691 3587 732 3608 ια.

166 3665 294 3724 REX
332 3665 439 3697 dileeto
462 3665 579 3697 Clerico
599 3667 647 3700 suo
660 3692 670 3707 ,
683 3668 809 3709 Jordano
825 3670 980 3708 Moraunt,
999 3670 1217 3704 Constabulario

237 3706 287 3749 suo
300 3689 475 3746 burdegaliae
487 3729 496 3743 ‚
515 3715 548 3750 ac
570 3707 676 3738 caeteris
697 3710 829 3740 omnibus
843 3710 877 3740 &
892 3709 1019 3749 singulis,
1036 3710 1073 3743 de
1085 3710 1214 3743 Consilio

164 3742 264 3774 nostro
275 3754 304 3774 in
319 3743 436 3774 Ducatu
449 3743 605 3782 praedfflo,
622 3743 742 3776 salutern.
869 3765 873 3771 ·

201 3780 235 3811 In
259 3791 356 3815 mente
372 3783 494 3821 gerimus
541 3782 575 3812 δε
596 3781 717 3814 corditer
735 3783 900 3817 affectamus
921 3793 952 3817 ut
972 3796 1019 3824 ea,
1034 3795 1099 3824 quae
1112 3798 1164 3818 nos
1178 3789 1213 3820 &

164 3818 266 3850 statum
286 3819 416 3851 Ducatus
435 3830 468 3858 pr
515 3820 562 3850 'eti
580 3821 609 3850 in
629 3819 733 3850 eodem
746 3825 934 3864 contingunt,
951 3824 985 3855 ad
1000 3824 1144 3856 honorem
1156 3837 1210 3858 no-

161 3857 251 3891 strum
265 3859 299 3889 &
314 3858 506 3890 commodum
519 3859 649 3896 prospere
663 3858 822 3895 dirigantur.

200 3895 281 3940 Cum
300 3897 394 3935 itaque
413 3897 634 3928 mandaverimus
655 3897 761 3928 dileeto
775 3898 894 3932 &fideli
908 3900 1159 3939 nostro‚J0hanni
1173 3902 1210 3936 de

161 3933 275 3964 Ferariis
318 3934 474 3967 Senescallo
492 3935 593 3966 nostro
612 3935 759 3966 Vasconiae
772 3958 783 3974 ‚
824 3937 884 3969 uod
901 3939 956 3977 ipse
989 3939 1025 3970 de
1038 3940 1209 3972 avisamento

163 3957 352 4017 Nobiiis’viri
384 3983 417 4004 ac
430 3973 519 4005 nostri
531 3973 625 4018 <ingen
638 3975 672 4006 ει
686 3973 789 4018 fidelis,
805 3947 947 4007 {manent
960 3962 1082 4008 bomini
1099 3978 1136 4010 de
1149 3980 1208 4010 Le-

162 4007 253 4078 brreffn
264 3996 423 4081 (finpffiper
445 4012 505 4049 hoe
524 4012 649 4047 similiter
666 4012 822 4054 scribimus>
844 4013 878 4047 ὃς
895 4014 990 4049 vestro
1001 4039 1012 4055 ,
1029 4015 1159 4055 nostrum
1172 4018 1206 4050 ὃς

194 4080 198 4084 .
254 4069 261 4078 ·
308 4071 316 4078 ·
334 4081 338 4085 .
354 4071 361 4079 ·
394 4071 401 4087 r

1266 2862 1485 2903 affettantesque
1504 2863 1685 2894 dissensiones
1703 2863 1861 2901 hujusmodi
1880 2864 2001 2894 totaliter
2021 2873 2180 2904 amputare,
2198 2866 2232 2896 &
2247 2867 2333 2897 dubia

1267 2903 1297 2931 in
1312 2911 1392 2934 certo
1412 2913 1537 2940 ponere,
1557 2910 1586 2933 ut
1602 2901 1671 2931 dieti
1686 2925 1695 2939 ,
1721 2901 1835 2942 Major,
1851 2901 1957 2940 Jurati,
1977 2903 2010 2932 δε
2025 2902 2195 2935 Comunitas
2210 2904 2331 2942 quietius

1266 2941 1363 3008 vffiant
1377 2964 1386 2978 ,
1409 2942 1443 2972 ὃς
1464 2940 1565 2971 nostris
1587 2941 1770 2979 beneplacitis
1789 2950 1824 2971 ex
1842 2940 1895 2970 hac
1915 2941 1994 2971 causa
2021 2940 2172 2973 reddantur
2195 2944 2326 2974 obnixius

1266 2988 1287 3009 0
1319 2989 1325 3008 1
1346 2989 1382 3011 ati

1303 2988 1349 3049 ΑΞ
1369 3003 1547 3049 tr'aetandum
1569 3019 1687 3048 nomine
1707 3017 1806 3049 nostro
1821 3041 1830 3056 ‚
1856 3016 1912 3048 una
1925 3027 1994 3048 cum
2011 3016 2139 3057 Majore,
2155 3017 2270 3058 Jurati3‚
2289 3020 2323 3051 ὃς

1263 3055 1480 3088 Communitate
1493 3056 1621 3088 Civitatis
1634 3056 1793 3095 praediffiae,
1812 3058 1856 3087 seii
1873 3056 1923 3086 iilis
1937 3079 1945 3094 ,
1972 3066 2043 3094 quos
2063 3056 2097 3087 ad
2112 3058 2185 3095 hoc,
2203 3057 2252 3088 suo
2266 3068 2321 3088 no·-

1264 3096 1357 3134 mine,
1375 3096 1506 3126 duxerint
1526 3094 1701 3133 assignandos
1714 3118 1724 3133 ,
1748 3095 1784 3125 de
1805 3095 1882 3125 certa
1904 3097 1995 3125 forma
2019 3096 2234 3133 compositionis
2246 3097 2318 3127 inter

1261 3143 1315 3164 nos
1331 3135 1384 3165 &i
1406 3135 1461 3172 sos,
1479 3134 1558 3172 super
1575 3133 1624 3164 hiis
1638 3157 1648 3171 ,
1674 3144 1738 3172 quae
1758 3135 1830 3163 inter
1845 3143 1914 3171 nos,
1933 3134 1965 3163 δε
1981 3132 2128 3163 Ministros
2140 3133 2267 3172 nostros,
2284 3142 2319 3165 ac

1261 3172 1369 3211 dietos,
1386 3144 1553 3211 lislajorem,
1567 3172 1697 3210 Juraros,
1714 3173 1748 3203 ὃς
1763 3171 1981 3202 Comunitatem
1996 3172 2024 3200 in
2033 3171 2156 3201 Civitate
2170 3172 2318 3211 praedista,

1261 3212 1291 3241 in
1306 3211 1444 3242 calumnia
1457 3213 1491 3242 ὃς
1504 3211 1593 3241 dubio
1607 3211 1644 3241 sic
1659 3209 1795 3248 existunt,
1814 3209 1978 3240 ordinandi:
1998 3209 2036 3239 Et
2051 3209 2084 3239 ad
2105 3209 2318 3241 certificandum

1261 3259 1315 3280 nos
1329 3250 1364 3280 de
1377 3249 1471 3280 forma
1508 3258 1550 3279 uae
1568 3251 1597 3278 in
1610 3249 1662 3279 hac
1678 3258 1755 3286 parte
1769 3250 1851 3278 fuerit
1865 3248 2034 3278 concordata
2043 3270 2051 3286 ,
2066 3256 2096 3278 ut
2111 3248 2222 3278 ulterius
2235 3249 2320 3280 facia-

1260 3298 1325 3318 mus
1339 3288 1416 3326 quod
1431 3288 1466 3318 de
1510 3287 1611 3318 onsilio
1624 3287 1723 3317 nostro
1738 3287 1799 3317 fore
1815 3287 1966 3316 viderimus
1980 3286 2159 3324 faciendum,

1301 3326 1408 3365 Vobis,
1427 3337 1459 3357 ac
1474 3325 1580 3365 tribus,
1600 3326 1633 3356 &
1647 3326 1757 3356 duobus
1778 3324 1905 3357 vestrum
1927 3325 2040 3363 plenam
2052 3347 2062 3362 ,
2079 3331 2179 3356 tenore
2197 3326 2317 3363 praesen⁴

1261 3366 1352 3404 tium,
1371 3365 1557 3396 concedimus
1571 3364 1742 3395 facultatem.

1296 3404 1334 3435 Et
1356 3405 1412 3434 hoc
1431 3404 1550 3441 praefflnis
1565 3426 1575 3441 ‚
1600 3402 1705 3440 Majori
1720 3426 1729 3441 ,
1751 3400 1852 3440 Juraris
1868 3425 1878 3441 ,
1901 3402 1934 3432 &
1951 3400 2176 3438 Communitati,
2193 3409 2226 3430 ac
2240 3400 2315 3440 aliis,

1259 3452 1384 3480 quorum
1405 3442 1517 3472 interest
1529 3466 1539 3479 ,
1565 3450 1611 3471 aut
1632 3441 1761 3471 interesse
1781 3442 1884 3478 poterit
1905 3441 1933 3469 in
1953 3439 2097 3476 futurum,
2116 3438 2314 3470 innotescimus

1257 3491 1310 3521 per
1323 3480 1487 3521 praesentes,
1506 3480 1583 3519 sigilli
1595 3479 1684 3509 nostri
1700 3480 1829 3509 munime
1843 3480 1990 3509 roboratas.

1294 3556 1361 3587 Dat.
1380 3555 1453 3595 apud
1467 3555 1595 3588 Novum
1610 3553 1743 3586 Castrum
1757 3553 1836 3592 super
1850 3553 1981 3593 Tynam,
2000 3558 2044 3590 14.
2062 3549 2109 3581 die
2122 3550 2232 3590 Aprilis¹

1252 3633 1351 3695 ET
1369 3633 1533 3664 mandatum
1552 3631 1593 3676 est
1615 3631 1733 3672 praefato
1754 3627 1909 3674 Senescallo
1922 3652 1940 3671 ⁷.
1959 3626 2037 3665 quod
2059 3627 2190 3673 inspeetis
2205 3627 2308 3660 formis

1329 3673 1534 3708 Tractatum,
1552 3671 1614 3701 alias
1625 3671 1704 3708 super
1718 3667 1862 3707 praemlffis
1876 3667 2038 3696 habitorum
2054 3689 2064 3703 ‚
2087 3667 2124 3696 de
2135 3669 2306 3701 avxsamento

1253 3709 1374 3741 Confilii
1392 3710 1479 3750 Regis
1500 3709 1629 3739 Ducatus
1652 3708 1778 3746 praedieti
1791 3727 1800 3743 ,
1824 3705 1879 3734 una
1902 3713 1971 3735 cum
1982 3703 2117 3742 praefatis,
2134 3705 2306 3749 Amaneno,

1246 3748 1376 3787 Jordano
1389 3771 1400 3786 ,
1423 3749 1456 3779 &
1474 3747 1614 3778 Bernardo
1624 3769 1634 3784 ,
1658 3746 1769 3776 duobus
1782 3766 1792 3781 ‚
1810 3743 1854 3772 vel
1870 3751 1929 3773 uno
1941 3752 2060 3781 eorum,
2077 3742 2217 3780 praedicsto
2229 3744 2304 3774 Tra-

1250 3788 1336 3817 &atui
1357 3796 1425 3817 curn
1446 3787 1528 3816 omni
1546 3784 1690 3821 diligentia
1710 3780 1854 3819 intendat;
1885 3781 1919 3812 ἂ
1939 3781 2064 3811 formam
2081 3781 2247 3818 praedictam
2265 3782 2301 3814 ad

1248 3825 1337 3864 Regis
1355 3823 1546 3855 commodum
1567 3824 1600 3853 ὃς
1622 3822 1764 3850 honorem
1777 3843 1786 3857 ‚
1811 3827 1917 3858 quanto
1931 3819 2028 3849 melius
2039 3821 2156 3857 poterit,
2175 3831 2300 3851 concor-

1245 3863 1303 3894 dari
1318 3871 1465 3901 procuret,
1483 3861 1595 3890 ulterius
1607 3861 1636 3888 in
1648 3857 1794 3927 {Rs-semissis
1807 3858 1910 3889 faciens
1924 3868 1989 3896 quae
2003 3858 2127 3888 facienda
2139 3859 2219 3897 sunt,
2233 3860 2299 3897 jux-

1245 3911 1273 3933 ta
1291 3902 1311 3921 *
1329 3909 1460 3932 tenorem
1476 3899 1630 3930 litterarum

1245 3941 1365 3971 omittat.

1265 3990 1273 3994 ·
1282 3977 1370 4012 Teste
1383 3983 1415 4010 ut
1427 3975 1513 4015 supra.

1733 4049 1759 4081 A
1778 4059 1796 4082 2
2241 4046 2301 4079 Ee<

1684 3897 1743 3935 egis
1761 3896 1986 3935 praedistarum3
2011 3896 2045 3928 &
2065 3895 2125 3928 hoc
2146 3897 2299 3929 nullatenus
2315 3893 2405 3971 3²19st
