2562 4279
219 101 277 131 ⁴20

76 174 156 205 Ann.
170 173 212 205 D.

99 221 183 251 1321.

77 254 144 280 Edv.
165 261 191 280 ²·
227 267 338 298 Contra
362 260 573 309 Raymundum
602 263 633 293 in
661 258 816 305 Cosmedin
841 257 1036 292 Cardinalem
1050 284 1061 301 ,
1085 255 1131 291 ad
1147 256 1291 302 firman-

553 307 629 342 dam
647 311 730 354 Papa
747 309 972 354 Conscientiam.

74 408 129 435 An.
148 416 188 442 ¹4-

75 449 107 472 Ε.
129 454 155 472 2.

75 481 189 515 Rana&
223 476 356 506 tentionis

76 524 116 548 Fr.
139 530 180 555 14·
223 513 360 552 strorum,
376 514 527 554 puritatem
545 512 752 543 circumveniat
766 534 777 550 ,
801 512 834 541 ὃς
852 510 921 549 Jura
941 509 1057 550 nostra,
1070 508 1207 551 exquisitis
1227 506 1290 546 sug-

73 562 106 585 Ε.
127 568 151 585 2v
221 552 412 591 gestionibus,
427 553 633 589 interrumpat,
654 549 775 580 vestram
796 550 825 580 in
838 550 871 579 ea
886 556 962 586 parte
982 548 1199 584 conicientiam,
1216 555 1290 585 quo-

74 606 110 624 m.
130 605 152 623 i.
221 594 290 623 tiens
305 591 478 632 oportuerit,
497 591 630 629 cogimur
643 590 774 619 serenare.

259 630 361 661 Ecce!
386 630 467 660 Pater
489 628 612 668 sancte,
635 627 797 659 Venerabili
815 626 917 662 Patri,
940 624 1076 655 Domino
1096 621 1289 661 Raymundo,

221 669 282 700 Dei
314 668 383 699 tatii
416 667 530 699 sanetae
544 667 646 698 Mariae
661 668 691 697 in
704 665 862 697 Cosmedi'n
878 664 1014 694 Diacono
1027 661 1171 692 Cardinali
1185 684 1194 698 ,
1235 671 1288 690 uo-

218 679 349 739 mmdgm
365 692 539 738 adulantium
559 706 732 737 commentis
745 703 899 743 persuasum
915 701 955 732 est
969 724 978 738 ,
1002 700 1156 731 Ecclesiam
1175 670 1288 730 dequ-

218 746 302 785 ford,
320 745 514 777 Liucolniensi
533 744 656 776 Diocese
669 767 679 783 ,
703 754 786 783 quam
802 766 812 782 ,
832 741 950 772 dilectus
966 739 1095 770 Clericus
1110 738 1222 776 noster,
1233 737 1287 776 Jo-

219 786 325 816 hanxies
340 785 377 815 de
391 785 553 822 Fontenay,
570 785 676 814 virtute
688 780 913 812 Praesentationis
927 778 1033 808 nostrae
1045 778 1154 814 optinet
1166 778 1196 806 iri
1213 786 1287 813 prae-

217 824 287 855 senti
304 824 382 862 (quae
396 824 504 861 semper
516 823 652 854 haC'oenus
666 822 701 852 de
716 820 934 860 Progenitorum
956 815 1118 846 nostrorum
1137 816 1169 845 &
1186 814 1287 845 nostro

218 863 310 894 excitit
325 863 492 898 Patronatu)
505 872 557 901 per
569 860 816 892 Constitutionem
831 856 992 887 Novellam
1006 863 1096 892 nuper
1108 852 1236 891 vacfiffe,
1251 854 1285 884 &

218 901 255 934 ad
269 911 321 931 vos
335 902 418 942 ipsius
428 900 625 931 Collationem
639 899 790 936 pertinere:
1122 931 1126 936 Ι

257 939 349 978 Cujus
362 939 545 971 Persuasionis
558 939 726 974 occasione,
745 934 902 966 Collationi
916 933 1031 971 vestrae,
1049 932 1086 962 de
1099 930 1174 961 dista
1182 929 1285 961 Eccle-

219 979 300 1010 clesia
313 979 365 1009 sibi
379 979 481 1017 fact-22,
499 978 575 1008 idern
590 976 671 1007 Pater
691 976 817 1005 innititur
832 985 842 1012 3
865 972 977 1003 dissum
993 971 1141 1002 Clericum
1153 968 1284 1000 nostrum

220 1017 301 1056 super
317 1017 414 1048 eadem
431 1017 622 1056 multipliciter
638 1013 823 1045 molestando.

261 1057 410 1095 roirca
430 1055 604 1085 Clementiae
623 1053 724 1083 vestrae
742 1052 870 1083 duximus
887 1047 1118 1089 supplicandum,
1140 1048 1285 1086 quatinus,

219 1103 329 1126 attento
343 1096 399 1132 jure
416 1093 514 1124 nostro
527 1092 666 1133 praedi&o
683 1092 773 1130 (cujus
788 1100 838 1121 vos
860 1089 993 1119 haetenus
1013 1088 1190 1124 invenimus,
1207 1086 1240 1117 &
1255 1086 1284 1115 in

220 1134 347 1164 futurum
363 1134 502 1171 speramus
511 1133 688 1173 praecipuum
704 1129 902 1165 Defensorem)
918 1127 1000 1157 dieto
1012 1125 1087 1156 Patri
1102 1124 1213 1155 suadere
1224 1123 1286 1193 dig?

220 1174 347 1210 nemini,
363 1181 393 1202 ut
410 1173 446 1202 ab
461 1172 660 1210 inquietatione
681 1169 750 1200 dirsti
768 1167 874 1199 Clerici
891 1165 982 1196 nostri
1001 1164 1128 1194 desistere
1146 1163 1232 1201 velit,

218 1213 377 1281 germittere
393 1220 424 1241 ut
432 1211 501 1250 Jura
515 1209 608 1240 nostra
631 1209 715 1239 nobis
734 1208 835 1237 illibata
851 1205 994 1235 serventur
1010 1215 1021 1241 2,
1044 1202 1197 1248 praeiertim
1214 1201 1284 1232 cum

236 1251 419 1289 ,rogenitores
433 1248 537 1287 nostri,
555 1249 589 1279 &
604 1257 673 1284 nos,
690 1247 755 1277 totis
770 1244 914 1275 retroae‘tis
928 1240 1162 1280 temporibus,ad
1177 1240 1284 1272 didiam

216 1288 371 1321 Ecclesiam
386 1288 639 1326 praesentaverimus
653 1283 813 1316 succeffive.

256 1327 433 1366 Conservet,
451 1328 512 1359 &c.

254 1404 325 1437 Dat.
338 1404 412 1446 apud
426 1401 716 1434 Westmonasterium
725 1423 734 1439 ,
748 1398 923 1431 duodecimo
937 1395 984 1427 die
1000 1395 1081 1427 Maii.

224 397 304 458 ΡΑ
315 396 339 426 Ρ
348 395 390 426 ΑΞ,
409 396 474 426 Rex
488 395 592 426 devota
606 393 713 439 pedum
727 393 820 439 oscula
834 394 1009 436 beatorum.⁴
1046 430 1051 437 .
1068 431 1073 436 “
1186 430 1194 438 -
1247 430 1253 436 ι

309 436 363 466 Ne
396 434 572 466 erversorum
582 433 715 464 Ambitio
752 433 834 464 nullis
846 432 978 463 conclusa
993 430 1142 469 limitibus,
1159 430 1229 461 dum
1244 440 1290 460 m-

380 485 425 505 uae
438 475 514 504 lucra
527 473 662 510 scitatur,
680 456 781 503 vestrae
796 472 971 509 Sanffltatis,
989 470 1022 501 ὃ(
1038 469 1224 500 confratrum
1238 479 1289 499 ve-

376 1533 485 1565 Litera
500 1531 607 1577 Regis,
631 1525 677 1560 ad
694 1524 889 1558 Cardinalem
904 1533 1121 1572 pretaxatam.

67 1629 144 1663 Anu,
159 1629 200 1661 D,
216 1616 430 1682 'VEnerabili
443 1616 474 1647 in
484 1613 604 1660 Christo
618 1613 695 1645 Patri
708 1636 719 1656 ,
743 1611 880 1657 Domino
892 1609 1088 1654 Raymundo,
1106 1606 1285 1652 Deigratia,

88 1679 101 1700 1
126 1678 174 1700 21.
287 1657 400 1690 Sanetae
416 1654 518 1686 Manae
533 1664 563 1684 in
576 1651 736 1684 Cosmedin
757 1650 896 1682 Diacono
916 1648 1084 1691 Cardinali,
1109 1647 1217 1692 Amico
1235 1645 1284 1676 suo

66 1678 122 1738 An}
139 1719 181 1745 14-
216 1695 360 1768 {atissimo
375 1717 386 1735 ,
408 1692 565 1726 Edwardus
578 1715 589 1732 ,
613 1691 674 1724 δίε.
695 1690 808 1721 salutem
822 1712 834 1728 ,
859 1689 892 1721 &
913 1687 1028 1720 fincerae
1046 1686 1204 1718 dilectmms
1215 1683 1285 1715 affe-

66 1751 98 1775 E.
112 1757 139 1774 2.
234 1746 305 1768 [um-

65 1789 137 1814 Rom.
151 1784 185 1819 &-

255 1775 332 1806 Mira
346 1770 536 1813 quorumdam
550 1769 673 1802 adulatio
688 1791 698 1807 ‚
722 1775 753 1798 ut
768 1766 925 1798 audivimus
939 1788 949 1804 ,
972 1765 1010 1796 fic
1029 1761 1283 1832 excrevitbquod,

67 1827 109 1851 Fr.
132 1834 174 1861 ¹4·

216 1813 287 1847 dum
311 1814 341 1843 in
363 1812 416 1844 suis
439 1809 588 1841 affectibus
629 1805 810 1838 romovendis
831 1804 931 1836 vestrae
957 1802 1128 1834 Paternitatis
1186 1810 1282 1833 ratiam

218 1859 367 1897 quierunt,
383 1849 509 1882 consutis
526 1847 601 1879 Men
621 1847 703 1885 acris,
720 1844 842 1878 vestram
857 1853 919 1875 non
934 1851 1067 1874 verentur
1081 1840 1214 1872 deludere
1232 1851 1283 1878 pu-

217 1900 335 1922 ritatem.

251 1927 345 1960 Ecce!
365 1926 447 1958 Pater
462 1924 653 1962 Reverende,
671 1923 828 1963 persuasum
848 1920 889 1952 est
902 1921 986 1952 vobis
1004 1919 1160 1951 Ecclesiam
1175 1918 1211 1950 de
1222 1917 1284 1949 Uf-

214 1968 294 2005 ford,
315 1964 509 1997 Lincolniensi
521 1962 663 2001 Diocese,
680 1971 766 2002 quam
776 1984 786 2000 ,
804 1960 934 1991 Dilectus
949 1959 1078 1990 Clericus
1092 1957 1189 1988 noster
1202 1980 1212 1996 ,
1228 1956 1283 1996 Jo-

212 2007 318 2038 hannes
331 2004 366 2036 de
380 2003 526 2039 Fontenay
541 2003 645 2034 virtute
659 1999 882 2031 Praesentationis
902 1997 1024 2035 nostrae,
1041 1998 1151 2035 optinet
1165 1997 1195 2026 in
1209 2005 1283 2033 prae-

212 2045 282 2076 senti
299 2046 308 2082 (
331 2054 374 2074 uae
386 2043 496 2080 semper
508 2041 643 2072 hactenus
657 2039 694 2070 de
713 2038 937 2079 Progenitorum
956 2035 1120 2068 nostrorum
1134 2035 1167 2066 ὃ(
1183 2033 1284 2064 nostro

207 2084 296 2114 extitit
337 2082 474 2117 atronatu)
494 2090 543 2120 per
560 2077 808 2110 Constitutionem
821 2075 983 2107 Novellam
998 2083 1089 2113 nuper
1102 2071 1228 2112 vacaffe,
1247 2073 1281 2105 ὅτ.

209 2122 244 2154 ad
259 2121 452 2153 Collationem
466 2118 592 2149 Domini
607 2118 718 2148 Summi
734 2115 884 2146 Pontificis
897 2115 1049 2155 pertinere:

249 2159 340 2199 Cujus
354 2158 535 2190 Persuasionis
549 2157 698 2188 occasione
713 2179 722 2194 ,
748 2154 906 2185 Collationi
928 2153 998 2184 dieti
1020 2151 1146 2182 Domini
1167 2150 1282 2182 Summi

212 2197 376 2236 Pontificis,
394 2199 430 2229 de
444 2196 522 2227 dieta
543 2195 669 2227 Ecclesia
690 2195 772 2225 vobis
787 2193 868 2224 fafrae
878 2216 887 2231 ,
903 2192 1073 2229 innitimini,
1087 2190 1199 2221 dietum
1212 2189 1282 2221 Cle-

213 2240 304 2270 ticum
320 2237 450 2269 nostrum
463 2237 492 2266 in
504 2234 537 2266 ea
551 2243 629 2273 parte
642 2233 836 2273 multipliciter
851 2230 1040 2262 molestando.

250 2276 344 2316 Quod
363 2273 478 2315 quidem
493 2283 545 2313 pro
562 2283 598 2303 eo
611 2297 621 2310 ,
646 2271 724 2311 quod
737 2270 771 2302 ad
786 2280 863 2301 aures
881 2269 983 2301 vestras
997 2279 1058 2299 non
1073 2279 1089 2299 a
1108 2267 1200 2299 Coetu
1212 2266 1283 2298 fide-

211 2316 301 2354 lium,
318 2315 355 2345 set
370 2324 385 2343 a
400 2312 556 2343 Conventu
577 2310 800 2350 Malignantium
818 2310 950 2339 novimus
967 2307 1121 2346 pervenisse
1136 2318 1146 2344 3
1171 2306 1283 2336 Amici-

210 2355 280 2385 tiam
295 2352 416 2383 vestram
433 2351 597 2388 requirimus
610 2350 644 2380 &
657 2359 690 2379 ro
710 2358 804 2386 amus,
822 2349 967 2386 quatinus,
983 2345 1167 2383 attentoJure
1182 2344 1281 2375 nostro

211 2391 369 2432 praedifio,
389 2391 424 2420 ab
438 2389 641 2427 inquietatione
655 2388 704 2418 dic
717 2398 736 2417 o
752 2386 868 2417 Clerico
884 2385 983 2416 nostro
998 2407 1008 2423 ,
1031 2383 1063 2414 ea
1078 2383 1114 2413 de
1128 2383 1227 2421 causa,
1245 2382 1282 2414 de

213 2440 321 2462 caetero
334 2428 475 2467 facienda,
491 2426 619 2458 desistere
636 2426 724 2457 velitis
737 2423 839 2455 nostris
853 2424 986 2454 Precibus
998 2424 1032 2454 &
1048 2422 1169 2453 Amore.

65 1909 103 1928 m.
123 1910 146 1930 1.

251 2507 319 2542 Dat.
337 2506 411 2546 apud
427 2503 734 2542 Westmonasterium,
751 2500 927 2533 duodecimo
940 2499 985 2530 die
997 2499 1079 2531 Maii.

66 2625 82 2642 ⁰
93 2625 148 2653 111.

67 2661 132 2700 883·
216 2632 244 2659 *ἓ
263 2635 322 2666 Pro
344 2634 464 2666 Nuncio
489 2633 576 2678 Regis
600 2631 732 2662 Frmtciae
748 2655 758 2670 ‚
789 2627 880 2674 fhper
896 2615 1029 2660 Servitia
1057 2628 1088 2658 in
1110 2625 1280 2669 Trahimur,

328 2692 397 2714 cum
418 2678 541 2714 Roberto
556 2677 592 2711 de
609 2680 686 2710 Brus
697 2704 706 2720 ,
731 2677 878 2724 impensb,
905 2673 1168 2708 commendatoria.

67 2776 145 2810 Αῃῃ,
159 2775 201 2806 Β,
217 2766 266 2830 P
275 2766 332 2799 ΑΡ
341 2766 382 2796 AE
400 2766 465 2796 Rex
479 2766 581 2796 devota
595 2764 700 2806 pedum
716 2763 811 2794 oscula
823 2763 982 2793 beatorum.

90 2825 176 2855 1321.
306 2806 450 2836 Virtutum
466 2805 594 2843 insignia,
614 2804 731 2843 quibuS,
746 2802 862 2832 dile&us
871 2799 1000 2831 Clericus
1013 2798 1126 2838 noster,
1145 2797 1281 2840 Magister

65 2858 122 2884 An,
139 2864 181 2889 ¹4-
218 2844 384 2877 Bertrandus
397 2843 551 2879 Bonifacii,
563 2842 636 2880 Juris
655 2842 795 2878 utriusque
809 2839 973 2877 Professor,
991 2837 1096 2877 pollere
1111 2837 1282 2877 dinoscitur,

67 2898 99 2923 ε,
121 2904 147 2921 2,
220 2885 315 2915 Labor
327 2883 436 2920 insuper
450 2882 618 2919 vehemens,
632 2881 665 2910 &
682 2879 836 2917 Diligentia
856 2888 889 2908 ex
910 2877 1000 2915 uisita,
1019 2878 1048 2907 in
1063 2876 1165 2907 nostris
1178 2876 1282 2916 Nego-

67 2937 138 2961 Rom.
164 2930 198 2965 (9-
218 2926 276 2964 tiis,
294 2926 323 2955 in
338 2923 461 2963 partibus
473 2920 615 2950 Mareliiae
636 2919 741 2949 Scotiae
765 2919 835 2956 (pro
850 2918 897 2957 qui
921 2927 951 2947 us
970 2916 1024 2946 fuit
1043 2926 1120 2946 nunc
1133 2938 1143 2954 ,
1170 2916 1203 2946 ὃ(
1218 2917 1282 2946 alias

67 2975 108 3001 Fr.
138 2980 179 3008 ¹4·
216 2974 280 3003 per,
299 2960 473 2993 carissimum
487 2959 612 2989 Fratrem
632 2957 761 2987 nostrum
775 2980 785 2996 ,
811 2955 976 2986 Dominum
994 2954 1177 2993 Philippum,
1194 2953 1283 2985 Fran-

215 3005 269 3034 ciae
283 3003 316 3033 &
330 3001 365 3032 N
367 3009 471 3032 avari‘ae
486 2998 604 3036 Regem
617 2994 775 3033 Illustrem,
794 2994 955 3031 destinatus)
973 3004 1021 3034 per
1035 2994 1158 3024 eundem
1172 3002 1282 3032 gratan-

217 3051 257 3072 ter
271 3039 389 3079 impensi
400 3061 410 3077 ,
426 3037 462 3069 ad
480 3036 561 3077 ipsius
580 3036 702 3066 honores
722 3034 754 3064 &
776 3033 918 3070 profeStus
930 3032 1100 3072 appetendos
1112 3055 1122 3071 ,
1147 3033 1180 3063 &
1199 3033 1281 3063 omni

216 3079 296 3112 laude
312 3076 533 3116 prosequendos,
551 3073 677 3115 Regiam
685 3071 912 3104 Benevolentiam
926 3072 1050 3102 nostram
1062 3070 1208 3110 efficiunt,
1222 3081 1283 3103 non

216 3120 368 3154 inmerito,
388 3115 580 3148 Debitricem.

257 3156 343 3195 Ipsius
363 3156 455 3194 itaque
473 3152 622 3191 personam
642 3149 743 3180 vestrae
763 3148 967 3179 mansuetudini
987 3147 1146 3186 plenissimo
1167 3158 1282 3179 recom-

218 3195 386 3227 mendamus
410 3192 515 3223 affeetu
529 3215 539 3231 ,
566 3188 746 3221 devotissime
769 3187 950 3227 supplicantes
964 3210 974 3225 ,
1006 3189 1134 3224 quatinus
1159 3188 1282 3218 eundem

220 3234 367 3265 Clericum
384 3230 528 3268 nostrum,
548 3240 617 3260 curri
632 3228 714 3259 omni
728 3227 825 3256 favore
839 3225 872 3256 &
889 3226 974 3264 gratia
992 3226 1245 3264 commendatum,
1262 3227 1282 3256 fi

219 3274 326 3312 placet,
343 3270 484 3308 suscipiat,
498 3268 588 3298 nostri
609 3266 778 3306 Rogaminis
795 3266 955 3305 interventu
970 3287 981 3302 ,
1003 3263 1165 3303 Apostolici
1181 3264 1283 3294 culmi-

221 3313 265 3383 ζῇς
276 3309 431 3350 Benignitas
447 3307 596 3345 consueta,
613 3304 790 3345 providendo
807 3303 899 3334 eidem
911 3311 990 3341 JuXta
1008 3302 1092 3340 ipsius
1107 3303 1206 3334 merita
1216 3312 1284 3343 pro-

244 3358 321 3380 itatis.

262 3387 419 3418 Conservet
429 3409 438 3425 ,
454 3386 515 3416 ὅτε.

70 3013 102 3037 Ε.
122 3019 148 3037 2.

70 3057 107 3076 m.
133 3057 158 3076 i.

261 3463 330 3498 Dat.
340 3464 413 3504 apud
427 3462 470 3494 W
472 3460 733 3498 estmonasterium,
748 3458 866 3490 decimo
879 3464 980 3498 quarto
991 3455 1038 3488 die
1051 3455 1131 3488 Maii.

444 3607 606 3656 Ejusmodi
618 3619 674 3656 pro
692 3605 810 3650 eodem,
835 3603 880 3638 ad
895 3602 1081 3639 cardinales.

92 3706 169 3739 Αῃῃ,
184 3694 448 3764 Β,“ν”ῗὲιεξαὴίξὶ
461 3694 630 3741 ἰηᾨίπίίὶο
648 3694 748 3740 Patri,
774 3692 911 3737 Domino
925 3689 960 3722 L.
974 3689 1033 3735 Dei
1051 3690 1136 3730 gratia
1150 3712 1161 3729 ,
1183 3688 1296 3734 Saritibae

351 3744 413 3766 ariae
426 3745 455 3765 in
467 3735 523 3765 Via
534 3735 604 3765 Lata
618 3732 756 3764 Diacono
768 3730 911 3762 Cardinali
924 3753 934 3769 ,
958 3728 1066 3760 Amico
1079 3728 1128 3760 suo
1140 3727 1298 3767 carissimo,

94 3753 211 3819 2223-
241 3770 410 3810 Edwardus‚
426 3773 485 3803 &e
497 3773 628 3808 salutem,
645 3772 678 3803 ὅς
691 3771 805 3802 sincerae
818 3767 974 3800 dilectionis
986 3767 1131 3800 affictum.

96 3826 127 3851 Ε,
147 3832 172 3851 Ξ,
280 3807 453 3840 Consuetam
466 3811 565 3842 vestrae
579 3811 747 3842 Dilectionis
759 3807 1012 3849 promptitudinem
1025 3830 1035 3845 ,
1056 3807 1138 3838 nobis
1153 3806 1187 3837 &
1200 3803 1301 3836 nostris

98 3865 169 3890 Rom.
186 3858 220 3893 ό.
245 3857 383 3889 gratanter
397 3849 568 3887 exhibitam,
582 3859 635 3890 pro
646 3872 655 3887 ,
682 3848 786 3879 dilecto
804 3846 922 3878 Clerico
941 3845 1058 3885 nostro,
1078 3843 1223 3882 Magistro
1235 3842 1302 3874 Ber-

99 3903 142 3927 Β,
166 3909 175 3927 1
181 3910 208 3935 4,
246 3886 347 3932 trando
362 3886 598 3955 BonifaciiMJuris
611 3887 699 3918 utn'us
715 3897 748 3917 ue
762 3885 921 3917 Profeffore
943 3886 1003 3924 (qui
1015 3884 1041 3916 se
1056 3886 1087 3916 in
1101 3883 1236 3922 Negotiis
1247 3891 1302 3912 no·

100 3941 132 3966 13.
149 3947 175 3964 ,η
245 3926 305 3956 stris
317 3926 480 3995 ιηάἳειῖξιῐῴυε
533 3926 685 3957 archiarum
694 3898 809 3957 ‘Scotiae
827 3923 943 3955 fideliter
955 3923 1093 3964 exposuit)
1108 3921 1238 3953 duximus
1251 3920 1301 3951 de-

101 3984 139 4005 m,
163 3985 186 4004 ι,
244 3975 347 4007 precari
425 3988 431 3993 .

282 4002 425 4046 Quatinus
439 4001 531 4041 ipsum
543 4002 577 4034 &
591 4002 671 4042 ipsius
684 4001 813 4043 Negotia
834 4001 899 4042 (pro
913 4002 1014 4042 quibus
1031 3999 1168 4032 Domino
1179 3997 1305 4031 Summo

662 77 1467 133 CONVENTIONES‚
1523 79 1916 133 LITERAE,

1334 165 1469 197 Pontifici
1481 165 1632 212 specialiter
1644 167 1801 203 scribimus)
1817 167 1915 199 favore
1929 168 2054 206 propitio
2072 167 2175 199 habere
2187 169 2295 209 velitis,
2311 170 2402 202 nostri
2414 170 2491 203 Ann.
2501 173 2541 206 D.

1336 205 1597 249 contemplatione,
1615 207 1835 244 commendata,
1859 206 1959 237 eadem
1979 207 2129 245 Negotia,
2149 207 2265 238 Litteris
2284 209 2402 248 nostris,
2433 220 2516 251 1321.

1335 242 1563 288 disto-Domum
1577 246 1700 275 Summo
1715 244 1850 275 Pontifici
1864 245 2073 284 praesentando,
2090 254 2123 276 ut
2135 245 2248 277 felicem
2262 246 2402 280 effectum
2414 251 2480 280 Edv.
2496 260 2522 281 ι.

1336 280 1424 313 sortiri
1441 282 1567 322 valeant,
1585 283 1729 324 diligenter
1744 284 1773 314 in
1786 283 1887 314 eisdem
1901 284 2079 323 interponere
2092 292 2180 324 partes
2192 285 2301 316 vestras.

1372 357 1441 389 Dat.
1453 359 1526 399 apud
1537 359 1842 399 Westmonasterium,
1855 360 1972 392 decimo
1984 369 2083 402 quarto
2096 361 2141 392 die
2157 360 2240 392 Maii.

1364 434 1478 466 Eodem
1493 437 1583 468 modo
1596 438 1724 470 scribitur
1736 439 1909 478 subscriptis,
1926 439 2038 469 mutatis
2049 439 2206 478 mutandis,
2224 438 2379 481 videlicet,‘

1372 515 1635 583 Βοηήνῖἰῦὶζΐῑῑιιῖέ
1649 518 1807 547 Samiorum
1827 515 1986 547 Marcellini
2001 513 2039 551 (ἐν
2060 518 2139 547 Petri
2157 516 2311 548 Presbitero
2330 520 2400 548 Car-

1372 564 1586 623 Domino'nsse't}o
1598 593 1630 623 de
1644 597 1672 623 V
1672 593 1702 623 ia*
1715 597 1815 634 Nepoti
1829 597 1944 625 Domini
1955 596 2056 624 Summi
2071 592 2227 635 Pontificis,

1369 630 1492 698 DominZi
1492 632 1551 698 71131ὶί
1559 631 1652 662 Tituli
1665 634 1824 663 Studiorum
1846 635 1932 664 Nerei
1952 631 1991 668 ῤ’
2012 630 2134 663 Achillei
2154 632 2306 664 Presbitero
2329 636 2399 672 Car-2

1332 793 1392 823 Pro
1412 793 1551 840 Epifiopo
1570 796 1751 841 Munatenst
1762 823 1772 839 ,
1797 794 2077 878 fhpceir'ffLahoribm
2088 798 2174 844 sicis,
2200 800 2232 830 in
2250 797 2401 833 Tiasbasu

1783 856 1853 878 ante
1876 859 1885 878 1
1916 858 1941 879 θ.

1330 922 1446 984 ΡΑΡ
1457 926 1499 958 AE
1521 926 1587 959 Rex
1601 929 1704 960 devota
1719 930 1826 967 pedum
1838 930 1930 961 oscula
1943 931 2101 964 beatorum.
2411 939 2478 972 Am,
2497 941 2528 974 D

1418 965 1475 1010 Etii
1499 966 1577 997 Sedis
1597 968 1624 998 A
1644 967 1773 1012 ostolicae
1797 969 1961 1000 deliberatio
1985 969 2104 1008 provida
2116 993 2126 1009 ,
2155 969 2340 1002 Confratrum
2361 969 2394 1002 &
2432 989 2445 1009 1
2468 966 2502 1012 2'1
2527 967 2536 976 ⁵

1331 1002 1580 1045 Coepiscoporum
1633 1015 1738 1046 egotia,
1757 1007 1860 1038 favoris
1872 1007 1906 1038 &
1919 1008 2015 1044 gratiae
2029 1010 2212 1047 praerogativa
2225 1033 2235 1048 ,
2260 1009 2395 1040 consueto
2406 989 2464 1046 An3
2476 1028 2485 1047 ς
2506 1005 2514 1013 ”

1331 1052 1431 1082 more,
1446 1045 1643 1088 prosequatur,
1660 1053 1692 1089 ut
1704 1054 1798 1076 tamen
1809 1046 1960 1076 venerabili
1973 1046 2050 1076 Patri
2064 1069 2073 1084 ,
2097 1046 2137 1077 G.
2155 1046 2317 1078 Munatensi
2329 1047 2353 1077 E
2375 1049 2397 1078 i-
2407 1060 2429 1084 E
2452 1038 2473 1086 ’Ζ
2489 1031 2518 1057 4'

1331 1080 1419 1125 scopo
1434 1083 1500 1120 (qui
1515 1093 1567 1128 pro
1579 1083 1678 1114 nostris
1691 1084 1844 1123 Negotiis,
1863 1085 1892 1114 in
1906 1085 2029 1122 partibus
2043 1085 2153 1123 Angliae
2167 1085 2200 1116 &
2218 1085 2340 1125 Scotiae,
2367 1097 2395 1117 a·
2405 1078 2466 1123 Rssm
2478 1079 2524 1131 ’ά

1331 1119 1446 1195 lggrignqs
1458 1122 1582 1159 plurimis
1596 1123 1622 1153 se
1634 1123 1777 1164 exposuit)
1792 1123 1903 1161 Regius
1916 1124 1997 1154 favor
2010 1146 2020 1163 ,
2044 1133 2131 1163 quem
2152 1125 2321 1163 promeruit,
2340 1125 2392 1155 im·
2407 1137 2447 1163 Fr·
2466 1117 2505 1171 {f
2529 1137 2536 1145 ¹

1370 1170 1388 1188 n
1409 1169 1422 1189 a
1437 1170 1485 1199 ur,
2500 1157 2508 1165 ’

1368 1197 1538 1230 Beatitudini
1549 1199 1649 1245 vestrae
1665 1201 1776 1232 dietum
1791 1199 1903 1235 Patrem
1918 1200 2112 1241 specialissimo
2130 1201 2398 1233 recommendamus
2411 1176 2442 1239 ξ,
2458 1182 2492 1238 2¹..

1331 1236 1453 1275 affe6m3
1472 1238 1653 1282 devotissime
1665 1239 1866 1278 supplicantes,
1884 1241 2012 1278 quatinus
2026 1241 2056 1269 iri
2070 1239 2206 1278 Negotiis
2219 1242 2285 1280 suis,
2298 1240 2400 1271 vestrae
2442 1233 2448 1240 ⁸

1332 1273 1504 1307 Clementia:
1519 1278 1708 1322 porrigendis,
1730 1279 1825 1318 gratiae
1837 1278 2010 1316 plenitudine
2020 1302 2030 1317 ,
2045 1277 2146 1309 nostris
2159 1303 2170 1318 ,
2195 1280 2215 1310 si
2230 1280 2338 1318 placet,
2355 1280 2400 1310 in-

1332 1315 1530 1354 terventubus,
1550 1317 1729 1361 impendere,
1746 1316 1889 1355 finemque
1903 1317 2007 1348 eisdem
2021 1319 2168 1357 imponere
2183 1319 2339 1358 dignemini
2350 1327 2397 1349 ce-

1330 1351 1434 1391 lerem,
1452 1354 1668 1394 honorabilem,
1686 1357 1720 1388 &
1734 1364 1874 1396 optatum.

1369 1390 1543 1432 Conservet,
1560 1394 1620 1425 &e

1370 1467 1439 1500 Dat.
1451 1470 1524 1510 apud
1537 1471 1824 1504 Westrnonasterium
1834 1495 1844 1512 ,
1861 1472 1979 1504 decimo
1993 1480 2095 1512 quarto
2107 1473 2155 1504 die
2170 1472 2253 1504 Maii.

1559 1597 1587 1624 a*
1616 1597 1778 1646 Ejusmodi
1792 1601 1900 1633 Litera
1916 1598 1962 1631 ad
1979 1599 2166 1633 Cardinales.
2407 1585 2501 1662 3821.ss
2535 1607 2544 1647 ἱ»

1403 1683 1543 1715 Enerabili
1559 1685 1587 1715 in
1602 1683 1720 1715 Christo
1734 1683 1809 1716 Patri
1855 1684 1989 1715 Domino
2009 1684 2177 1723 Berengario
2192 1707 2203 1723 ‚
2225 1684 2284 1716 Dei
2331 1686 2382 1716 atia
2411 1689 2543 1730 Ann,1)¹

1352 1762 1356 1767 .
1402 1723 1603 1768 Tusculanensi
1618 1723 1785 1762 Episcopo,
1807 1707 1981 1763 ssdwardus,
1999 1724 2059 1755 &c.
2081 1724 2211 1762 salutem,
2228 1724 2263 1756 &
2295 1709 2400 1756 mcerae?
2437 1738 2523 1770 1321.

1330 1761 1486 1793 dilectionis
1496 1761 1645 1793 affeEtum.
2409 1771 2452 1797 An
2482 1778 2492 1796 ι

1368 1800 1478 1845 Scimus
1489 1823 1500 1839 ,
1524 1799 1732 1845 &certissimis
1751 1801 1932 1839 probavimus
1951 1799 2079 1838 indiciis,
2101 1801 2182 1839 quod
2198 1811 2246 1840 ea,
2264 1811 2328 1841 quae
2345 1812 2398 1843 pro
2409 1811 2442 1835 Ε.
2457 1816 2485 1836 ι..
2496 1779 2528 1805 4³

1329 1840 1473 1908 gobissaut
1489 1840 1590 1885 nostris
1609 1840 1709 1871 votive
1723 1841 1878 1878 appetimus
1887 1862 1896 1878 ,
1910 1838 2053 1871 effestuali
2067 1838 2210 1879 diligentia
2226 1850 2401 1878 promoven-
2409 1849 2481 1874 Rom.
2493 1843 2531 1880 &i

1349 1889 1363 1909 a
1388 1887 1531 1918 ucipietis.
2411 1888 2452 1911 Fr.
2505 1904 2513 1913 .

1369 1917 1516 1957 Quocirca
1523 1941 1540 1962 ,U
1551 1917 1740 1949 venerabilem
1754 1917 1884 1956 Patrem,
1903 1917 2070 1948 Dominum
2084 1916 2125 1947 G.
2134 1915 2193 1948 Dei
2206 1918 2310 1958 gratia,
2328 1918 2399 1950 Mu·
2410 1926 2442 1950 Ε.
2459 1893 2503 1951 2¹?
2512 1919 2515 1921 ’

1330 1957 1471 1988 natensem
1487 1957 1677 1997 Episcopum,
1697 1955 1752 1986 fide
1763 1957 1797 1987 ὃς
1809 1956 2080 1993 circumspectione,
2409 1970 2447 1990 m.
2463 1969 2487 1991 ι,

1366 1995 1455 2039 Prout
1467 1996 1564 2026 Labor
1577 1995 1675 2034 ipsius,
1690 1996 1749 2025 tam
1761 2003 1890 2035 ternpore
1908 1994 2031 2025 Domini
2053 1994 2217 2032 Genitoris,
2236 1996 2311 2026 circa
2330 1995 2401 2026 Ne·
2485 1994 2488 1996 ’

1332 2042 1448 2072 gotium
1470 2034 1659 2072 Inquisitionis
1678 2033 1714 2064 de
1733 2034 1791 2064 vita
1803 2057 1813 2072 ,
1838 2035 1872 2065 δε
1894 2032 2040 2063 Miraculis
2062 2032 2140 2063 Beati
2159 2033 2289 2064 Thomae
2305 2033 2400 2064 Here-

1330 2072 1464 2118 fordensis
1473 2097 1482 2112 ,
1499 2073 1593 2104 eidem
1606 2072 1696 2110 Patri,
1714 2072 1768 2102 una
1783 2082 1851 2102 cum
1865 2072 1921 2102 aliis
1933 2082 1983 2116 per
1991 2070 2130 2102 SedemA
2152 2070 2300 2103 ostolicam
2314 2082 2400 2104 corn—

1330 2111 1464 2181 mhssum,
1481 2113 1567 2153 quarn
1582 2112 1657 2143 circa
1677 2110 1808 2151 Negotia
1823 2110 1918 2142 nostra
1938 2120 1968 2141 in
1987 2111 2110 2148 partibus
2197 2110 2270 2142 chiae
2290 2111 2398 2143 Scotiae

1330 2159 1358 2182 te
1383 2162 1463 2189 atur,

1329 2229 1348 2260 d
1366 2190 1564 2259 Mu¹‘{¹f}i{{{“³‘
1577 2188 1784 2230 approbatum,
1799 2187 1960 2219 paternitati
1974 2187 2075 2219 vestrae
2093 2187 2202 2226 speciali
2218 2198 2400 2221 recommen-

1349 2239 1428 2260 amus
1526 2238 1558 2259 u:

1367 2268 1452 2298 Totis
1472 2267 1609 2298 desideriis
1628 2266 1830 2307 deprecantes,
1854 2265 1983 2302 quatinus
1997 2264 2077 2296 dicto
2097 2264 2172 2296 Patri
2185 2288 2196 2303 ,
2221 2266 2250 2295 in
2264 2266 2400 2306 Negotiis

1328 2306 1395 2345 suiS,
1413 2316 1498 2345 penes
1510 2305 1675 2336 Dominum
1688 2304 1843 2335 Summum
1856 2303 2031 2334 Pontificem
2045 2303 2245 2342 prosequendis
2257 2306 2322 2342 (pro
2334 2306 2399 2343 qui-

1329 2347 1381 2376 bus
1396 2346 1480 2376 etiam
1501 2343 1593 2374 eidem
1612 2343 1746 2373 Domino
1762 2342 1884 2373 Summo
1906 2341 2043 2373 Pontifici
2062 2342 2212 2380 specialiter
2231 2341 2397 2380 scribimus)

1329 2393 1398 2414 cum
1412 2383 1494 2413 omni
1507 2383 1602 2413 favore
1625 2383 1658 2413 ὃς
1679 2381 1790 2411 honore
1802 2405 1812 2420 ,
1837 2381 1958 2412 consiliis
1978 2381 2012 2412 &
2028 2382 2134 2411 auxiliis
2151 2379 2269 2411 assistere
2288 2381 2395 2420 velitis,

1329 2422 1433 2453 nostris
1455 2421 1590 2452 Precibus
1605 2421 1638 2451 &
1661 2419 1794 2458 Amore,
1820 2420 1945 2457 praefatas
1964 2418 2082 2451 Litteras
2096 2443 2107 2458 ,
2137 2427 2170 2450 ex
2189 2426 2265 2456 parte
2284 2418 2397 2458 nostra,

1329 2461 1465 2493 Domino
1480 2460 1603 2492 Summo
1617 2458 1753 2490 Pontifici
1767 2459 1970 2497 praesentantes.

1367 2537 1437 2570 Dat.
1449 2538 1524 2577 apud
1537 2536 1844 2574 westmonasterium,
1861 2535 1977 2566 decimo
1992 2542 2092 2573 quarto
2107 2533 2154 2565 die
2167 2533 2251 2566 Maii.

1511 2614 1626 2646 Eodem
1640 2613 1733 2644 modo
1747 2613 1874 2644 scribitur
1885 2612 2059 2652 subscriptis,
2074 2611 2224 2648 videlicet,

1365 2696 1482 2740 Domino
1497 2695 1535 2724 L.
1549 2692 1657 2722 Sanclae
1669 2694 1772 2736 Marife
1788 2693 1817 2736 in
1831 2693 1883 2720 Via
1898 2692 1997 2736 Lata,
2093 2701 2119 2752 }
2151 2688 2290 2732 Diaconis
2307 2687 2381 2720 Car-

1368 2736 1484 2764 Dommo
1499 2735 1535 2763 B.
1548 2731 1656 2760 Sanaelae
1672 2733 1775 2760 Martae
1790 2741 1819 2759 in
1836 2732 1962 2769 Aqurro,
2148 2727 2295 2758 dinahbus.

1366 2775 1483 2818 Domitio
1497 2774 1533 2801 G.
1547 2768 1637 2799 Tituli
1651 2770 1809 2799 Samiorum
1830 2766 1989 2798 Marcellini
2003 2764 2042 2801 ό·
2056 2768 2135 2796 Petri
2154 2765 2307 2797 Presbitera
2326 2769 2396 2803 ear-j

1366 2809 1579 2880 Donffzassgm
1593 2848 1676 2876 Doza
1689 2848 1784 2875 Fratri
1798 2848 1908 2875 Domini
1924 2846 2026 2875 Summi
2039 2842 2193 2883 Pontificir,

1365 2891 1481 2918 Domino
1495 2884 1626 2917 Arnaldo
1639 2884 1754 2914 Tirandi
1767 2887 1866 2923 Nepoti
1882 2886 1994 2913 Domini
2009 2885 2109 2913 Summi
2123 2881 2281 2925 Pontificis,

1366 2930 1483 2957 Domino
1494 2924 1637 2955 Bernardo
1652 2923 1764 2962 Jordan
1779 2926 1895 2954 Domino
1908 2921 2007 2962 Infhlae
2016 2945 2026 2961 ,

1364 2968 1481 2996 Domino
1492 2967 1574 2996 Petro
1588 2963 1620 2994 de
1635 2965 1664 2993 V
1663 2966 1694 2993 ia
1706 2964 1808 3001 Nepoti
1822 2964 1933 2992 Domini
1945 2964 2046 2992 Summi
2059 2958 2207 3002 Pontificis.

1328 3095 1423 3141 Super
1442 3089 1592 3126 Traslatu
1609 3096 1795 3128 memorato,
1822 3088 1860 3124 ὠ·
1885 3087 1997 3118 Literis
2018 3085 2101 3131 Papa
2116 3081 2162 3117 ad
2179 3079 2341 3116 Robertum
2359 3080 2396 3118 de

1708 3138 1786 3169 Brus
1801 3145 1858 3165 non
1874 3130 2026 3165 exhibitis.

1328 3225 1376 3286 P
1386 3222 1494 3256 APAE
1512 3223 1578 3254 Rex
1593 3222 1695 3252 devota
1710 3219 1817 3260 pedum
1832 3217 1927 3249 oscula
1940 3218 2097 3249 beatorum.
2383 3219 2385 3221 ¹
2406 3224 2476 3257 Ann
2493 3223 2536 3259 Di
2548 3227 2550 3229 ’

1417 3263 1537 3302 Qanto
1549 3261 1603 3291 fuit
1617 3261 1664 3297 in,
1682 3256 1894 3289 Venerabilibus
1914 3256 2060 3295 Patribus,
2078 3257 2119 3288 R.
2137 3256 2181 3288 W
2183 3255 2342 3297 yntonienfi.
2353 3254 2394 3286 E-
2429 3249 2519 3303 13221,

1329 3301 1464 3340 piscopo,
1486 3300 1520 3331 δε
1534 3299 1628 3329 Fratre
1643 3297 1863 3327 willielmo-n
1873 3295 1977 3327 Eleeto
1993 3295 2143 3335 Vienenfi,
2161 3295 2230 3326 fides
2242 3295 2340 3333 firma,
2356 3294 2397 3324 la-
2405 3307 2459 3331 An„
2477 3312 2519 3340 14,

1330 3342 1386 3370 bor
1400 3340 1569 3376 continuus,
1585 3337 1618 3368 &
1638 3335 1735 3366 exacta
1746 3334 1794 3365 dili
1814 3335 1888 3365 entia
1900 3357 1910 3373 ,
1933 3336 1964 3365 in
1978 3334 2118 3372 Negotiis
2131 3334 2234 3365 nostris
2249 3334 2318 3372 (pro
2332 3332 2395 3371 qui·
2405 3345 2434 3369 E.
2455 3351 2482 3370 2,

1330 3379 1385 3409 bus
1399 3379 1492 3408 innata
1504 3376 1661 3420 Benignitas
1671 3373 1785 3405 eosdem
1794 3343 1933 3417 Patroead
1949 3381 2038 3411 partes
2049 3372 2191 3404 Marchiae
2203 3372 2325 3409 Scotiae,
2341 3380 2394 3408 pro
2404 3384 2474 3408 Rom.
2486 3376 2525 3413 ά,

1331 3417 1472 3448 Tractatu
1486 3415 1593 3446 ibidem
1606 3413 1748 3452 ineundo,
1765 3411 1925 3448 destinavit)
1938 3411 2040 3442 crebro
2053 3412 2263 3450 comperimus,
2280 3408 2394 3439 nostro·
2402 3422 2444 3448 Fr·
2463 3427 2505 3455 14·

1333 3465 1398 3487 rum
1412 3455 1536 3485 fidelium
1550 3451 1744 3490 Testimonia,
1761 3461 1795 3482 ac
1809 3451 1890 3491 ipsius
1902 3451 1994 3487 operis
2007 3450 2134 3481 efficacia
2146 3447 2329 3479 manifestant.
2404 3460 2434 3484 Β,
2454 3466 2482 3485 2,

1373 3493 1485 3533 Unde,
1502 3502 1561 3523 non
1581 3492 1715 3522 inmerito
1727 3513 1737 3530 ‚
1762 3489 1834 3528 ipsos
1847 3513 1858 3528 ,
1881 3499 1961 3520 veros
1980 3488 2110 3520 Israelitas
2144 3489 2174 3517 in
2194 3485 2295 3525 quibus
2314 3485 2396 3517 dolus
2406 3504 2444 3524 m,
2460 3503 2484 3522 χ,

1336 3542 1397 3565 non
1409 3531 1466 3570 est,
1483 3538 1640 3570 reputantes
1653 3552 1663 3568 ,
1689 3530 1723 3561 &
1741 3527 1838 3559 missos
1851 3528 1884 3559 ὅ(
1901 3528 2036 3559 mittentis
2051 3511 2184 3557 affednm
2197 3523 2279 3562 plena
2298 3526 2399 3556 mentis

1337 3570 1490 3603 affectione
1509 3567 1724 3607 magnificamus
1736 3590 1745 3605 ‚
1769 3568 1803 3598 &
1823 3567 1906 3597 vobis
1922 3565 2102 3605 persolvimus
2119 3570 2208 3602 grates
2228 3562 2262 3592 &
2281 3563 2397 3603 gratias,

1339 3620 1405 3649 quas
1418 3609 1560 3647 valemus,
1583 3607 1647 3638 totis
1661 3605 1807 3637 affeetibus
1820 3605 2001 3646 supplicantes
2013 3627 2023 3644 ,
2044 3601 2170 3642 quatinus
2189 3599 2284 3632 dictos
2304 3600 2401 3632 Patres

1337 3651 1424 3687 (quos
1436 3647 1533 3679 Virtus
1545 3645 1690 3685 multiplex
1710 3645 1744 3676 &
1758 3644 1843 3675 Fama
1859 3642 2009 3683 gratiffima
2028 3638 2279 3676 recommendant)
2298 3639 2403 3671 habere

1341 3686 1450 3725 velitis,
1470 3686 1490 3716 fi
1503 3685 1611 3726 placet,
1628 3683 1717 3714 nostri
1731 3682 1990 3720 contemplatione,
2022 3677 2164 3717 ropenfius
2177 3677 2404 3709 commendatos.

1382 3723 1546 3762 Caeterum,
1563 3722 1645 3753 Pater
1659 3721 1761 3752 Sanete
1773 3745 1782 3760 ,
1805 3721 1841 3752 de
1857 3730 1892 3751 eo
1906 3718 1982 3761 quod
2023 3718 2112 3748 itterae
2133 3715 2247 3753 vestrae‚
2266 3715 2403 3748 Roberto

1343 3763 1381 3794 de
1393 3761 1463 3793 Brus
1474 3772 1523 3802 per
1537 3761 1649 3792 eosdem
1660 3759 1754 3792 Patres
1768 3760 1929 3796 destinatae,
1946 3755 2038 3787 eidem
2048 3755 2184 3786 Roberto
2196 3754 2329 3784 exhibitae
2341 3764 2404 3784 non

1344 3802 1476 3840 fuerunt,
1494 3800 1585 3832 vestra
1596 3798 1742 3830 Celsitudo
1753 3809 1813 3830 non
1826 3799 1956 3835 miretur,
1971 3794 2009 3825 set
2026 3793 2120 3834 potius
2137 3792 2250 3828 eosdem
2262 3792 2361 3824 habeat
2373 3793 2404 3823 in

1346 3850 1378 3872 ea
1411 3848 1484 3878 arte,
1502 3840 1522 3870 si
1535 3839 1643 3879 placet,
1659 3838 1779 3868 totaliter
1792 3836 1942 3868 excusatos.

1398 3879 1460 3908 nito
1472 3879 1549 3908 enim
1563 3875 1712 3916 Consilio,
1727 3878 1762 3908 &
1774 3875 1867 3910 habita
1886 3873 1965 3913 super
1979 3869 2084 3901 eisdem
2098 3869 2211 3901 Litteris
2230 3869 2407 3902 deliberatio-

1347 3926 1385 3949 ne
1396 3916 1530 3956 pleniori,
1547 3916 1696 3954 omnibus,
1713 3914 1821 3946 ibidem
1837 3921 1906 3944 tunc
1921 3920 1954 3941 ex
1970 3917 2046 3947 parte
2063 3907 2155 3939 vestrzi
2174 3909 2208 3940 ὃς
2225 3908 2321 3939 nostra
2335 3918 2407 3949 prae<

1349 3956 1485 3994 sentibus,
1503 3963 1618 3994 propter
1630 3954 1718 3994 aliqua
1730 3953 1832 3989 verba,
1851 3952 1880 3981 in
1895 3949 1976 3979 dictis
1988 3947 2107 3992 Litteris
2125 3947 2240 3987 inserta,
2252 3947 2349 3981 sanum
2364 3947 2408 3978 vi-

1342 3994 1466 4028 debatur
1478 4003 1523 4026 eas
1534 4003 1597 4026 tion
1609 3991 1667 4025 esse
1679 3991 1760 4024 dieto
1772 3989 1906 4021 Roberto
1917 3985 2105 4027 porrigendas.
2367 4019 2400 4052 D
