2562 4279
80 642 208 675 Anno.

105 691 190 722 1330·

76 727 130 752 An.
148 733 175 757 4·
230 733 363 770 suorum,
381 731 426 761 vel
441 730 498 768 ejus
511 729 626 759 Locum
639 727 763 764 tenenti,
781 712 914 758 galureni.

80 766 109 789 Ε·
151 782 156 787 ·
269 772 346 810 Qiia
360 768 551 800 ordinavimus
565 763 644 803 quod
660 764 803 804 Philippa,
820 763 1050 810 Coiisorslnostra
1070 766 1226 806 cariffima,
1242 766 1290 796 die

78 799 169 836 Claus.
185 808 212 834 4·
231 807 407 846 Dominica,
422 804 553 844 proxima
568 812 630 833 ante
643 802 757 833 Festum
772 803 866 834 Sanesh
881 803 956 835 Petri
971 805 990 824 *
1009 806 1037 834 in
1055 804 1212 843 cathedra,
1222 815 1290 842 pro-

77 842 112 913 ᾗ
121 848 207 911 ΞΖΓ]
229 849 311 878 ximo
333 848 474 882 futurum,
491 841 565 880 apud
589 840 895 882 Westmonasterium,
914 843 983 874 Deo
1003 845 1147 882 propitio,
1165 853 1290 874 corone—

80 920 97 933 *
115 900 167 944 iv·
204 895 210 901 ¹
229 894 290 924 tur,

79 964 146 991 420.

80 1457 156 1490 Arm.
168 1455 210 1487 D.

77 1540 120 1565 Aa
145 1545 165 1570 4

76 1597 136 1642 Pait.
149 1621 178 1647 4.

79 1655 131 1685 ,Ἐς
151 1657 176 1686 ρ.
190 1660 213 1678 ι.

77 1698 115 1720 w.
128 1697 176 1726 44.

100 3974 118 3992 ⁸
136 3975 189 4003 IV.

102 4021 171 4049 4²¹·

770 165 881 206 ET
976 166 1247 207 ACTA

78 253 155 284 Ann.
168 249 208 280 D.
225 251 313 290 stros,
330 251 463 282 fuerimus
484 251 642 290 certiorati,
661 250 762 282 vestrae
782 250 954 283 Clementiae
975 252 1106 282 intimare
1125 252 1285 282 curabimus

102 297 186 329 1330-
226 292 371 323 veritatem
386 291 444 320 Rei
457 290 552 329 gestae.

80 335 136 358 Edv
169 338 195 365 3.

266 367 442 406 Conservet,
459 367 519 398 &c.

264 445 332 476 Dat.
350 443 424 483 apud
437 442 633 482 Wyndesore,
650 442 786 473 vicesimo
799 441 923 473 secundo
936 441 982 472 die
994 441 1147 472 Februarii.

457 571 552 614 Super
573 569 763 600 coronatione
780 564 912 612 Philippae
930 568 1053 613 Reglnae.

228 654 357 714 REX,
376 652 495 697 1311εᾶ0
512 652 648 697 &fideli
661 651 726 697 suo,
745 650 957 695 Bartholomaeo
972 650 1008 695 de
1020 650 1291 695 Burghersh,Con-

303 693 452 724 stabulario
465 689 556 721 Castri
568 690 608 720 sui
621 690 777 720 Dovorriae
810 689 844 720 ὃ(
858 688 982 720 Custodi
997 690 1135 728 Quique
1148 690 1290 720 Portuum

266 924 357 955 Vobis
372 918 534 951 mandamus
547 917 627 956 quod
643 920 806 958 praemuniri
823 919 944 957 faciatis,
963 929 997 949 ex
1010 928 1089 958 parte
1105 919 1219 958 nostrii,
1236 918 1290 950 Ba-

229 972 312 994 rones
328 960 464 997 Qiinque
480 956 620 987 Portuum
637 956 818 997 nostrorum,
837 958 918 997 quod
931 959 1091 996 solempniis
1117 957 1291 989 Coronatio-

229 1003 272 1032 nis
291 997 432 1039 praedictae
453 995 594 1034 intersint,
620 995 654 1025 ad
675 997 836 1027 faciendum
859 997 983 1027 Deveria
1004 998 1067 1035 sua,
1092 1008 1156 1035 quae
1180 998 1209 1027 in
1233 997 1289 1027 aliis

228 1034 471 1070 Coronationibus
495 1033 587 1065 facere
607 1034 837 1074 consueverunt,
861 1036 894 1066 &
919 1035 977 1067 hoc
1000 1035 1156 1067 nullatenus
1177 1036 1292 1067 omitta-

261 1150 353 1183 Teste
367 1150 452 1190 Rege
463 1149 537 1188 apud
550 1148 682 1189 Eltham,
699 1150 836 1182 vicesimo
853 1150 960 1182 od'tavo
975 1150 1019 1181 die
1033 1150 1185 1181 Februarii.

882 1230 936 1258 Per
954 1227 1036 1268 ipficm
1054 1228 1158 1265 Regem.

305 1354 355 1387 De
373 1351 511 1398 Promiſjb
528 1354 615 1399 Regis
633 1353 764 1385 Franciae
779 1350 824 1384 ad
840 1353 980 1384 Bannitos
988 1350 1212 1398 pardonandos.

227 1435 361 1493 REX,
378 1436 538 1468 Venerabili
551 1437 579 1466 in
593 1435 712 1467 Christo
726 1435 819 1475 Patri,
837 1436 972 1467 Domino
989 1437 1177 1476 Guillielmo,
1191 1437 1292 1468 eadem

301 1475 405 1514 gratia,
420 1475 642 1513 Archiepiscopo
654 1475 839 1514 Tholosano,
858 1486 948 1515 nuper
965 1476 1189 1515 Archiepiscopo
1204 1477 1293 1508 Vien-

228 1515 320 1553 nensi,
339 1514 480 1553 Salutem,
500 1516 533 1545 &
548 1514 733 1544 dilestionem
749 1514 894 1545 sinceram.

266 1553 371 1584 Liteias
387 1552 489 1583 vestras
503 1552 649 1590 Parentes,
666 1552 763 1592 Sigillo
777 1553 889 1591 vestro,
907 1562 965 1591 quo
980 1553 1133 1583 utebamini
1147 1552 1217 1584 dum
1238 1553 1293 1584 fui-

1331 165 1799 209 PUBLICA.
2336 181 2387 221 39

1327 250 1390 280 liter
1411 252 1558 291 exhiberi,
1589 253 1683 283 donec
1707 253 1813 291 praefati
1831 250 1981 282 banniendi
1995 275 2005 289 ,
2035 250 2101 290 post
2123 261 2186 283 uam
2208 261 2258 289 per
2278 251 2389 283 dissum
2414 253 2542 286 AnnD.

1329 287 1496 332 Dominum
1512 291 1627 326 Regem
1640 292 1766 322 Francine
1779 291 1885 321 banniti
1906 291 2025 327 fuerint,
2043 291 2092 328 ipii
2138 301 2212 321 anno
2236 286 2392 329 paruerint,
2440 301 2523 332 1330.

1330 326 1363 356 &
1385 327 1508 364 ejusdem
1534 329 1617 359 Banni
1632 329 1713 359 fuerit
1728 329 1868 359 Executio
1882 328 2041 367 subsecuta,
2057 330 2135 366 juxta
2153 329 2277 359 formam
2314 329 2394 359 rcedi-
2414 333 2479 360 Edv.
2501 341 2524 368 3.

1331 365 1369 395 &i
1382 365 1552 404 Tradimus,
1572 367 1605 397 &
1620 367 1655 396 de
1668 367 1726 404 ipsa
1739 367 1930 405 Executione,
1948 368 1980 399 &
1998 367 2162 398 obedientia
2176 367 2256 398 dieto
2305 377 2394 407 uino,

1331 404 1449 440 praefato
1470 404 1546 441 Regi
1572 405 1712 443 Franciae,
1737 405 1782 436 seu
1803 405 1919 443 Nobis,
1963 416 1991 435 er
2014 405 2142 437 Parentes
2166 406 2284 437 Litteras
2304 405 2393 445 Regis

1332 441 1462 480 Angliae,
1483 443 1565 472 fuerit
1587 443 1659 473 sanita
1683 443 1768 481 fides,
1786 443 1818 473 &
1839 452 1908 473 tunc
1950 445 2018 474 idias
2033 444 2152 476 Litteras
2166 444 2289 475 Domini
2305 443 2394 483 Regis

1332 480 1475 516 Franciae,
1502 480 1656 511 nullatenus
1674 483 1796 518 vitiatas,
1816 481 1902 511 libere
1924 483 2077 520 trademus⁷
2097 484 2131 514 δε
2152 483 2301 513 reddemus
2337 483 2394 513 sine

1332 518 1557 549 contradicitione
1573 530 1767 558 quacumque,
1785 519 1918 549 Domino
1932 519 2005 559 Regi
2024 521 2148 560 Angliae,
2167 522 2210 551 vel
2230 523 2286 558 eJ'us
2306 507 2395 551 Nun-

1331 558 1380 586 cio
1391 556 1426 587 ad
1441 557 1499 587 hoc
1514 558 1664 595 specialiter
1677 557 1856 596 deputando,
1872 558 1904 588 ὃς
1918 558 1980 588 haec
1996 561 2186 598 promittimus
2201 559 2279 590 bona
2294 558 2348 589 fide
2362 560 2396 591 &

1332 593 1449 626 fideliter
1464 604 1515 625 rios
1533 597 1663 626 faeturos.

1370 633 1544 702 Ιῑὲῃεὲυοωῐη
1559 634 1776 664 Testimonium
1790 633 1882 673 Sigilla
1895 633 1988 665 nostra
2001 635 2182 674 praesentibus
2193 634 2323 666 duximus
2345 644 2395 674 ap-

1332 681 1391 710 pon
1449 681 1472 701 a.

1372 748 1438 779 Αξὶ.
1457 749 1490 779 &
1512 747 1578 778 Dat.
1596 747 1728 784 ParisiuS,
1747 747 1840 784 primo
1858 747 1903 777 die
1927 746 2032 777 Mensis
2055 746 2145 787 Maii,
2164 749 2252 779 Anno
2271 748 2396 780 Domini

1333 787 1498 826 millesimO,
1516 786 1741 823 trescentesimo‚
1757 785 1893 816 vicesimo
1907 785 2033 825 septimo.

1371 862 1409 894 Et
1423 865 1487 901 quia
1501 873 1603 895 omnoe
1616 863 1649 894 ὃς
1662 861 1758 901 singuli
1773 861 1851 899 supra
1866 862 2022 899 nominati,
2040 871 2089 899 per
2102 862 2212 893 dietum
2227 862 2395 894 Dominum

1333 900 1446 939 Regem
1464 902 1588 932 Franciae
1604 901 1729 939 Banniti,
1748 900 1797 938 ipsi
1814 899 1913 929 Banno
1930 908 2094 937 paruerunt,
2112 901 2144 931 ὃς
2165 902 2286 938 ejusdem
2310 902 2396 933 Banni

1333 939 1374 970 est
1387 939 1525 971 Executio
1540 940 1698 976 subsecuta,
1712 940 1791 977 juxta
1804 938 1930 968 formam
1947 937 2098 968 Traetattis
2112 940 2252 978 praedisti,
2268 951 2330 979 quae
2344 950 2397 970 vo-

1333 979 1375 1047 Pis
1396 979 1615 1017 innotescimus,
1632 979 1665 1009 &
1686 976 1775 1007 fidem
1795 975 1861 1006 inde
1885 976 2002 1006 facimus
2024 985 2074 1013 per
2093 976 2140 1006 has
2154 976 2269 1008 Litteras
2292 978 2399 1008 nostras

1358 1025 1461 1048 arentes

1371 1055 1432 1085 Vos
1453 1040 1583 1095 rogamus
1605 1053 1733 1092 quatinus
1756 1052 1904 1091 praedictas
1924 1052 2043 1083 Litteras
2061 1051 2151 1091 Regis
2174 1052 2299 1084 Franciae
2320 1056 2400 1093 (quas

1335 1093 1389 1131 sie,
1407 1102 1439 1124 ut
1455 1095 1652 1132 praemittitur,
1671 1094 1700 1122 in
1715 1091 1764 1122 De
1784 1092 1888 1121 ositum
1903 1091 2043 1128 recepistis
2055 1090 2270 1130 custodiendas,
2289 1093 2321 1123 &
2347 1103 2401 1123 no-

1331 1132 1376 1162 bis
1397 1132 1445 1163 vel
1466 1142 1546 1163 certo
1566 1130 1690 1161 Nuncio
1710 1132 1758 1160 noi
1777 1139 1826 1167 ro,
1844 1129 1878 1158 ad
1898 1129 1956 1159 hoc
1974 1129 2125 1168 specialiter
2149 1129 2329 1168 deputando,
2347 1139 2401 1161 tra-

1333 1170 1437 1205 dendas
1460 1172 1493 1201 <Sc
1513 1169 1677 1206 reddendas)
1700 1167 1808 1199 dilecto
1830 1166 1947 1197 Clerico
1967 1168 2084 1205 nostro,
2103 1166 2244 1207 Magistro
2268 1168 2400 1200 l-lenrico

1333 1209 1370 1239 de
1382 1209 1550 1247 Cantuaria,
1568 1208 1743 1246 praesentium
1759 1205 1895 1236 Portitori
1916 1206 2014 1243 (quem
2036 1205 2190 1236 Nuncium
2212 1206 2342 1237 nostrum
2364 1207 2400 1238 ad

1334 1248 1392 1278 hoc
1412 1249 1429 1278 s
1443 1248 1563 1278 ecialiter
1584 1245 1760 1284 deputamus)
1781 1244 1890 1275 tradaris
1911 1244 1944 1275 &
1964 1243 2099 1282 reddatis,
2122 1245 2204 1274 nobis
2222 1245 2402 1284 deferendas;

1334 1287 1415 1323 super
1424 1258 1596 1317 pI‘raditione
1610 1286 1644 1316 &
1658 1282 1835 1314 Redditione
1848 1283 2011 1313 earumdem
2028 1283 2198 1312 Litterarum
2214 1283 2293 1313 dieto
2309 1283 2401 1314 Nun-

1334 1326 1383 1356 cio
1397 1325 1514 1364 nostro,
1532 1324 1635 1355 vestras
1652 1323 1772 1354 Litteras
1785 1321 1915 1352 Parentes
1930 1321 2013 1352 nobis
2028 1329 2078 1358 per
2099 1320 2223 1351 eundem
2247 1321 2401 1353 Nuncium

1332 1364 1558 1395 transmittentes.
1978 1376 1982 1378 -

1371 1401 1406 1432 In
1429 1403 1507 1441 cujus
1528 1403 1569 1433 rei
1588 1400 1805 1432 Testimonium
1829 1398 1912 1431 vobis
1931 1397 2051 1429 Litteras
2067 1396 2177 1428 nostras
2197 1398 2333 1428 mittimus
2352 1397 2401 1428 has

1333 1441 1491 1480 praesentes.

1371 1515 1440 1547 Dat.
1456 1516 1530 1555 apud
1544 1515 1697 1548 Gildeford
1706 1539 1716 1554 ,
1731 1513 1868 1546 vicesimo
1883 1512 1989 1545 odlavo
2004 1511 2050 1543 die
2066 1510 2218 1542 Februarii.

230 1588 275 1622 stis
290 1590 523 1635 Archiepiscopus
538 1591 703 1622 Viennensis
708 1612 720 1631 ,
739 1591 868 1631 signatas,
883 1592 1067 1630 inspeximus,
1084 1600 1232 1630 tenorem,
1244 1593 1294 1631 qui
1336 1588 1341 1590 ’

228 1628 365 1669 sequitur,
383 1638 576 1668 continentes,

302 1706 431 1737 Niverfis
442 1705 549 1737 Christi
562 1705 688 1737 fidelibus
720 1705 768 1735 has
783 1705 903 1737 Litteras
917 1704 1094 1744 inspe&uris,
1104 1705 1197 1737 Frater
1205 1705 1291 1737 Guil-

318 1745 451 1784 lielmus,
476 1744 663 1775 Permiffione
717 1744 794 1775 ivina
807 1767 818 1784 ,
850 1743 1087 1783 Archiepiscopus
1110 1743 1296 1785 Viennensis,

228 1784 353 1816 Salutem
369 1785 398 1814 in
410 1783 552 1814 Domino.

265 1822 415 1854 Noveritis
449 1822 509 1852 uod
523 1831 538 1851 a
552 1820 696 1858 Magistro
710 1819 798 1851 Petro
810 1820 846 1852 de
867 1820 971 1859 Fretis,
988 1820 1161 1851 Illustriffimi
1182 1822 1291 1854 Princi-

227 1862 270 1900 pis
290 1861 414 1892 Domini
429 1831 536 1891 (karoli
558 1859 682 1890 Franciae
703 1860 737 1891 δε
752 1858 787 1889 N
789 1869 892 1903 avarrae
904 1859 996 1897 Regis
1010 1858 1143 1898 Clerico,
1161 1870 1196 1891 ex
1215 1870 1292 1901 parte

227 1902 236 1930 i
260 1899 311 1930 sius
331 1899 437 1938 Regis,
452 1898 486 1928 ad
506 1908 559 1929 nos
578 1907 694 1936 propter
707 1899 766 1929 hoc
782 1898 934 1936 specialiter
945 1897 1103 1936 destinato,
1121 1898 1242 1931 Litteras
1262 1901 1292 1930 in

263 1937 401 1976 epofitum
413 1938 588 1976 recepimus,
605 1936 744 1974 formam,
764 1946 828 1975 quae
844 1937 979 1975 sequitur,
998 1938 1193 1976 continentes,

266 2011 400 2052 charles,
415 2021 464 2052 par
481 2013 507 2044 la
525 2023 609 2054 grace
628 2012 662 2043 de
677 2012 772 2051 Dieu,
789 2012 859 2053 Roy
872 2012 908 2043 de
924 2012 1032 2044 France
1043 2013 1077 2045 δε
1091 2011 1128 2044 de
1141 2012 1294 2053 Navarre,

229 2052 320 2085 savoir
336 2053 438 2082 fesoms
450 2063 465 2081 a
478 2061 550 2083 touz
565 2063 636 2092 que,

268 2089 366 2120 Come
379 2099 419 2120 ou
437 2089 560 2128 Tracte,

270 2127 472 2159 Nouvelment
485 2128 533 2158 fait
545 2136 622 2158 entre
636 2138 710 2159 nous
740 2137 806 2166 par,
824 2136 884 2158 noz
898 2136 981 2159 arnez
996 2129 1029 2160 δ’(
1047 2127 1149 2168 feauls,
1168 2126 1293 2168 Pierres,

230 2163 359 2205 Evesque
373 2166 408 2197 de
422 2165 571 2206 Charties,
589 2166 695 2202 Pierres
733 2167 784 2198 ves
800 2177 834 2197 ue
849 2167 1014 2206 Daucerre,
1032 2166 1083 2204 &,
1101 2167 1198 2198 nostre
1205 2168 1294 2198 Tres—

228 2205 308 2235 chier
331 2202 437 2242 Cosm,
454 2204 590 2243 Phelippe
609 2203 707 2237 Conte
723 2205 761 2237 de
778 2177 894 2244 (elaios,
912 2205 1057 2235 Gauchier
1078 2206 1114 2236 de
1131 2204 1294 2245 Castellon,

229 2241 406 2273 conestable
419 2243 455 2274 de
469 2243 592 2282 France,
612 2243 715 2282 Miles,
733 2244 804 2274 Sires
818 2244 854 2274 de
869 2243 993 2282 Noiers,
1011 2243 1131 2274 Mahieu
1144 2244 1181 2275 de
1202 2244 1295 2284 Trie‚

231 2280 399 2312 Mareschau
417 2281 451 2311 de
476 2282 598 2320 France,
612 2281 707 2320 Johan
729 2280 943 2321 Cerchemont,
964 2281 1060 2312 nostre
1083 2282 1296 2322 Chauncellier,

231 2321 267 2350 &
287 2320 404 2351 Andreu
422 2321 458 2350 de
479 2319 636 2360 Florence‚
651 2319 759 2361 Doyen
779 2320 815 2351 de
835 2320 956 2358 Furnes,
975 2330 1033 2351 noz
1055 2318 1242 2360 Consaillers,
1260 2322 1294 2353 δε

232 2357 413 2389 Procurours
427 2359 513 2389 d’une
526 2367 602 2397 part,

270 2396 308 2426 Et
331 2396 455 2435 Edoart,
474 2406 522 2435 par
547 2398 571 2427 la
592 2407 677 2434 grace
690 2396 727 2428 de
740 2397 837 2435 Dieu,
856 2397 926 2436 Roy
939 2396 1151 2436 d'Engleterre,
1169 2398 1203 2429 &
1225 2397 1296 2429 Due

229 2434 267 2464 de
286 2434 446 2473 Guyenne,
472 2434 569 2466 nostre
587 2436 736 2466 Treschier
752 2435 885 2477 ANeveu,
909 2446 957 2475 par
975 2435 1071 2474 Johan
1093 2435 1236 2475 Evesques
1260 2436 1297 2468 de

231 2470 421 2512 Wynces'tre,
437 2475 471 2504 δε
494 2474 661 2505 Willaumes
682 2474 821 2514 Eveiques
840 2474 875 2504 de
895 2474 1048 2514 Norwyc,
1062 2474 1157 2513 Johan
1177 2475 1213 2506 de
1234 2475 1297 2506 He-

228 2521 313 2582 ἔξω,
331 2512 364 2542 &
375 2511 500 2580 gjlu÷ues
515 2513 551 2543 de
564 2512 744 2554 Daudeleye,
762 2513 925 2553 Chivalers,
944 2511 1119 2544 Procurours
1139 2513 1236 2545 nostre
1255 2514 1297 2545 dit

269 2560 356 2588 eveu,
404 2560 436 2580 au
451 2560 480 2580 re
514 2560 554 2581 art

267 2588 356 2619 Entre
374 2588 414 2619 les
434 2560 514 2619 aitrels
535 2574 647 2627 crioses,
673 2590 711 2620 eit
728 2589 802 2626 este,
829 2589 864 2620 ὅτ
888 2590 941 2620 soit
962 2589 1087 2628 Traete,
1113 2596 1170 2629 que
1193 2590 1296 2622 Oliver

231 2626 406 2666 Dinguehen
427 2626 577 2666 Chiyaler,
595 2627 692 2659 Girart
712 2627 748 2658 de
769 2628 887 2665 Tastes,
905 2629 931 2658 le
945 2628 1065 2665 Seignur
1081 2630 1118 2659 de
1129 2628 1296 2668 Caumont,

231 2666 394 2705 Aymerion
409 2665 446 2695 du
468 2662 563 2697 Fosi‘at
578 2664 732 2704 Chivaler‚
750 2665 860 2696 Arnaut
885 2665 923 2696 du
941 2666 1028 2705 Fort,
1068 2667 1096 2696 ui
1117 2668 1147 2698 fu
1167 2667 1241 2699 Sires
1261 2667 1298 2698 de

233 2704 350 2741 Fesym,
367 2704 394 2734 le
415 2703 482 2734 Burt
503 2704 543 2735 de·
560 2704 652 2743 Foys,
670 2705 695 2734 le
717 2705 853 2745 Seigneur
868 2705 904 2735 de
921 2704 1032 2743 Lescu,
1074 2713 1165 2736 ertran
1182 2704 1297 2737 Caillon

234 2742 261 2773 le
276 2741 432 2772 Seneschau
447 2742 484 2771 de
498 2742 628 2773 Laundes
637 2765 647 2781 ,
665 2742 814 2782 Reymont
829 2743 943 2775 Bernart
954 2743 989 2774 de
1004 2744 1081 2774 Seint
1096 2744 1120 2775 F
1120 2745 1298 2785 oy,Alixan-

235 2780 287 2811 dre
298 2780 335 2810 de
348 2779 511 2817 Caumont,
530 2781 579 2818 qui
594 2781 624 2811 fu
637 2781 710 2811 Sires
724 2781 759 2812 de
773 2782 947 2820 Turnebeu,

275 2818 337 2858 Qii
351 2827 404 2849 ont
418 2817 476 2848 este
490 2827 526 2848 en
539 2818 618 2849 cause
633 2819 666 2849 &
680 2821 872 2851 meintenours
884 2821 933 2852 des
949 2820 1116 2852 Rebellions
1130 2822 1164 2853 &
1179 2820 1302 2853 Malefi-

237 2865 337 2932 coPth
353 2892 390 2923 de
404 2894 509 2925 nouvel
522 2902 596 2925 ount
606 2893 664 2925 este
679 2894 756 2927 faites
771 2904 807 2927 en
817 2896 843 2927 la
856 2897 978 2928 Duchee
992 2896 1028 2928 de
1044 2897 1204 2938 Guyenne,
1220 2898 1254 2930 &
1271 2908 1300 2929 es

238 2930 373 2962 Marches
390 2932 576 2970 procheinnes
591 2957 602 2972 ,
628 2942 729 2965 contre
743 2942 832 2974 nous,
848 2936 882 2966 &
896 2945 956 2967 noz
970 2935 1097 2977 Subjez,
1114 2947 1150 2968 en
1165 2937 1239 2969 molt
1252 2937 1301 2968 des

238 2978 366 3008 manem,

273 3008 391 3039 Serront
406 3009 494 3040 Banni
508 3009 544 3040 de
557 3009 652 3040 nostre
675 3010 824 3045 Roialnie:

275 3044 314 3077 Et
328 3056 388 3078 noz
401 3047 462 3078 ditz
476 3047 643 3078 Consaillers
656 3050 697 3085 &⁷
707 3049 884 3080 Procurours
897 3051 973 3081 eient
986 3050 1055 3081 volu
1069 3051 1103 3082 δε
1116 3053 1299 3091 ottroie,pur

236 3085 262 3114 la
277 3086 506 3124 contemplacion
520 3087 556 3117 de
571 3086 666 3118 nostre
679 3088 835 3119 Treschere
848 3089 919 3119 Soer
929 3112 938 3126 ,
955 3089 980 3119 la
998 3089 1104 3129 Royne
1124 3089 1300 3130 d'Engleter-

237 3133 286 3161 re,
304 3123 337 3154 &
351 3124 388 3155 de
401 3124 498 3155 nostre
513 3125 554 3155 dit
567 3125 601 3155 N
603 3135 672 3156 eveu
681 3150 691 3165 ,
709 3135 744 3156 en
760 3135 857 3157 muant
871 3127 905 3158 &
919 3127 1066 3165 chainant,
1085 3127 1121 3157 de
1133 3136 1217 3167 grace
1224 3130 1301 3167 espe-

238 3162 327 3200 ciale,
344 3162 368 3192 la
382 3164 464 3200 peine
478 3164 644 3204 corporele‚
663 3165 721 3201 quil
734 3172 806 3196 ount
819 3175 927 3197 encoru
942 3176 994 3204 pur
1006 3166 1086 3196 cause
1099 3166 1147 3196 des
1161 3167 1220 3197 ditz
1236 3167 1303 3197 Ma-

238 3199 348 3238 lefices,
364 3209 400 3230 en
419 3201 445 3231 la
460 3201 517 3232 dite
530 3204 613 3239 peine
626 3203 662 3233 de
677 3202 750 3242 Bari,
770 3203 877 3234 sicome
889 3204 930 3234 est
945 3205 1005 3242 plus
1018 3204 1188 3242 pleinetnent
1203 3214 1303 3236 conte-

240 3249 280 3309 git
293 3249 333 3269 ou
346 3239 469 3278 Traete,
479 3240 507 3279 ja
520 3241 572 3272 soit
587 3250 621 3271 ce
642 3241 688 3280 q'll
713 3243 790 3272 cient
804 3251 913 3273 encoru
929 3243 1069 3273 forfaiture
1081 3243 1117 3274 de
1133 3253 1197 3274 cors
1212 3244 1303 3278 &des

264 3288 338 3316 iens,

281 3315 319 3346 Et
333 3324 392 3345 noz
408 3315 468 3345 ditz
480 3315 647 3348 Consaillers
661 3317 694 3348 &
709 3317 885 3350 Procurours
902 3321 975 3350 eient
989 3321 1114 3360 promis,
1131 3330 1183 3358 pur
1198 3319 1304 3359 Nous,

242 3355 276 3385 &
291 3364 327 3384 en
341 3353 436 3384 nostre
451 3364 547 3394 noun,
563 3365 597 3386 au
615 3355 693 3386 desus
706 3357 767 3387 ditz
779 3357 957 3389 Procurours
969 3359 1006 3389 de
1022 3358 1119 3389 nostre
1131 3360 1171 3390 dit
1186 3359 1219 3389 N
1223 3370 1304 3398 eveu,

264 3403 316 3431 ue,

241 3402 263 3432 q
283 3432 382 3470 Qant
405 3430 501 3461 nostre
521 3431 599 3462 Seint
612 3431 693 3462 Piere
707 3432 734 3463 le
747 3431 839 3472 Pape,
857 3434 891 3464 δε
906 3434 1003 3464 nostre
1016 3435 1074 3465 dite
1088 3435 1176 3474 Soer,
1194 3437 1227 3468 &
1241 3436 1306 3466 Ne-

244 3480 316 3508 veu,
334 3480 373 3500 ou
386 3469 453 3499 deus
464 3469 501 3499 de
513 3479 581 3500 eaux
597 3471 755 3508 (obeisance
771 3472 835 3509 fait,
853 3471 945 3502 solotn
957 3473 981 3502 la
996 3474 1091 3504 forme
1106 3474 1144 3505 du
1168 3475 1209 3505 dit
1231 3475 1306 3505 Tra-

243 3508 314 3578 <fiteJ5
327 3519 362 3538 au
376 3507 417 3538 dit
432 3506 501 3544 Bau)
517 3516 589 3538 nous
603 3510 775 3547 emprieront
783 3532 794 3548 ,

316 3556 429 3590 orroms
452 3546 526 3584 plein
548 3546 658 3585 Repel,
677 3547 711 3577 &
727 3547 858 3586 Pardon,
876 3548 914 3592 du
928 3548 969 3579 dit
985 3548 1181 3581 Banniser‘nent
1195 3562 1211 3581 a
1226 3551 1307 3582 ches-

244 3594 321 3625 qune
335 3586 382 3615 des
395 3584 463 3615 dites
479 3585 613 3615 Persones
624 3607 634 3623 ,
653 3595 709 3623 que
720 3596 753 3616 au
768 3586 824 3617 Ban
838 3587 1010 3626 obeioront,

282 3623 352 3654 Nos
373 3623 397 3653 la
418 3624 474 3654 dite
495 3623 652 3661 promesse,
671 3623 719 3654 dec
739 3634 796 3655 noz
814 3625 874 3656 ditz
888 3624 1079 3664 Procurours,
1098 3626 1134 3657 de
1149 3629 1306 3658 certeinnes

246 3662 372 3700 science,
392 3672 580 3704 promettoms
596 3662 728 3700 parfaire,
746 3664 903 3703 acomplir,
921 3665 955 3695 &
974 3666 1308 3703 enteriner,ferme.iient

245 3701 279 3732 &
313 3702 534 3739 raciouiement,
553 3701 692 3731 sicomme
707 3703 812 3738 promis
825 3702 922 3734 l’ount.

310 3749 328 3769 n
343 3739 551 3778 tesmoignance
565 3739 637 3769 dela
653 3749 734 3777 quere
747 3740 848 3779 chose,
867 3751 938 3772 nous
953 3751 1052 3773 avoms
1067 3741 1115 3773 fait
1130 3749 1233 3774 mettre
1253 3753 1309 3774 no-

246 3775 302 3808 stre
315 3778 376 3808 Seal
390 3788 425 3808 en
438 3788 484 3810 ces
500 3779 636 3816 presentes
651 3777 750 3808 lettres.

283 3852 364 3884 Dori.
383 3865 398 3885 a
413 3854 517 3895 Poyffy
532 3855 557 3886 le
570 3857 675 3895 primer
686 3856 752 3894 jour
766 3854 903 3894 d’Aurill,
920 3855 987 3888 l'An
1000 3856 1037 3887 de
1050 3865 1133 3897 grace
1156 3857 1225 3897 mil,
1241 3859 1309 3889 trois

247 3899 348 3931 centz,
365 3895 426 3925 vint
438 3894 472 3925 &
486 3895 533 3925 six.

251 4004 257 4010 Ι
287 3967 307 3987 *
325 3967 524 4002 Promittentes
537 3971 617 4011 quod
634 3972 751 4003 Litteras
764 3972 928 4010 supradizstas
943 3972 1040 4010 (quas,
1060 3979 1090 4003 ut
1114 3975 1311 4012 praemittitur,

250 4004 470 4048 in1Dep0situm
493 4012 661 4049 recepimus)
686 4021 770 4050 penes
791 4021 842 4041 nos
865 4010 981 4041 fideliter
993 4009 1237 4051 conservabimus,
1258 4021 1312 4043 nec

249 4052 382 4082 cuiquam
393 4053 470 4078 extra
484 4058 583 4081 manus
596 4050 703 4082 nostras
720 4050 914 4082 exhibebimus
922 4073 934 4089 ,
946 4057 992 4082 aut
1005 4050 1202 4089 permittemus
1209 4051 1315 4090 aliqua-

1369 1638 1428 1674 Ad
1447 1641 1565 1686 Papam
1584 1664 1595 1682 ,
1623 1650 1678 1686 pro
1705 1640 1940 1728 Εαηοηὶιαῐῧῖιε
1969 1633 2085 1668 vaomae
2113 1645 2206 1681 nuper
2232 1636 2359 1668 Comitis

1778 1686 1884 1719 Lanca
1909 1687 1968 1717 riae.

1333 1773 1381 1834 P
1390 1773 1449 1804 ΑΡ
1460 1770 1502 1804 AE
1526 1773 1591 1803 Rex
1605 1771 1709 1804 devota
1721 1769 1835 1801 Pedum
1848 1768 1942 1800 oscula
1954 1768 2114 1799 beatorum.
2415 1759 2492 1792 Ann.
2507 1760 2550 1792 D.

1420 1812 1507 1842 Alma
1522 1810 1618 1842 Mater
1633 1834 1643 1849 ,
1666 1808 1793 1841 Militans
1812 1807 1938 1839 Ecclesia
1953 1831 1963 1846 ,
1982 1807 2145 1846 Unigenito
2162 1804 2221 1836 Dei
2234 1804 2306 1836 Filio
2319 1804 2396 1836 felici
2434 1809 2521 1840 1330-

1333 1850 1526 1882 Commercio
1538 1849 1683 1887 copulata,
1701 1850 1734 1879 &
1751 1847 1786 1877 ad
1800 1845 2091 1885 Repraesentationem
2105 1844 2323 1888 Triumphantis
2337 1844 2397 1875 Ec·
2415 1843 2466 1866 An.
2484 1850 2513 1874 4·

1333 1890 1424 1920 clesiae
1436 1889 1574 1927 instituta,
1593 1888 1666 1918 sacra
1682 1886 1737 1916 Dei
1751 1886 1839 1916 Patris
1853 1885 1961 1922 semper
1975 1883 2098 1922 Vestigia
2118 1892 2171 1921 pro
2185 1883 2292 1914 viribus
2305 1884 2398 1926 imita·
2415 1881 2445 1905 Ε·
2469 1887 2493 1914 3-

1332 1936 1395 1966 tur,
1414 1928 1448 1958 δε
1462 1938 1533 1966 quos
1547 1929 1577 1957 in
1591 1926 1689 1957 Terris
1702 1924 1758 1962 ipse
1772 1923 1855 1954 Pater
1869 1921 2003 1954 Coelestis
2016 1922 2103 1960 digne
2117 1945 2125 1958 ,
2146 1931 2198 1958 pro
2213 1922 2320 1951 meritis
2338 1931 2397 1951 vtr-
2415 1921 2486 1943 Rom.
2505 1926 2534 1951 4-

1333 1974 1444 2005 tutum,
1463 1967 1528 1997 facit
1549 1965 1638 2004 Signis
1659 1966 1691 1996 &
1707 1961 1854 1993 Miraculis
1868 1961 2030 1998 coruscare,
2049 1959 2121 2000 ipsos
2136 1960 2226 1999 dignis
2241 1959 2349 1990 eittollit
2365 1960 2396 1989 in
2416 1959 2444 1981 Ε·
2461 1963 2532 1991 3³³⁰·

1334 2004 1431 2036 Terris
1444 2004 1570 2035 laudibus
1579 2027 1589 2042 ,
1607 2003 1642 2034 ὃ(
1656 2002 1750 2032 statuit
1765 2012 1782 2031 a
1796 1998 1903 2030 Christi
1921 1999 2059 2030 Fidelibiis
2074 1997 2265 2028 honorandos.
2415 2000 2445 2029 5·

1369 2043 1461 2082 Sane,
1479 2042 1598 2073 Nobilis
1612 2039 1720 2072 Christi
1735 2038 1821 2071 Miles
1836 2039 1869 2069 &
1888 2038 2015 2074 Athleta,
2034 2036 2266 2079 Consanguineus
2284 2034 2399 2079 noster,

1335 2082 1417 2113 clarae
1439 2082 1588 2112 memoriae
1599 2104 1609 2118 ‚
1628 2079 1761 2110 Thomas
1774 2076 1919 2116 quondam
1935 2074 2046 2106 Comes
2062 2073 2249 2112 Lancastriae,
2269 2083 2401 2112 quantis,

1335 2122 1407 2151 intra
1427 2119 1624 2158 Supernorum
1647 2116 1767 2148 Civium
1787 2116 1929 2155 Agmina,
1944 2113 2118 2145 Coelestibus
2135 2113 2265 2143 Praemiis
2282 2112 2402 2156 illustre-

1335 2165 1398 2198 tur,
1416 2158 1522 2189 docent
1536 2156 1658 2187 mirifice
1674 2154 1838 2193 multiplicia
1851 2153 1886 2184 &
1901 2152 2021 2192 gloriosa
2038 2150 2247 2182 Miraculorum
2270 2152 2405 2189 insignia,

1338 2207 1402 2236 quae
1423 2197 1479 2235 ipse
1501 2196 1647 2227 Dominus
1668 2193 1862 2231 Omnipotens
1875 2216 1884 2230 ,
1909 2191 1944 2222 ad
1965 2190 2047 2231 ipsius
2064 2190 2297 2227 invocationem,
2320 2197 2404 2232 prout

1338 2237 1425 2267 Fama
1445 2234 1562 2266 Publica
1584 2234 1707 2264 notoriat
1719 2254 1730 2271 ,
1755 2232 1788 2262 &
1809 2230 1933 2262 creditur
1945 2228 2136 2267 proculdubio
2150 2228 2214 2259 fore
2227 2237 2345 2265 verum,
2361 2236 2405 2258 in-

1337 2273 1395 2306 dies
1408 2272 1622 2305 misericorditer
1635 2280 1786 2310 operatur3
2029 2305 2035 2312 ⁶
2221 2305 2227 2311 ι
2282 2305 2286 2310 .
2327 2304 2332 2310 '

1374 2313 1436 2353 Qi
1448 2337 1458 2351 ,
1481 2312 1552 2343 dum
1571 2312 1641 2342 vixit
1655 2333 1666 2349 ,
1692 2310 1764 2340 sicut
1783 2308 1919 2339 veraciter
1940 2315 2101 2344 accepimus
2114 2328 2124 2343 ,
2145 2304 2241 2335 Donis
2256 2303 2352 2342 Fidei,
2368 2311 2403 2335 ac

1337 2351 1460 2383 Morum
1473 2348 1628 2381 eminentia
1642 2348 1813 2379 laudabiliter
1829 2346 1989 2383 insignitus,
2004 2345 2118 2374 Pietatis
2130 2343 2309 2373 habundabat
2318 2341 2403 2381 Ope-

1335 2391 1428 2427 ribus,
1446 2399 1479 2420 ac
1497 2388 1621 2427 quadam
1634 2387 1732 2417 floruit
1766 2384 1935 2423 raerogativa
1949 2382 2114 2414 constantia:
2131 2382 2290 2421 singularis,
2305 2381 2341 2410 ad
2350 2391 2403 2412 cu-

1332 2429 1377 2467 jus
1392 2428 1558 2459 Tumulum
1570 2426 1604 2458 &
1617 2425 1718 2456 locum
1757 2423 1868 2455 affionis
1884 2430 2002 2453 currunt
2016 2421 2179 2452 catervatim
2196 2418 2305 2450 Christi
2320 2418 2404 2449 Fide-

1337 2468 1376 2498 les
1397 2467 1541 2497 innumeri
1555 2489 1565 2503 ,
1589 2465 1644 2495 ini
1667 2464 1717 2494 sius
1736 2471 1867 2492 amorem
1890 2461 1923 2492 &
1948 2459 2093 2490 honorem
2110 2458 2236 2495 accensi,
2256 2462 2409 2502 cernentes

1338 2505 1478 2537 Beneficia
1492 2528 1502 2544 ,
1526 2510 1591 2542 quae
1607 2502 1640 2533 In
1661 2503 1728 2532 rmis
1739 2500 1827 2532 indies
1839 2499 1967 2535 ibidem,
1983 2507 2034 2536 per
2050 2497 2108 2527 Dei
2123 2498 2275 2535 virtutem,
2294 2496 2409 2526 mirabie

1336 2545 1400 2575 litei·
1422 2544 1482 2574 sunt
1503 2542 1604 2573 collata
1617 2564 1626 2580 ,
1646 2550 1711 2579 quae
1725 2539 1759 2569 ad
1773 2537 1873 2570 vestrae
1888 2537 2046 2580 Sanctitatis
2063 2534 2258 2579 Clementiam
2268 2535 2342 2573 ,jain
2354 2534 2407 2579 ἧς·

1338 2591 1370 2613 ut
1390 2581 1494 2621 pluries
1508 2604 1518 2620 ,
1544 2582 1574 2611 in
1593 2580 1652 2610 tam
1672 2578 1787 2609 famosae
1808 2577 1849 2608 rei
1873 2575 2051 2606 Probanonis
2074 2573 2312 2612 Adminiculum,
2327 2573 2408 2604 duxi·

1337 2627 1401 2652 mus
1415 2619 1593 2651 deducenda:
2129 2651 2137 2658 ι
2317 2649 2323 2654 ⁸

1374 2657 1486 2690 Vestrae
1500 2656 1666 2689 Beatitudini
1681 2655 1826 2686 humiliter
1841 2652 2041 2692 supplicantes,
2058 2659 2208 2696 quatinus,
2226 2656 2336 2694 attentis
2351 2646 2405 2694 Fa·

1338 2708 1396 2729 mae
1414 2697 1578 2729 communis
1596 2697 1630 2727 &
1643 2695 1760 2725 celebris
1776 2691 1954 2724 attestatione
1968 2691 2129 2721 devotionis
2146 2688 2268 2732 Populi,
2286 2697 2319 2731 ac
2336 2687 2408 2730 Pre-

1337 2747 1406 2768 curn
1429 2735 1590 2767 nostrarum
1606 2757 1616 2774 ,
1640 2733 1824 2764 Praelatorum
1840 2754 1849 2769 ‚
1876 2732 1909 2762 &
1933 2730 2091 2759 Procerum
2111 2726 2210 2764 Regni
2225 2725 2314 2769 nostri
2330 2724 2407 2769 adje-

1338 2776 1454 2813 ctione,
1471 2775 1550 2812 super
1573 2774 1630 2804 hoc
1651 2773 1753 2803 totiens
1776 2769 1918 2800 humiliter
1938 2769 2019 2798 vobis
2040 2766 2193 2810 factarum,
2210 2764 2244 2795 ad
2259 2773 2405 2808 inquiren-

1339 2815 1425 2853 dum,
1441 2814 1521 2851 super
1534 2810 1680 2851 praemiffis
1696 2833 1706 2848 ,
1731 2808 1896 2839 auetoritate
1918 2804 2104 2843 Apostolica,
2123 2812 2288 2841 veritatem,
2306 2802 2406 2841 digne-

1339 2861 1383 2884 tur
1404 2853 1536 2883 consueta
1556 2850 1648 2881 vestra
1669 2848 1738 2879 Beni
1780 2847 1827 2876 itas
1846 2846 1954 2884 aliquos
1971 2844 2054 2874 Viros
2068 2842 2186 2886 idoneos
2201 2841 2352 2885 deputare,
2371 2847 2403 2872 ut

1339 2892 1394 2929 sic,
1409 2884 1560 2921 habita'de
1578 2889 1660 2918 tantis
1674 2887 1733 2917 Dei
1767 2884 1905 2922 eneficiis,
1921 2892 1972 2952 im
1986 2881 2202 2920 Inquiiitionem
2221 2880 2406 2925 diligentem,

1338 2928 1506 2960 certitudine
1521 2927 1656 2966 pleniori,
1673 2925 1789 2962 procedi
1806 2921 1890 2962 possit
1903 2932 1920 2952 u
1933 2922 2033 2959 terius,
2050 2920 2083 2951 &
2100 2919 2193 2964 statim
2203 2928 2286 2962 >circa
2303 2915 2404 2960 Cano-

1339 2968 1514 2999 nizationem
1538 2964 1646 2996 Christi
1667 2962 1771 2994 Militis
1793 2961 1945 2992 memorati
1958 2958 2049 2998 (quod
2066 2957 2403 3003 Canonicisconvenerit

1340 3006 1476 3037 Institutis
1510 3004 1544 3034 ad
1566 3002 1680 3036 laudeni
1696 3000 1754 3032 Dei
1802 3000 2000 3030 exaltationem
2022 2997 2117 3035 Fidei,
2135 2997 2169 3026 ὃς
2183 2994 2400 3026 aedlficationem

1340 3043 1444 3083 Populi
1467 3006 1640 3080 Christiani,
1658 3041 1691 3072 &
1713 3049 1743 3071 ut
1761 3026 1848 3076 digne
1863 3039 1891 3068 in
1908 3037 2020 3068 laudem
2034 3036 2068 3067 &
2084 3035 2255 3065 memoriam
2268 3032 2401 3062 habeatur

1339 3083 1504 3114 Hominum
1540 3083 1587 3119 qui
1599 3081 1634 3110 ad
1649 3079 1748 3119 gaudia
1764 3076 1887 3109 transisse
1902 3076 2025 3108 creditur
2039 3074 2226 3111 Angelorum.
2316 3109 2321 3114 ι
2359 3108 2364 3113 ⁶
2379 3108 2384 3113 ι
2418 3102 2434 3118 n
2502 3104 2504 3107 .

1380 3124 1397 3140 '¹‘
1414 3119 1461 3151 Ad
1476 3107 1650 3159 praemissum
1662 3126 1756 3148 autem
1771 3117 1918 3155 negotium
1933 3112 2158 3153 prosequendum
2168 3134 2177 3148 ,
2195 3111 2228 3141 &
2242 3117 2323 3152 omni
2337 3105 2400 3137 dili-
2449 3101 2504 3129 IV·

1362 3159 1437 3190 entia
1458 3158 1515 3189 fieri
1533 3155 1744 3198 procurandum
1758 3178 1769 3195 ,
1788 3155 1920 3186 Dilettos
1935 3151 2064 3184 Clericos
2084 3148 2195 3180 nostros
2231 3145 2403 3187 Magistros,
2416 3149 2485 3177 42²·

1341 3169 1503 3232 {Valterum
1518 3197 1553 3227 de
1569 3195 1668 3234 Butley
1682 3195 1776 3226 Sacrae
1790 3194 1904 3232 Paginae
1919 3189 2112 3222 Professorem
2121 3210 2130 3225 ‚
2139 3171 2358 3230 ⁴&johannem
2365 3184 2401 3215 de

1341 3237 1492 3275 Thoresby
1510 3233 1694 3266 Canonicum
1715 3232 1850 3264 Suthwell
1863 3255 1873 3270 ,
1890 3230 1924 3260 ad
1940 3229 2039 3260 vestrae
2051 3226 2207 3269 Sandhtatis
2223 3223 2398 3267 praesent-iam

1341 3276 1472 3306 duximus
1490 3272 1686 3304 destinandum
1700 3284 1710 3310 ς
1756 3281 1808 3301 uos
1821 3294 1831 3308 ,
1849 3270 1867 3300 si
1883 3270 1972 3311 placet
1978 3290 1988 3311 ‚³
2005 3265 2113 3309 adhoc
2129 3265 2254 3302 benigne
2270 3262 2401 3292 admitte-

1342 3324 1389 3353 re,
1407 3313 1500 3352 eisque
1511 3313 1614 3343 favoris
1628 3312 1736 3350 plenitu
1757 3311 1834 3340 inem
1848 3310 2000 3346 impertiri,
2019 3304 2151 3342 dignetur
2165 3301 2257 3334 vestra
2275 3299 2402 3338 Apostoe

1344 3353 1396 3384 lica
1408 3351 1585 3383 Sanetitudo.

1381 3412 1550 3459 Conservet,
1564 3421 1625 3452 &c.

1383 3490 1453 3529 Dat.
1471 3497 1545 3537 apud
1560 3495 1771 3536 Wyntoniam,
1787 3491 1907 3530 septimo
1923 3488 1969 3520 die
1984 3486 2089 3519 Martii.

1519 3623 1577 3654 Pro
1592 3618 1719 3666 praefata
1734 3615 1968 3651 canonizatione
1984 3607 2028 3643 ad
2046 3605 2232 3642 Cardinales.

1348 3706 1412 3768 V
1422 3704 1563 3736 Enerabili
1577 3705 1604 3734 in
1621 3701 1739 3733 Christo
1753 3699 1829 3730 Patri
1868 3697 2000 3728 Domino
2014 3693 2048 3724 P.
2066 3691 2124 3724 Dei
2139 3691 2243 3736 gratia,
2261 3689 2407 3735 Episcopo
2425 3697 2501 3731 Am„
2514 3696 2549 3730 D

1431 3743 1595 3774 Penestrino
1612 3764 1622 3784 ἓ
1646 3741 1679 3772 &
1700 3738 1812 3770 Sancte
1835 3721 1977 3767 Pomanae
1997 3731 2132 3764 Ecclefiae
2154 3730 2409 3768 Vicecancellario,
2448 3747 2535 3779 1330,

1348 3783 1456 3813 Amico
1471 3784 1520 3812 suo
1533 3781 1693 3816 carissimo,
1710 3774 1882 3821 Edwardtis,
1899 3773 2000 3804 eadem
2012 3771 2113 3811 gratia,
2131 3768 2197 3800 Rex
2205 3769 2332 3809 Angliae,
2350 3769 2411 3801 &c.
2427 3780 2478 3806 An.
2491 3787 2524 3813 4,

1348 3820 1493 3858 Salutem,
1511 3820 1544 3850 ὃ(
1562 3819 1676 3848 sincerae
1690 3815 1848 3846 diledhonis
1863 3811 2011 3856 assedium.
2427 3820 2454 3844 E⁶
2480 3824 2507 3851 3⁴

1391 3859 1463 3889 Earn
1486 3858 1523 3887 de
1546 3856 1638 3886 vestra
1658 3855 1812 3885 sinceritate
1832 3851 1963 3894 fiduciam
1980 3856 2172 3886 reportamuS,
2188 3845 2268 3884 quod
2282 3855 2329 3885 m,
2348 3854 2413 3889 quae
2427 3854 2531 3883 mag„

1352 3897 1456 3927 nostris
1472 3896 1610 3926 inhaerent
1625 3892 1804 3938 praecordiis,
1822 3889 1976 3928 praesertim
1993 3896 2062 3918 cum
2083 3886 2171 3917 decus
2185 3884 2320 3916 Ecclesiae
2332 3888 2415 3922 teipi-

1350 3929 2030 4009 “esni‘fzxaz⁰¹‘3n2fl33ss'et52‘33‘3332‘33
2063 3961 2233 4003 Magistros,
2250 3960 2415 3992 waterus„

1354 4012 1390 4042 de
1405 4011 1504 4050 Butley
1520 3995 1614 4040 Sacra':
1628 4008 1743 4045 Paginae
1756 4004 1971 4044 Profefforem,
1984 3987 2197 4042 &johannem
2215 4002 2253 4033 de
2264 3997 2416 4036 Thoresby

1356 4049 1542 4083 canonicum
1556 4046 1709 4085 strumen.
2373 4067 2422 4103 M
