2562 4279
695 182 807 225 ET
889 175 1153 220 ACTA
1235 172 1711 215 PUBLICA.

1245 259 1329 290 totius
1346 257 1451 297 Populi
1472 259 1491 277 *ὅ
1511 257 1663 288 Christiani
1675 282 1685 295 ‚
1710 257 1744 288 &
1765 253 1900 289 evitandis
1911 254 2058 295 periculis,
2075 263 2140 294 quae
2155 256 2190 285 ex
2204 253 2302 286 Guer-
2320 249 2398 281 Arm·
2408 249 2449 281 D.

1244 307 1337 327 rarum
1353 297 1529 327 Turbinibus
1544 304 1675 333 poterunt
1689 297 1809 326 evenire.

0 278 72 309 Ann.
82 274 124 306 D.

18 323 102 355 133¹·

0 356 61 384 Ην·
83 361 109 390 3·
145 358 204 395 Ad
229 361 372 392 Comitem
396 355 583 398 Hollandiae,
601 355 693 400 fhper
721 351 883 434 Cl⁷0mra3u
912 348 1115 383 Matrimonii
1132 356 1202 377 cum

555 407 671 437 Comite
687 404 729 435 Ge
744 404 800 433 riae.

1 507 43 534 An
60 511 89 538 5.
210 492 286 533 EX,
313 492 420 523 Nobili
442 490 532 528 Viro,
556 488 690 519 Domino
709 485 762 516 W.
784 483 896 527 Comiti
914 481 1076 525 Hanoniae,
1093 477 1206 509 Holan-

0 547 20 572 Σ
48 526 72 567 ’.
227 532 298 571 diae,
316 529 468 567 Selandiae‚
484 531 517 560 &
537 527 671 558 Domino
693 524 800 561 Frisiae,
818 522 893 553 Patri
914 520 963 550 suo
977 518 1139 555 cariffimo,
1158 516 1208 546 Sa-

0 551 86 614 clais.
147 571 235 602 lutem
246 594 255 609 ,
273 572 306 602 &
318 570 432 601 sincerae
445 567 602 597 dilectionis
616 564 788 596 continuum
803 562 1023 604 incrementum.
1151 593 1155 598 ι

0 627 27 656 5.
41 621 71 644 E.
89 625 115 652 3.
222 609 287 640 uam
301 607 453 647 prudenter
465 606 498 636 δε
521 605 652 641 discrete,
674 599 851 632 Venerabiles
871 597 951 635 Viri,
966 596 1042 626 Otto
1062 594 1210 625 Dominus

534 642 701 680 Praepolitus
714 640 742 668 in
764 635 892 668 Ecclesia
909 634 1100 673 Trajecstensi,
1120 630 1211 661 Nun-

0 663 24 695 ρ.
41 665 67 683 2.
84 663 120 681 m.
152 647 189 678 de
202 648 308 687 (ΛΥΚ,
325 648 358 678 &
373 644 520 685 Rycoldus
653 678 716 708 Viri
729 701 739 715 ‚
768 676 904 706 Domino
927 672 1067 712 Reynaldj
1085 670 1211 701 Comitis

5 705 16 723 i
22 703 47 732 3.
61 693 114 721 dor.
153 687 191 716 cii
210 686 243 718 &
263 685 464 716 Procuratores
479 707 488 720 ,
514 677 633 726 Nobilis
745 715 751 721 ⁴
1139 709 1143 714 .

154 723 319 757 Gherlenfis
338 723 374 755 δί
392 719 623 760 Zutphaniensis,
639 717 674 747 N
711 724 769 745 otia
788 715 868 755 super
881 711 1042 743 Contradiu
1057 710 1213 754 Matrimo-

154 764 220 793 niali
235 764 299 801 (pro
311 763 388 800 cujus
400 762 516 791 tractatu
530 757 678 787 nobiscum
711 752 838 790 abendo,
857 751 892 782 de
907 750 1049 796 Mandato
1063 748 1132 778 dieti
1147 746 1214 776 Do-

154 802 227 832 mini
248 800 390 838 Comitis,
408 798 442 829 ad
461 807 514 827 nos
526 794 676 830 venerunt)
694 793 796 822 fuerint
809 791 964 829 prosecuti,
981 785 1215 832 ipsorum-Nun-

154 841 267 870 ciorum
279 838 441 878 prudentia,
458 845 507 874 per
521 833 658 864 effectum
670 831 761 869 operis
781 829 1012 868 subsequentem,
1030 826 1154 858 crebrius
1175 832 1217 854 at-

168 878 278 908 estatur.

155 886 167 909 t
193 916 280 946 Dicta
300 922 422 951 namque
440 911 585 950 Negotia,
608 909 643 939 ad
666 908 808 939 honorem
830 905 984 943 Altisfimi,
1008 912 1040 948 ut
1060 902 1216 941 speramuS‚

156 952 219 985 sunt
232 955 350 986 feliciter
362 949 504 989 expedita,
524 956 609 987 prout
623 946 708 978 iidem
724 946 836 990 Nuncii
848 945 954 989 plenius
971 944 1052 987 vobis
1075 949 1217 979 exponere

158 1000 292 1031 poterunt
311 989 377 1021 viva
396 998 489 1026 voce,
505 987 584 1025 quod
604 986 715 1016 dilecta,
727 985 888 1015 Paternitati
902 982 1004 1015 vestrae
1017 980 1153 1011 insinuare
1167 988 1218 1008 cu-

157 1041 251 1062 ramus
262 1028 420 1060 nostrarum
436 1027 597 1057 Literarum
615 1035 664 1063 per
678 1033 818 1056 tenorem.
1052 1059 1056 1064 ·
1177 1056 1183 1061 .
1200 1056 1204 1061 ,

197 1069 228 1100 Si
249 1076 313 1106 quae
331 1068 403 1097 vero
426 1065 570 1097 volueritis
583 1074 668 1102 penes
689 1073 760 1102 nos,
777 1062 875 1100 nobis,
891 1060 911 1091 si
923 1060 1032 1099 placet,
1049 1057 1219 1088 insinuabitis

9 1155 27 1173 ο
43 1156 97 1182 1v,
120 1123 123 1125 Δ
158 1104 468 1182 νζωΙῖιεξξὲΐρετίταῑε
487 1143 520 1174 &
542 1142 655 1172 honore
676 1150 729 1172 vos
752 1139 900 1171 conservet
924 1137 958 1168 &
971 1143 1098 1175 protegat
1111 1134 1223 1165 dextera

10 1201 76 1230 50²·
159 1182 335 1214 Conditoris.

198 1260 266 1291 Dat.
286 1258 360 1298 apud
375 1257 564 1296 Windesore,
579 1257 718 1289 vicesimo
731 1253 854 1286 secundo
868 1252 916 1284 die
931 1251 1079 1282 Oc‘tobris.

200 1336 314 1368 Eodem
329 1335 420 1367 modo
434 1336 560 1366 scribitur
576 1333 688 1365 Comiti
703 1330 852 1363 Gherlensi
866 1331 900 1362 &
917 1326 1128 1367 Zutphanicnfi.

227 1479 287 1510 Pro
308 1479 392 1509 Petro
409 1474 445 1509 de
461 1478 590 1508 Mortuo
613 1476 726 1513 Mari,
751 1472 854 1506 Sanni
874 1469 1016 1518 Stephani
1034 1472 1065 1502 in
1082 1468 1175 1501 Coelio'

545 1526 657 1557 Monte
678 1521 849 1555 Carditmli.

19 1617 96 1648 Ann.
110 1614 153 1645 D.
173 1608 292 1665 REX
313 1609 447 1640 omnibus
467 1607 577 1640 Ballivis
599 1609 633 1640 &
657 1606 798 1638 Fidelibus
818 1606 886 1644 suis,
905 1604 940 1635 ad
961 1613 1052 1643 quos,
1070 1602 1131 1633 &c.
1155 1599 1232 1631 Salu-

19 1663 127 1730 2¹33?-
208 1658 319 1725 Cutiiim,⁴
339 1685 514 1731 Venerabilis
532 1685 633 1730 i‘ater,
647 1683 800 1729 ’Dominus
820 1681 919 1726 Petrus
939 1681 974 1711 de
997 1679 1120 1724 Mortuo
1141 1676 1234 1716 Mari,

21 1738 51 1761 Ε.
72 1742 98 1769 3.
170 1723 263 1757 Tituli
275 1725 515 1764 Saneh-Stephani
531 1735 561 1768 ¹¹¹.
574 1723 674 1754 Coelio
688 1722 795 1753 Monte
817 1722 956 1766 Presbiter
978 1718 1150 1752 Cardinalis,
1168 1714 1230 1760 assi-

18 1774 78 1800 ναι.
88 1779 114 1805 5.
124 1773 153 1797 Ε.
171 1766 315 1804 gnaverit,
330 1763 479 1794 Dilectum
493 1763 593 1800 nobis,
612 1761 772 1799 Hugonem
789 1759 913 1790 Preissak
928 1758 963 1789 ad
978 1757 1110 1796 quaedam
1124 1764 1238 1795 negotia

22 1815 82 1847 3.p.
92 1819 117 1836 2.
171 1804 217 1834 sua
229 1803 300 1833 infra
314 1802 449 1841 Regnum
463 1801 592 1832 nostrum
609 1798 853 1843 prosequendum,
871 1799 904 1829 &
919 1797 995 1842 idem
1011 1796 1113 1840 Hugo·
1129 1802 1236 1839 metuat

22 1857 60 1877 m.
74 1857 101 1884 7.
171 1842 199 1872 se
222 1851 278 1886 per·
293 1841 444 1880 quosdam,
461 1839 613 1870 occasione
632 1839 837 1869 Prosecutionis
858 1836 1021 1875 praediffle,
1036 1842 1181 1873 inquietari
1203 1833 1237 1863 &

206 1890 279 1910 avari

170 1890 295 1955 ngos',
313 1917 439 1947 volentes
454 1915 602 1955 praefatum
618 1915 799 1946 Cardinalem
824 1912 1080 1982 Favorehprosequi
1101 1909 1237 1955 gratioso,

170 1956 338 1993 suscepimus
358 1955 449 1992 ipsum
470 1954 648 1993 Hugonem,
668 1956 697 1984 in
718 1952 915 1992 prosequendo
967 1952 1058 1991 egotia
1072 1951 1153 1987 ipiius
1166 1947 1241 1979 Car-

172 1994 271 2025 dinalis
287 1993 438 2033 praedieta,
456 1994 484 2023 in
497 1993 734 2031 Proteeiionem,
753 1994 786 2023 &
803 1991 1009 2022 Defenfioncm
1022 1988 1166 2028 nostram,
1179 1988 1240 2027 spe-

175 2033 275 2064 cialem
285 2054 295 2071 ,
317 2032 376 2066 &c.
390 2039 472 2070 prout
488 2036 516 2060 in
530 2031 654 2070 ejufinodi
670 2034 783 2061 Literis.

211 2069 247 2101 In
262 2072 355 2108 cujus,
373 2071 434 2101 &c.
453 2080 502 2108 per
518 2080 608 2100 unum
624 2070 742 2100 Annum
758 2068 908 2100 duraturas.

212 2153 306 2186 Teste
321 2153 401 2194 Rege
414 2153 487 2202 apud
502 2153 647 2192 Odiliam,
665 2152 801 2185 vicesimo
819 2154 921 2192 quinto
935 2150 982 2182 die
995 2149 1143 2181 Odiobris.

679 2233 733 2260 Per
748 2233 841 2260 Breve
856 2231 888 2260 de
903 2232 1022 2259 Privato
1035 2226 1137 2265 Sigillo.

200 2366 259 2402 Ad
273 2368 388 2414 Papam
399 2393 409 2409 ‚
428 2366 520 2413 super
537 2371 636 2400 variis
662 2369 816 2414 Negotiis,
841 2370 878 2405 &
899 2365 935 2400 de
954 2366 1128 2412 Alligantia
1150 2376 1221 2399 cum

600 2419 678 2463 Rege
693 2418 836 2449 Franciae.

39 2524 115 2557 Am·
123 2522 164 2554 D·
180 2498 351 2570 ΡΑΙῙΞειῖεῈῑΙ
370 2500 684 2585 ὲὲἓεῗξὲἱῗῖἓᾶῐηξεῗυέἓ
697 2501 1173 2584 ἓξὲἓξεξίὲἔεέἓίῗεῗῖεκρςάἰῖίοηε,
1189 2538 1247 2569 Di-

55 2572 142 2603 1331.
185 2577 329 2623 ledbrum
350 2579 383 2609 &
406 2578 544 2623 Fidelium
566 2579 732 2610 nostrorum
747 2602 756 2618 ,
784 2578 915 2619 Magistri
929 2576 1045 2609 Ricardi
1058 2577 1097 2621 de
1109 2577 1196 2622 Bury,
1215 2579 1248 2609 &

36 2607 88 2633 ἰη’
106 2611 133 2637 5·
186 2616 307 2661 Antonii
320 2616 355 2647 de
369 2616 505 2655 Pesaigne
520 2617 623 2649 Militis
640 2619 724 2661 (quos
738 2627 827 2654 nuper
841 2617 875 2647 ad
890 2616 989 2660 vestrae
1002 2616 1161 2647 Sanctitans
1177 2627 1249 2655 prae—

37 2645 68 2670 E'
88 2650 114 2678 3·
184 2655 300 2686 sennam
316 2680 326 2693 ,
350 2665 403 2693 pro
428 2656 593 2694 quibusdam
607 2655 710 2686 nostris
723 2655 843 2686 Secretis
860 2656 911 2686 Ne
931 2656 1014 2692 otiis,
1034 2655 1245 2693 transmisimus)

35 2683 106 2746 lgm·
114 2688 151 2744 ἐς*
186 2694 219 2725 &
232 2694 360 2725 laudabili
373 2695 492 2724 consilio
506 2695 585 2733 quod
600 2695 699 2733 nobis,
716 2694 796 2732 super
810 2696 891 2725 certis
937 2694 1056 2724 rticulis.
1076 2703 1148 2731 quos
1160 2694 1247 2724 iidem

38 2738 69 2784 ι’·
81 2727 106 2754 3·
144 2738 151 2745 ·
186 2732 303 2763 Nuncii
323 2731 410 2762 nostri
432 2733 531 2763 vestrae
553 2732 761 2764 Mansuetudini
777 2733 979 2771 exposuerunt,
997 2741 1030 2762 ex
1044 2741 1120 2770 parte
1134 2732 1249 2771 nostra,

187 2770 277 2801 vestra
300 2769 418 2800 Paterna
433 2770 664 2809 Circumspeffio
684 2772 794 2802 dienata
816 2771 858 2802 est
873 2772 1024 2809 impartiri,
1043 2781 1110 2809 quas
1125 2771 1250 2802 valemus

187 2810 221 2840 &
235 2808 390 2840 sufficimus
404 2808 504 2838 vestiae
518 2809 687 2841 Beatitudini
703 2797 868 2841 Ciratiarum
883 2810 1029 2841 referimus
1045 2810 1193 2841 Aetiones.

225 2847 334 2878 Vestrae
348 2845 519 2877 Clementiae
532 2848 691 2878 intimantes
713 2848 791 2886 quod
812 2849 955 2880 Articulos
977 2848 1058 2886 illos,
1073 2849 1150 2886 juxta
1164 2848 1249 2879 vestri

187 2886 377 2929 maturitatem
386 2884 504 2916 Consilii
513 2909 522 2924 ,
538 2887 568 2916 in
580 2887 715 2917 omnibus
731 2895 825 2917 tenere
839 2889 872 2919 &
888 2887 1035 2917 observare
1049 2888 1250 2927 proponimus,

188 2922 325 2967 Domino
343 2923 508 2964 suffragante
522 2947 531 2963 ,
557 2934 588 2956 ut
610 2926 671 2955 illos
685 2948 696 2963 ,
721 2935 792 2963 quos
817 2927 951 2956 sentimus
965 2949 974 2964 ‚
989 2927 1023 2957 ὃς
1036 2926 1251 2966 cognoscimiis,

187 2962 268 2992 utiles
283 2961 399 2993 existere
414 2972 465 3000 pro
477 2963 560 2993 nobis
570 2987 578 3000 ,
597 2964 629 2994 &
643 2963 757 3001 Populo
773 2964 868 3003 Regni
884 2964 982 2995 nostri.

226 3000 264 3030 Et
277 3000 345 3030 scire
355 3000 486 3039 dignetur
502 3001 612 3040 insuper
628 3002 722 3032 vestra
734 3003 902 3041 Sinceritas,
922 3002 1000 3040 quod
1011 3002 1079 3032 Nos
1092 3002 1202 3033 Statum
1218 3005 1252 3034 ὃς

187 3036 346 3082 Honorem
370 3038 515 3070 cariffimae
530 3039 670 3071 Dominae
689 3041 722 3071 &
741 3041 844 3072 Matris
865 3040 988 3078 nostrae,
1007 3041 1115 3079 modo,
1135 3052 1194 3079 quo
1211 3043 1255 3072 di-

189 3077 242 3120 etis
263 3076 364 3121 nostris
384 3076 419 3107 N
422 3079 510 3108 unciis
524 3101 534 3116 ,
558 3079 639 3111 sicuti
657 3080 740 3111 nobis
757 3080 926 3118 retulerunt,
944 3079 1120 3110 consulendo
1137 3080 1254 3112 manda-

191 3114 240 3158 stis
255 3138 264 3152 ,
288 3114 470 3159 disposuimus
484 3139 493 3154 ‚
512 3118 544 3147 &
558 3117 594 3148 de
609 3127 738 3156 tempore
751 3119 780 3148 in
795 3126 924 3159 tempus,
941 3126 1026 3157 prout
1042 3117 1190 3149 Dominus
1207 3119 1253 3149 in—

190 3154 348 3196 spiraverit,
363 3157 552 3198 proponimus
565 3156 601 3187 de
615 3158 696 3188 bono
711 3158 739 3186 in
753 3157 852 3187 melius
865 3156 1024 3187 emendare⁴

230 3190 433 3235 ordinavimus
450 3193 557 3232 infiiper
577 3203 670 3226 certos
691 3194 798 3226 Fideles
819 3195 931 3226 nostros
944 3195 978 3226 ad
992 3194 1113 3226 Terram
1126 3195 1254 3230 nostram

192 3228 343 3274 Hiberniae
358 3254 371 3273 ἶ
387 3240 445 3275 'pro
468 3234 668 3265 reformatione
689 3233 783 3265 Status
804 3235 923 3272 ejusdem
937 3257 946 3272 ‚
962 3233 1089 3264 celeriter
1102 3234 1256 3274 destinare,

191 3277 269 3307 Justta
284 3266 450 3314 Consilium
458 3270 540 3314 quod
553 3272 655 3304 eisdem
670 3271 796 3303 Nunciis
814 3273 916 3304 nostris
931 3272 1113 3310 impendistis

233 3305 383 3352 Caeterum
409 3307 624 3352 deliberavimus
652 3311 790 3342 destinare
817 3311 852 3342 ad
881 3311 1054 3349 praesentiam
1071 3335 1080 3349 ,
1107 3311 1257 3349 Magnifici

194 3345 333 3383 PrinCipis
347 3368 356 3384 ,
374 3345 630 3390 'RegistFranciae,
648 3348 860 3389 Consanguinei
882 3350 973 3381 nostri
983 3350 1129 3388 cariffimi,
1148 3351 1258 3381 Fideles

196 3386 230 3416 &
243 3384 414 3428 Secretarios
428 3385 560 3425 nostros„
572 3387 721 3424 videlicet,
739 3388 938 3419 Venerabilem
953 3389 1082 3427 Patrem,
1097 3389 1257 3428 johannem

194 3422 367 3461 Episcopum
385 3422 625 3460 wyntoniensem
646 3425 855 3457 Cancellarium
877 3427 1025 3465 nostrum,
1045 3428 1206 3459 Henricum
1221 3428 1258 3459 de

195 3461 276 3492 Bello
301 3460 405 3492 Monte
429 3460 684 3502 Consauguineum
704 3463 832 3494 nostrum
848 3487 858 3503 ,
884 3464 1076 3496 Guilielmuin
1092 3466 1258 3498 Dominum

195 3500 234 3531 de
246 3499 354 3532 Monte
370 3500 480 3538 Aemo,
499 3501 696 3538 &praefatum
712 3502 872 3533 Antonium
881 3525 895 3541 ,.
909 3503 1018 3534 Milites
1032 3504 1160 3544 nostrOS,

233 3539 280 3570 Ad
301 3538 478 3569 trakstandiim
501 3549 568 3569 cuin
589 3540 705 3578 praefato
724 3541 806 3580 Rege
821 3564 831 3580 ,
849 3542 908 3571 tam
922 3541 950 3571 su
973 3551 1002 3571 er
1014 3542 1150 3574 Generali
1165 3543 1260 3576 Passa-

195 3578 266 3616 gio,
281 3578 368 3616 quam
388 3579 466 3615 super
488 3578 706 3621 Alligationibus
720 3602 730 3618 ,
748 3581 820 3610 inter
833 3580 924 3619 ipsum
938 3551 971 3609 lg
1005 3590 1052 3611 em
1066 3583 1100 3612 &
1115 3582 1183 3612 Nos
1197 3584 1260 3621 (per

199 3616 307 3649 Foedus
323 3616 504 3654 Conjugale,
519 3617 666 3655 videlicet,
683 3619 756 3648 inter
769 3618 869 3649 Filiam
883 3618 964 3656 ipfius
1012 3620 1086 3659 egis,
1105 3621 1138 3651 &
1154 3620 1259 3653 Filium

197 3653 338 3689 nostrum.
347 3655 591 3691 Primogenitum)
608 3656 735 3686 ineundis
742 3681 752 3694 ,

197 3730 226 3763 Α
236 3693 283 3738 Ac
296 3694 380 3738 etiam
391 3694 471 3732 super
486 3695 541 3724 aliis
554 3693 707 3733 Negotiis,
725 3696 957 3735 contingentibus
965 3695 1114 3727 Ducatum
1128 3697 1259 3729 nostrum

247 3741 379 3770 uitamae,

263 3779 274 3801 t
286 3770 320 3800 ad
333 3781 381 3810 ea,
400 3781 464 3809 quae
477 3771 588 3802 trac‘tata
603 3770 723 3809 fuerint,
741 3781 790 3809 per
805 3771 865 3803 Dei
879 3774 1012 3812 gratiam,
1030 3773 1238 3811 complendum
1248 3799 1258 3814 ,

198 3807 233 3838 δί
246 3808 366 3842 effectui
377 3811 615 3848 mancipandum,
977 3847 979 3849 Ι

236 3844 377 3891 Enetum
394 3849 522 3887 praediCti
545 3849 579 3879 N
584 3849 658 3879 uncii
680 3847 769 3878 nostri
788 3849 822 3879 ad
847 3851 1022 3886 praesentiam
1045 3850 1128 3887 ipsius
1147 3850 1235 3892 Regis
1247 3876 1258 3891 ,

199 3881 333 3928 Domino
348 3887 530 3931 'concedente
543 3911 554 3927 ,
578 3890 606 3918 in
625 3886 780 3926 Qindena
799 3887 872 3917 Festi
895 3887 1040 3918 Omnium
1060 3888 1232 3921 Sanctorum
1247 3914 1258 3930 ,

199 3930 332 3960 proximo
343 3935 402 3963 jam
415 3928 532 3957 venturi.

237 3958 352 3993 Placent
365 3964 452 4001 igitur
475 3965 633 4002 quaesumus
652 3964 751 3994 vestrae
765 3963 967 4002 Sanffitudini,
986 3965 1136 4003 praefatum
1151 3965 1259 3998 Domi-

199 4007 272 4042 ῐιμῐῐὶ
285 3998 414 4040 Regem,
430 4003 528 4034 vestris
542 4003 716 4041 Apostolicis
731 4003 852 4040 Lireris,
870 4003 961 4033 modo
979 4013 1037 4041 quo
1051 4004 1259 4043 placuerit,ex—

200 4045 302 4075 citare,
319 4046 366 4075 ut,
381 4040 562 4083 in.Tra<5katii
576 4043 609 4072 &
633 4042 719 4072 Finali
741 4041 932 4080 Expeditione
945 4042 1174 4082 praemifforum,
1189 4045 1259 4076 faci-

199 4073 257 4106 lem
271 4075 528 4111 &tbeiuvolumse
543 4080 655 4117 studeat,
667 4080 823 4119 exhibere,
849 4091 902 4119 pro
915 4080 1102 4120 tranquilitate
1113 4082 1148 4113 ὃς
1162 4085 1258 4122 quiete

2249 183 2300 223 71

1279 334 1318 364 Et
1340 334 1483 372 expediret
1498 356 1508 372 ,
1530 343 1561 364 ut
1576 333 1717 363 credimus
1729 358 1739 372 ,
1757 334 1839 364 Pater
1851 332 1968 371 Sancte,
1989 331 2070 377 quod
2083 331 2243 372 hujusmodi
2254 341 2305 363 ve-
2324 297 2439 365 Eld3123-xs·

1248 372 1313 403 strae
1327 373 1432 404 Literae
1446 395 1457 410 ,
1471 373 1501 402 in
1518 373 1612 409 primo
1626 371 1749 403 adventu
1760 372 1907 403 dierorum
1920 371 2111 403 Nunciorum
2124 370 2307 410 nostrorum,
2326 369 2340 383 ³*
2360 369 2414 395 IV·

1247 411 1479 449 praesentarentur
1495 409 1575 441 dieto
1590 409 1677 448 Regi.
2327 414 2394 443 503.

1285 448 1461 487 Conlervet‚
1475 449 1535 480 &c.

1286 524 1354 556 Dat.
1373 524 1446 563 apud
1460 503 1811 564 Wyndesorericefimo
1823 526 1924 563 quinto
1937 524 1982 556 die
1995 524 2144 556 Oitobris.

1342 603 1396 632 Pro
1412 604 1513 631 Comite
1528 601 1560 631 de
1572 599 1670 638 Julers
1685 601 1717 630 de
1732 600 1814 630 Feodo
1821 599 1873 638 fico
1884 609 1935 638 pro
1948 604 2068 632 servitio
2079 599 2220 640 sblvendo.
2329 582 2461 657 sslag‘s'pf‘

2333 670 2359 687 2.
2373 669 2408 687 m.
2422 668 2463 689 iz„

1289 677 1378 709 Teste
1394 676 1479 716 Rege
1494 675 1568 715 apud
1582 675 1709 707 Odiham
1718 700 1728 714 ,
1745 678 1828 708 tertio
1842 675 1888 706 die
1902 675 2087 708 Novembiis.

1424 804 1474 836 De
1495 801 1628 849 Paffagio
1646 803 1732 848 Regis
1747 804 1779 833 in
1798 798 1982 833 Hiberniam
1998 799 2152 835 meditato,

1330 886 1411 925 EX,
1429 887 1536 918 ducem
1549 888 1583 918 &
1598 886 1687 917 Fideli
1701 885 1767 924 su0,
1784 885 1947 916 Willielmo
1960 885 1996 914 de
2011 885 2121 925 Burgh,
2138 884 2316 918 ComitiUl-
2333 885 2410 916 Ann.
2425 884 2467 917 D.

1341 927 1444 965 toniae,
1462 926 1595 956 Salutem.
2365 933 2449 964 1331.

1296 963 1379 995 Cum
1394 987 1404 1002 ,
1426 975 1480 1003 pro
1502 964 1706 994 reformatione
1726 961 1820 993 Status
1842 961 1943 992 Terrae
1966 961 2070 991 nostrae
2091 961 2240 994 Hiberniae
2256 988 2266 1003 ,
2283 965 2317 996 &
2341 970 2391 993 Aa.
2407 973 2436 999 5.

1261 1001 1453 1034 stabilimento
1474 1002 1553 1033 Pacis
1575 1001 1679 1032 nostrae
1699 1001 1807 1031 ibidem
1821 1024 1831 1038 ,
1857 1001 2079 1030 ordinaverimus
2098 1000 2132 1029 ad
2155 1010 2241 1038 partes
2262 1003 2319 1033 illas
2340 1010 2368 1032 Ε.
2391 1014 2415 1040 3.

1261 1041 1439 1079 personaliter
1462 1042 1491 1071 in
1512 1042 1647 1081 proximo
1667 1039 1807 1079 proficisci
1823 1063 1832 1077 ,
1858 1039 1892 1069 &
1915 1038 1994 1076 super
2015 1038 2143 1076 diversis,
2162 1039 2319 1079 Pass’agiurn
2336 1042 2425 1079 Ciaus.
2443 1049 2471 1077 5.

1261 1080 1391 1111 nostrum
1408 1080 1442 1110 ad
1464 1089 1554 1118 partes
1574 1079 1631 1108 illas
1651 1078 1828 1117 tangentibus
1841 1102 1851 1115 ,
1877 1077 2010 1108 volumus
2022 1077 2131 1108 avobis
2144 1078 2321 1109 informatio-
2342 1087 2370 1109 Ε.
2381 1086 2472 1118 3.p.z.

1262 1128 1331 1150 nem
1345 1120 1466 1157 habere,
1484 1119 1517 1149 &
1531 1117 1681 1149 vobiscum
1694 1115 1759 1146 inde
1772 1116 1874 1146 habere
1886 1116 2065 1154 colloquium
2080 1116 2114 1146 &
2128 1116 2277 1147 traditarum
2286 1141 2296 1156 ,
2343 1130 2378 1147 m-
2397 1117 2473 1146 i2.d.

1301 1157 1422 1195 Propter
1438 1156 1533 1195 quod,
1551 1156 1658 1186 dile&o
1673 1156 1706 1186 &
1720 1154 1796 1184 fideli
1813 1153 1931 1192 nostro,
1950 1154 2079 1184 Antonio
2100 1153 2137 1184 de
2151 1154 2232 1195 Lucy
2247 1180 2257 1193 ,
2271 1156 2323 1195 Ju-

1265 1195 1386 1227 sticiario
1404 1195 1503 1226 nostro
1524 1194 1690 1232 Hiberniae,
1709 1203 1756 1231 ea,
1776 1202 1841 1231 quae
1863 1193 1898 1222 ad
1918 1193 2163 1223 conservationem
2178 1192 2258 1224 Pacis
2271 1205 2326 1225 no-

1266 1234 1331 1265 strae
1343 1236 1372 1264 in
1387 1234 1488 1265 Terrae
1506 1233 1641 1271 praedidffi
1655 1255 1664 1270 ,
1691 1233 1725 1263 &
1737 1241 1790 1270 pro
1805 1232 1942 1270 regimine
1956 1231 2056 1261 Terrae
2067 1231 2152 1270 illius,
2191 1234 2327 1273 ertinent‚

1266 1284 1331 1311 quae
1345 1274 1419 1314 prius
1437 1273 1520 1304 vobis
1533 1271 1783 1308 commiseramus,
1797 1271 1856 1309 jam
1869 1269 2063 1299 commisimus
2077 1271 2106 1300 in
2124 1281 2159 1301 ve
2172 1271 2217 1301 tra
2231 1272 2328 1303 absen-

1267 1313 1306 1342 tia
1321 1311 1490 1349 exercenda,

1305 1350 1412 1389 Vobis,
1431 1350 1551 1380 firmiter
1566 1347 1757 1388 injungendo,
1776 1346 1942 1377 mandamus
1956 1347 2084 1385 quatinus
2096 1369 2106 1385 ‚
2124 1348 2258 1378 omnibus
2273 1349 2331 1380 aliis

1267 1389 1476 1428 praetermiffis,
1494 1387 1528 1418 ad
1540 1398 1593 1418 nos
1608 1389 1636 1417 in
1654 1387 1786 1426 Angliam
1802 1395 1870 1416 cum
1884 1386 1965 1415 omni
1980 1385 2137 1424 celeritate,
2157 1386 2213 1423 qua
2228 1389 2333 1424 poteri-

1269 1430 1317 1466 tis,
1336 1427 1512 1466 personaliter
1524 1425 1679 1464 accedatis,
1697 1425 1847 1456 nobiscum
1871 1423 1950 1461 super
1970 1422 2116 1461 praemissis
2134 1424 2264 1455 secretius
2278 1434 2335 1456 tra-

1271 1467 1372 1497 oraturi
1386 1491 1395 1504 ,
1421 1465 1603 1503 vestrumque
1623 1464 1787 1495 Consilium
1811 1463 1962 1500 impensuri
1979 1487 1990 1500 ,
2013 1463 2048 1493 &
2069 1462 2124 1493 un‘a
2137 1463 2287 1494 nobiscum
2300 1463 2336 1495 ad

1271 1505 1358 1535 dicsstas
1374 1513 1462 1542 panes
1476 1512 1510 1534 ex
1525 1503 1607 1534 causti
1620 1502 1757 1541 praedista
1770 1501 1934 1540 profedmri.

1310 1543 1348 1574 Et
1363 1544 1476 1573 interim
1492 1541 1616 1580 aliquem
1630 1541 1676 1571 vel
1690 1541 1798 1578 aliquos
1813 1563 1823 1578 ,
1840 1539 1877 1570 de
1891 1539 1989 1571 vestris
1995 1562 2007 1578 ,
2026 1539 2062 1570 de
2079 1549 2205 1578 quorum
2220 1539 2338 1573 fidelita-

1273 1590 1302 1612 te
1324 1582 1437 1620 plenam
1457 1580 1592 1610 fiduciam
1611 1580 1744 1617 optinetis
1759 1603 1769 1617 ,
1787 1579 1857 1609 loco
1870 1577 1972 1616 vestri,
1989 1579 2071 1616 super
2084 1579 2249 1609 arraiatione
2262 1579 2339 1610 Sub·

1275 1620 1403 1650 dirorum
1423 1618 1585 1650 vestrorum
1604 1618 1742 1656 deputetis
1758 1640 1768 1656 ,
1786 1618 1819 1647 ὃ(
1834 1615 1988 1655 assignetis,
2006 1616 2222 1655 quiJusticiario
2238 1617 2339 1649 nostro

1275 1659 1425 1689 Hiberniae
1447 1658 1477 1687 in
1497 1657 1549 1687 hiis
1562 1681 1572 1695 ,
1596 1666 1660 1694 quae
1683 1655 1717 1686 ad
1737 1654 1982 1686 conservationem
2007 1657 2080 1693 pacis
2096 1656 2130 1686 &
2145 1657 2340 1694 tranquilitatis

1277 1698 1399 1737 ejusdem
1411 1696 1528 1734 Terrae,
1547 1695 1580 1725 ὃς
1593 1695 1820 1725 refraenationem
1845 1693 2062 1725 malefactorum
2074 1693 2198 1733 ibidem,
2217 1696 2340 1734 pertine—

1277 1747 1308 1767 re
1361 1743 1474 1773 terunt,
1492 1733 1609 1765 viriliter
1624 1734 1657 1765 &
1674 1742 1803 1771 potenter
1818 1731 1980 1770 intendant,
1999 1741 2084 1771 prout
2095 1731 2186 1763 decet.

1317 1746 1360 1806 ἐξ
1369 1775 1444 1813 hoc,
1462 1774 1532 1804 sicut
1544 1782 1614 1810 nos,
1633 1772 1666 1802 &
1681 1773 1824 1802 honorem
1839 1769 1975 1800 nosti-um
1987 1793 1998 1810 ,
2021 1781 2054 1802 ac
2068 1771 2286 1809 tranquilitatem
2298 1771 2342 1802 di-

1278 1814 1334 1845 &ae
1349 1813 1466 1852 Terrae,
1484 1812 1597 1850 diligitis
1609 1811 1689 1841 nullo
1705 1810 1795 1841 modo
1809 1810 1951 1840 omittatis.

1316 1888 1407 1922 Teste
1421 1888 1508 1927 Rege
1523 1888 1596 1929 apud
1609 1885 1812 1927 Hungerford,
1832 1887 1934 1925 quinto
1946 1885 1993 1916 die
2007 1885 2199 1918 Novembris.

1761 1966 1816 1994 Per
1829 1962 1910 2003 ipficm
1924 1966 2020 2002 Regem
2034 1961 2072 1999 ό·
2086 1963 2240 1995 Concilium.

1282 2042 1436 2106 REX,
1454 2042 1560 2074 dneao
1576 2043 1609 2074 se
1624 2028 1712 2072 Fiden
1725 2040 1793 2078 suo,
1807 2039 1922 2078 Jacobo
1938 2039 1975 2070 de
1989 2038 2122 2079 sotium,
2139 2040 2344 2072 Comitid’or-

1322 2082 1474 2158 Curiiimpiio
1483 2081 1688 2150 {giblifnnaitione
1699 2116 1794 2149 Status
1810 2117 1911 2148 Terrae
1927 2116 2032 2148 nostrae
2044 2117 2196 2148 Hiberniae
2207 2143 2217 2156 ,
2236 2117 2297 2154 &c.
2315 2125 2347 2147 ut

1276 2159 1362 2234 ⁴[gra
1377 2158 1455 2238 tas-qliae
1467 2158 1506 2188 ibi
1522 2158 1599 2197 quod
1608 2165 1686 2197 ,tunc
1692 2156 1749 2199 fic,
1758 2155 1842 2188 vobis
1854 2155 1973 2186 firmiter
1989 2156 2162 2196 injungendo
2172 2158 2349 2195 mandamus,

1325 2210 1346 2228 C.
1361 2205 1397 2228 <ut
1423 2206 1499 2237 upra.

1323 2275 1414 2307 Teste
1426 2283 1457 2306 ut
1471 2275 1558 2314 supra.

1418 2350 1586 2383 Consimilia
1600 2350 1701 2383 Brevia
1715 2350 1873 2390 diriguntur
1887 2348 2065 2388 subscriptis3
2083 2349 2232 2389 videlicet,

1329 2431 1373 2460 W
1373 2428 1481 2460 illielmo
1497 2429 1530 2458 de
1541 2426 1740 2467 Bermyngham
1754 2424 1853 2456 Militi.

1329 2468 1452 2499 Waltero
1467 2467 1500 2497 de
1514 2466 1619 2504 Burgh.

1293 2543 2354 2554 ..--—-—-—-———-————-—-——-—————-—

1291 2595 1339 2626 De
1359 2595 1500 2638 Perpetuo
1517 2591 1638 2624 Vicario
1654 2592 1685 2622 in
1702 2588 1831 2632 Ecclesia
1848 2588 1952 2621 santii·
1970 2591 2098 2621 Saurini
2114 2589 2246 2623 Grandis
2260 2589 2359 2633 Castri

1710 2636 1917 2681 constituendo.

1362 2724 1447 2765 EX,
1467 2724 1627 2756 Venerabili
1640 2724 1670 2754 in
1686 2722 1807 2754 Christo
1820 2721 1912 2761 Patri,
1931 2721 2067 2754 Domino
2084 2741 2098 2747 -
2116 2741 2130 2746 -
2148 2741 2162 2746 -
2180 2723 2282 2755 eadem
2296 2733 2361 2763 gra-
2376 2721 2451 2752 Ann.
2466 2721 2506 2752 D.

1375 2764 1432 2802 tia,
1453 2764 1599 2804 Episcopo
1616 2762 1797 2803 Agennensi,
1815 2761 1947 2791 Salutem.
2399 2769 2483 2799 1331.

1330 2802 1412 2834 Cum
1428 2827 1437 2841 ,
1465 2803 1584 2834 dssectus
1606 2801 1736 2832 Clericus
1758 2799 1855 2830 noster
1869 2823 1880 2837 ,
1898 2799 2053 2831 Gasbertus
2065 2799 2101 2831 de
2115 2799 2283 2840 Boinsvilli,
2301 2801 2362 2833 Re·
2380 2804 2432 2827 An.
2447 2809 2475 2835 5·

1293 2840 1359 2871 &or
1371 2841 1506 2872 Ecclesiae
1519 2841 1616 2872 Sancti
1632 2840 1741 2870 Saurini
1758 2838 1882 2868 Grandis
1898 2837 1992 2869 Castri
2004 2862 2014 2876 ,
2032 2838 2096 2870 alias
2110 2839 2181 2870 dieti
2196 2839 2279 2872 Puch
2295 2840 2360 2871 Mi-
2377 2843 2406 2866 E·
2428 2845 2454 2876 3·

1293 2880 1350 2917 rol,
1368 2880 1469 2911 vestrae
1487 2879 1647 2916 Dioecesis,
1665 2877 1801 2908 desideret
1823 2878 1852 2906 in
1865 2876 1966 2907 eadem
1985 2876 2112 2908 Ecclesia
2125 2886 2293 2918 perpetuum
2307 2879 2361 2910 Vi-
2380 2877 2445 2913 Vasc.
2462 2883 2482 2910 5
2484 2895 2491 2901 ·

1291 2919 1401 2949 carium
1423 2919 1567 2956 ordinari,
1593 2918 1642 2956 qui
1656 2916 1767 2947 Curam
1783 2914 1906 2953 ejusdem
1921 2914 2058 2946 Ecclesiae
2072 2917 2251 2955 personaliter
2263 2928 2360 2949 excer-
2380 2919 2406 2943 E.
2421 2924 2446 2952 3·
2459 2923 2496 2941 m·

1293 2966 1372 2995 ceat,
1396 2958 1429 2988 ὃ(
1444 2957 1481 2987 de
1495 2957 1576 2994 ipsius
1592 2955 1727 2986 Ecclesiae
1744 2954 1908 2992 Fructibus,
1929 2964 1982 2992 pro
1997 2954 2208 2987 Sustentatione
2220 2957 2283 2996 sua,
2300 2966 2362 2988 cer·
2379 2954 2406 2982 6-

1293 3003 1351 3025 tam
1367 2997 1499 3034 percipiat
1515 2994 1703 3032 Portionem,

1331 3033 1368 3064 Et
1390 3034 1486 3065 Nobis
1510 3033 1705 3071 supplicaverit
1726 3040 1758 3063 ut
1773 3030 1956 3062 Ordinationi
1971 3031 2132 3071 hujusmodi
2145 3032 2285 3071 Vicariae,
2300 3033 2361 3064 Au·-

1296 3073 1429 3104 &oritate
1450 3072 1543 3103 vestra
1561 3071 1700 3103 faciendae
1716 3095 1726 3110 ,
1749 3081 1804 3109 pro
1825 3080 1861 3101 eo
1882 3070 1963 3109 quod
1987 3071 2062 3102 dieta
2078 3070 2200 3102 Ecclesia
2214 3070 2251 3101 de
2262 3071 2363 3102 nostro

1295 3111 1388 3141 existit
1403 3110 1574 3149 Patronatu,
1592 3110 1724 3141 nostrum
1739 3109 1860 3140 velimus
1875 3110 2000 3147 praebere
2014 3109 2170 3148 assensum,

1332 3149 1416 3188 Nos,
1433 3149 1607 3181 attendentes
1621 3148 1733 3180 Curam
1749 3147 1884 3179 Ecclesiae
1897 3148 2037 3185 praedietae
2051 3157 2101 3185 per
2114 3147 2292 3179 Personalem
2300 3148 2362 3180 Re-

1296 3188 1442 3219 sidcntiam
1460 3188 1568 3219 Vicarii
1589 3188 1669 3226 poise
1690 3187 1783 3218 utilius
1803 3187 1951 3224 exerceri,
1977 3186 2180 3223 Supplicationi
2202 3187 2364 3225 praedistae‚

1296 3227 1332 3295 gd
1347 3227 1458 3258 laudern
1476 3226 1536 3258 Dei
1550 3250 1560 3266 ,
1585 3230 1619 3259 &
1633 3226 1737 3258 Divini
1753 3225 1857 3257 Cultus
1872 3233 2053 3264 augmentum
2069 3248 2078 3262 ,
2095 3224 2226 3256 duximus
2239 3236 2365 3256 annuen-

1319 3275 1383 3295 um:

1335 3304 1373 3335 Et
1395 3305 1453 3335 hoc
1476 3305 1560 3336 vobis
1574 3329 1584 3343 ,
1609 3313 1708 3335 tenore
1723 3303 1901 3341 praesentium
1914 3325 1924 3340 ‚
1944 3299 2145 3341 significamus,
2163 3310 2194 3333 ut
2208 3303 2321 3333 ulterius
2334 3303 2364 3334 in

1298 3342 1515 3374 Constitutione
1538 3343 1646 3374 Vicarii
1665 3342 1793 3381 praediisti
1808 3364 1818 3380 ,
1841 3342 1874 3371 &
1897 3339 2026 3378 congrua
2046 3339 2184 3372 Portione
2196 3363 2206 3378 ‚
2224 3341 2243 3361 ²³¹²
2262 3341 2310 3371 sibi
2325 3341 2362 3371 de
2382 3340 2394 3356 ³
2412 3340 2466 3367 IV·

1300 3382 1449 3412 Fruffibus
1463 3383 1544 3420 ipsius
1563 3382 1699 3413 Eccleliae
1713 3379 1891 3418 affignanda,
1910 3379 2002 3409 facere
2015 3379 2143 3418 valeatis,
2159 3379 2237 3418 quod
2255 3379 2290 3410 ad
2310 3389 2361 3413 ve·
2380 3388 2446 3415 504.

1299 3420 1390 3451 strum
1405 3420 1549 3452 Officium
1565 3422 1595 3450 in
1610 3422 1662 3451 hac
1678 3428 1756 3459 parte
1770 3419 1905 3449 noveritis
1919 3418 2065 3455 pei-tinere.

1336 3496 1396 3529 Dat
1409 3496 1484 3536 apud
1498 3497 1698 3537 Wyndesore,
1715 3495 1832 3526 decimo
1845 3502 1947 3533 quarto
1962 3493 2008 3524 die
2021 3492 2210 3525 Novembris.

1401 3576 1455 3604 Pro
1469 3578 1569 3605 Comite
1582 3574 1613 3604 de
1628 3572 1726 3613 Julers
1739 3573 1770 3602 de
1782 3571 1865 3602 Feodo
1870 3568 1920 3609 fico
1929 3578 1979 3609 pro
1991 3572 2109 3600 Servitia
2115 3567 2254 3608 fhlvenda.
2378 3577 2468 3614 olaus,
2484 3586 2512 3614 5,

1337 3650 1428 3683 Teste
1443 3650 1528 3691 Rege
1541 3650 1614 3689 apud
1629 3647 1792 3681 Guldeford
1800 3670 1811 3686 ,
1829 3646 1946 3678 decimo
1960 3654 2042 3676 nono
2055 3645 2101 3676 die
2116 3644 2303 3678 Novembris.
2380 3621 2472 3683 333?
2485 3627 2510 3645 ²⁰

1300 3798 1360 3829 Pro
1389 3794 1571 3840 Neapoleone
1599 3792 1758 3827 Cardinali
1775 3819 1784 3834 ,
1815 3790 1852 3824 de
1869 3786 2015 3824 audiendo
2038 3794 2075 3829 φ’·
2098 3789 2288 3824 terminando
2303 3802 2362 3824 va-

1345 3847 1407 3876 rias
1422 3845 1558 3888 Injurias
1573 3845 1610 3880 ζῇ*
1629 3837 1874 3888 Transgrffones
1892 3850 1995 3872 contra
2011 3839 2108 3885 ipfhm
2122 3848 2320 3884 perpetratas.
2382 3849 2459 3880 Ann,
2469 3849 2509 3880 D,

2401 3898 2413 3918 1
2422 3897 2434 3928 3
2442 3897 2454 3927 3
2463 3897 2486 3917 1.

1370 3925 1433 3958 EX
1451 3949 1461 3965 ,
1486 3926 1594 3957 dilectis
1615 3926 1649 3957 &
1669 3924 1797 3956 fidelibus
1816 3925 1867 3956 suis
1902 3923 2067 3955 Willielmo
2079 3924 2207 3965 Truffel,
2229 3923 2364 3956 Roberto
2377 3931 2429 3954 An.
2444 3937 2473 3962 5·

1384 3966 1422 3996 de
1435 3964 1603 4004 Sadyngton
1613 3987 1623 4002 ,
1639 3964 1673 3996 &
1688 3963 1811 4003 Hugoni
1821 3963 1859 4008 de
1872 3947 2061 4007 i-iaverbergh
2071 3988 2081 4002 ,
2098 3963 2232 3995 Salutem.
2379 3969 2410 3993 Ε.
2433 3975 2457 4001 3·

1337 4003 1381 4034 Ex
1406 4004 1483 4041 gravi
1498 4003 1624 4041 Qerela
1638 4027 1647 4041 ,
1665 4001 1839 4033 Venerabilis
1859 4000 1965 4040 Patris,
1982 4001 2183 4040 Neapoleonis
2195 4001 2367 4038 cardinalis,
2379 4007 2437 4030 Pat.
2452 4012 2479 4038 5.

1298 4042 1490 4074 Praebendarii
1511 4041 1679 4072 Praebendae
1699 4041 1736 4072 de
1755 4040 1858 4073 Sutton
1878 4041 1908 4071 in
1928 4038 2058 4072 Ecclesia
2068 4041 2160 4074 beatae
2176 4040 2279 4072 Mariae
2290 4039 2362 4070 Lin-
2378 4045 2408 4068 Ε.
2422 4047 2478 4077 3.p.
2490 4050 2513 4075 3=

1299 4080 1453 4119 colniensi,
1471 4081 1630 4119 accepimus
1646 4079 1745 4119 quod,
2381 4089 2417 4107 m.
2430 4088 2472 4115 ¹3-
2487 4079 2513 4105 d.

2282 4113 2364 4146 Ccim
