2562 4279
35 193 114 224 Ann.
129 192 172 224 D.

59 242 144 272 1322.

35 273 152 301 Edu-2.

36 392 56 411 *²
72 393 125 420 111.

39 440 107 467 950·

40 994 118 1025 Ann.
133 993 175 1025 D.

59 1040 145 1073 1322.

38 1076 156 1109 An.15.

38 1115 119 1138 E.2.

39 1154 79 1176 Ex
95 1153 154 1177 Au-

39 1194 103 1224 twn

176 114 232 161 46

183 195 294 233 folciae,
312 204 345 225 ac
361 194 397 225 de
418 194 526 225 caeteris
549 191 689 221 Portubus
710 189 831 228 partium
851 186 1008 219 vestrarum
1023 209 1034 225 ‚
1054 186 1154 231 habito
1175 185 1254 223 super

185 235 243 265 hoc
260 236 329 264 inter
343 243 393 263 vos
407 233 439 263 δε
453 231 526 271 ipsos
540 229 665 268 diligenti
678 227 815 258 Tractatu
825 250 835 266 ,
853 227 962 258 Navali
978 225 1110 257 Subsidio
1118 245 1128 264 ,
1146 225 1179 255 &
1189 223 1256 254 ΗΟ-

188 274 311 304 minibus
326 271 359 300 ad
376 271 481 307 Arma,
501 278 607 306 quanto
627 267 771 305 potentius
787 266 902 306 potestis
915 267 948 297 &
961 265 1083 308 securius
1090 287 1106 308 ³.
1117 273 1169 293 vos
1181 272 1258 300 pare-

187 313 239 349 tis,
258 313 293 342 ita
308 309 527 348 quodrprompti
541 307 611 344 sitis,
630 305 701 336 cum
716 315 764 343 per
777 315 829 335 nos
847 305 928 344 super
942 304 1001 334 hoc
1014 303 1121 334 fueritis
1134 311 1258 346 praernu-

188 351 260 387 niti,
285 349 319 378 ad
336 356 435 377 eorum
449 370 458 384 ,
484 355 516 375 ac
537 345 659 376 aliorum
682 343 869 374 Inimicorum
890 342 1054 373 nostrorum
1073 341 1211 385 malitiam
1225 340 1259 370 &-

186 388 285 419 dolum
299 410 308 424 ,
332 388 347 401 ⁴*
372 395 440 416 cuni
462 384 521 415 Dei
538 383 680 422 adjutorio
693 405 703 421 ,
727 381 953 420 refraenandum,
972 381 1006 412 ad
1024 379 1260 419 proficiscendum

189 427 245 458 sine
257 424 351 454 mora:

228 464 264 493 Et
280 463 355 500 hoc,
374 459 537 498 sicutNos,
555 461 589 491 &
603 459 745 490 honorem
759 459 908 497 nostrum,
924 459 957 490 &
971 457 1114 496 vestrum,
1129 467 1162 488 ac
1177 465 1261 488 corn-

190 503 311 533 modum
325 500 428 538 Populi
445 499 541 538 Regni
554 499 642 530 nostri
655 498 784 539 diligitis,
803 499 959 529 nullatenus
971 497 1115 528 omittatis.

221 577 310 609 Teste
325 576 409 617 Rege
423 575 498 614 apud
513 576 677 608 Rothewell
686 599 696 615 ,
712 585 753 607 20
767 576 814 607 die
826 575 937 616 Aprilis.

845 655 898 682 Per
915 651 996 693 ipfitm
1012 655 1117 689 Regem⁴

190 771 214 801 P
229 731 341 764 Eodem
356 732 448 764 modo
463 730 590 765 scribitur
605 731 777 770 Batonibus,
797 731 831 762 ὅ(
845 730 941 769 probis
962 729 1125 760 hominibus
1139 727 1262 767 quinque

216 781 341 803 ortuum.

280 898 393 942 Bulla,
417 897 455 931 de'
472 892 735 939 Perturbatorilms
748 900 831 943 pacis
848 889 1171 929 Excommunicandis.

233 982 370 1015 ohannes
385 983 556 1022 Episcopus,
572 984 663 1014 servus
682 983 827 1013 servorum
841 981 916 1019 Dei,
934 977 1148 1010 Venerabilibus
1162 975 1264 1006 Fratri-

234 1023 286 1054 bus
414 1022 641 1062 Archicpiscopo
662 1021 852 1053 Cantuariensi
864 1044 873 1059 ,
891 1021 924 1052 ὃ(
1051 1015 1267 1061 §Nintonienfij

192 1071 320 1130 &igqem
387 1060 506 1100 Eliensi‚
526 1061 672 1102 Episcopis
685 1082 695 1101 ,
719 1061 851 1098 salutem,
871 1059 904 1090 &
929 1055 1127 1095 Apostolicam
1147 1053 1266 1084 Benedi-

232 1138 403 1176 Personam,
419 1138 551 1174 carissimi
566 1140 596 1169 in
613 1136 732 1170 Christo
748 1137 810 1167 Filii
832 1135 937 1173 nostri,
952 1132 1077 1177 Edvardi
1090 1132 1182 1169 Regis
1202 1129 1265 1174 An-

193 1177 261 1214 gliae
275 1176 385 1207 illustris
398 1200 408 1215 ,
429 1177 540 1216 ejusque
560 1177 698 1217 Regnum
719 1177 852 1206 inclitum
875 1175 910 1204 ea
931 1173 1091 1204 dileetionis
1110 1171 1267 1201 sinceritate

190 1215 399 1256 prosequimur,
417 1224 446 1246 ut
463 1216 561 1254 suum,
578 1216 705 1254 dietique
720 1214 821 1251 Regni
843 1213 964 1256 statum,
981 1222 999 1255 a
1016 1209 1191 1240 Guerrarum
1213 1207 1266 1237 flu-

190 1254 285 1285 &ibus
297 1252 419 1284 liberum
428 1275 438 1292 ,
457 1255 491 1286 ὃς
505 1257 520 1286 Ξι
533 1255 741 1286 discriminibus
754 1252 970 1293 Turbationurn
984 1257 1156 1293 ’immunem
1171 1245 1268 1290 Pater-

191 1290 234 1323 nis
250 1291 386 1324 desideriis
399 1293 622 1332 asteelante's,ad
636 1292 846 1334 procurandum
860 1288 1078 1327 tranquilitatem
1092 1288 1126 1318 ὃ(
1140 1293 1265 1325 quietem

190 1332 262 1362 illius
275 1341 453 1370 oportunum
475 1332 652 1370 Apostolieae
669 1330 747 1362 Sedis
767 1330 898 1361 favorem
914 1351 924 1366 ,
950 1334 1090 1370 quantum
1109 1334 1181 1356 cum
1197 1322 1267 1368 Deo

193 1371 355 1410 postumus,
375 1371 522 1402 liberaliter
542 1371 740 1409 impendamus
752 1391 762 1407 ,
790 1367 920 1408 quatinus
943 1364 1009 1396 Rex
1028 1364 1266 1409 ipseffisecuritate

189 1409 241 1439 sibi
264 1410 299 1440 ab
320 1408 421 1440 insidiis
448 1408 636 1440 AEmulorum
662 1407 793 1445 indulta,
821 1406 987 1437 utilitatibus
1030 1413 1128 1444 ropriis
1151 1402 1266 1432 liberius

191 1447 277 1486 pofflt
290 1448 449 1484 intendere,
466 1449 548 1487 seque
569 1448 602 1478 ad
626 1445 827 1477 assumendum
849 1446 998 1484 negotium
1050 1452 1119 1472 errae
1138 1440 1267 1479 Sandiae,

161 1510 163 1512 v
189 1486 292 1517 nostris
311 1485 471 1525 praecordiis
492 1497 552 1517 non
575 1486 756 1517 mediocriter
778 1483 903 1515 insistens
918 1507 928 1522 ,
952 1483 986 1513 ad
1000 1481 1080 1521 quod
1093 1479 1268 1520 idemtRex,

46 3240 112 3271 Ann
139 3239 179 3269 D.

68 3289 154 3317 1322.

47 3322 160 3353 Au.1p

48 3360 125 3383 E.2.

47 3397 87 3421 Ex
107 3398 165 3421 Au-

48 3440 113 3468 tqff.

50 3471 66 3485 *
89 3472 142 3497 IIL

48 3516 114 3544 951·

190 1534 223 1556 ut
237 1526 329 1557 asserit
339 1549 347 1563 ,
363 1525 505 1556 ferventer
520 1526 626 1563 anelat,
643 1524 760 1555 habilius
775 1523 865 1555 valeat
878 1531 1039 1562 praeparare.
1077 1560 1082 1565 ,
1171 1560 1175 1564 Ι

232 1563 312 1595 Cum
332 1565 425 1603 itaque
439 1587 450 1603 ,
473 1565 542 1595 sicut
561 1564 736 1604 displicenter
757 1562 930 1599 audivimus,
955 1559 1085 1591 nonnulli
1106 1558 1216 1590 nobiles
1233 1558 1267 1589 &

193 1602 344 1642 Magnates
361 1603 475 1642 Regem
496 1603 587 1641 ipsum
602 1626 611 1642 ,
637 1603 671 1634 &
687 1601 828 1640 Regnum
851 1600 962 1640 Angli-ae
976 1623 986 1638 ,
1011 1609 1044 1629 ac
1066 1608 1168 1643 terram
1191 1597 1267 1627 suam

191 1641 314 1673 Iberniae
329 1642 463 1673 invadere
475 1641 542 1673 ausu
565 1643 686 1672 nitantur
701 1641 819 1678 illicito,
837 1639 904 1670 Nos
919 1661 929 1677 ,
951 1647 1052 1669 eorum
1068 1647 1098 1668 in
1116 1637 1169 1667 hac
1190 1643 1268 1679 parte

191 1681 341 1712 conatibus
351 1682 501 1720 oportunis
511 1681 630 1712 obviare
645 1678 775 1711 remediis
790 1678 936 1718 cupientes
950 1701 960 1716 ,
983 1678 1016 1708 &
1038 1676 1073 1720 ad
1087 1675 1115 1706 id
1134 1675 1268 1714 expedire

195 1719 339 1753 censentes
353 1719 373 1750 S
395 1719 534 1751 iritualem
543 1718 680 1751 Gladium
693 1718 834 1756 exerceri,
851 1718 880 1747 in
893 1725 996 1747 omnes
1007 1715 1040 1746 &
1057 1715 1199 1753 singulos,
1217 1724 1268 1745 cu-

187 1758 301 1797 juscum
324 1769 359 1789 ue
384 1767 425 1790 int
440 1758 648 1789 Praeminentiae
661 1782 671 1798 ,
697 1757 835 1798 dignitatis
850 1779 859 1794 ‚
883 1763 930 1785 aut
954 1753 1057 1799 status,
1077 1755 1126 1792 qui
1146 1753 1267 1791 Regem

179 1797 300 1838 ipsum,
346 1807 471 1837 egnum,
489 1798 522 1828 &
535 1798 656 1828 Terram
673 1797 807 1838 praedieta
822 1819 832 1834 ,
854 1803 889 1837 iit
902 1794 1098 1833 praemittitur,
1121 1802 1190 1825 cum
1211 1792 1268 1836 Ar-

193 1837 266 1874 mis,
285 1836 332 1866 vel
347 1837 404 1867 fine
419 1836 531 1875 Armis,
552 1836 683 1867 invadere
723 1835 930 1872 raesumplerint
944 1856 954 1872 ,
978 1832 1024 1864 vel
1045 1832 1110 1863 alias
1132 1830 1268 1875 Invasori-

194 1875 247 1905 bus
262 1875 342 1914 ipsiS,
358 1884 389 1906 ut
408 1876 586 1913 praemittitur
602 1898 612 1914 ,
640 1876 670 1905 in
715 1873 835 1910 ecunia,
854 1872 960 1911 Equis,
979 1871 1074 1902 Armis
1089 1894 1099 1909 ,
1125 1871 1171 1902 vel
1193 1870 1268 1908 aliis,

192 1913 293 1944 illicito
307 1913 399 1944 modo
420 1913 598 1953 praestiterint
618 1913 755 1944 auxilium
768 1935 778 1950 ,
798 1911 968 1949 consilium,
986 1910 1038 1954 vel·
1050 1909 1197 1949 favorem,
1215 1918 1268 1947 pu-

192 1952 303 1982 blicum
319 1952 365 1982 vel
381 1953 528 1983 occultum
543 1976 553 1990 ‚
577 1951 891 1983 Excommunicationis
912 1949 1089 1979 Sententiam
1104 1947 1268 1987 promulga-

193 2000 272 2026 mus,
292 2000 394 2029 quam,
414 2000 429 2020 a
442 1991 487 2021 die
503 1991 701 2030 publicationis
714 1992 789 2029 ejus,
808 1990 891 2019 suum
911 1987 1049 2018 effectum
1063 1989 1197 2018 volumus
1212 1986 1267 2030 ob:

193 2030 301 2067 tinere,
321 2030 352 2060 &
366 2039 381 2059 a
396 2029 450 2067 qui
465 2039 529 2068 eos,
547 2031 604 2060 sine
619 2029 728 2070 speciali
746 2027 879 2069 mandato
893 2025 971 2056 Sedis
992 2024 1171 2069 Apostolieae
1183 2049 1193 2064 ,
1216 2028 1266 2068 nili

191 2068 281 2098 forsan
295 2069 323 2098 in
346 2070 445 2098 mortis
464 2069 600 2108 articulo,
618 2068 801 2108 prohibemus
822 2065 950 2102 absolvi,
971 2066 1005 2108 *in
1025 2074 1083 2108 quo
1095 2089 1104 2102 ,
1130 2068 1148 2095 il
1164 2065 1267 2095 fuerint

192 2107 325 2145 absoluti,
344 2107 400 2138 &i
422 2107 464 2137 sos
483 2109 630 2147 contigerit
653 2107 768 2137 Sanitati
789 2104 911 2142 restitui,
931 2105 981 2134 nisi
1002 2103 1180 2135 satisfecerint
1195 2102 1267 2134 infra

194 2146 320 2175 mensem
330 2168 340 2183 ,
359 2146 391 2177 ea
411 2155 459 2176 em
472 2146 606 2177 sententii
620 2146 695 2185 ligari
706 2145 838 2176 volumus
853 2154 889 2174 eo
904 2143 972 2180 ipso.

233 2185 383 2223 Qiocirca
400 2185 573 2216 Fraternitati
589 2185 688 2215 vestrae
704 2194 752 2225 per
775 2182 942 2220 Apostolica
957 2181 1057 2219 scripta
1078 2180 1267 2226 Mandarnm,

194 2225 325 2260 quatinus
340 2234 408 2262 vos,
426 2224 470 2253 vel
483 2225 542 2255 duo
578 2232 624 2254 aut
640 2234 711 2254 unus
732 2221 860 2252 vestrum
870 2244 879 2259 ,
915 2231 943 2251 er
957 2231 1024 2259 VOS,
1041 2220 1087 2250 vel
1102 2230 1150 2257 per
1163 2221 1267 2259 aliurn,

194 2262 239 2292 seu
259 2262 326 2292 alios
340 2285 350 2299 ,
375 2262 533 2299 hujusmodi
548 2247 861 2293 &communicationis
900 2261 1073 2302 ententiam,
1092 2260 1268 2297 ubicumque

191 2300 322 2338 expedire
343 2301 482 2338 videritis,
501 2303 535 2332 δε
556 2302 700 2338 praecipu'e
715 2301 745 2330 in
765 2299 834 2329 locis
851 2297 1022 2337 Maritimis,
1041 2298 1085 2339 seu
1107 2299 1178 2328 mari
1195 2299 1268 2328 vici-

196 2339 241 2368 nis
250 2361 259 2376 ,
270 2338 307 2368 fic
324 2339 482 2379 frequenter
495 2340 529 2371 &
542 2340 692 2370 solenniter
707 2338 868 2377 publicetis,
886 2336 968 2375 quod
980 2336 1129 2366 verisimile
1143 2336 1174 2366 sit
1188 2336 1269 2374 quod

195 2377 341 2408 Sententia
355 2378 517 2416 hujusmodi
531 2377 565 2408 ad
579 2377 704 2407 Nobiles
720 2400 729 2414 ,
757 2377 790 2407 &
805 2375 969 2414 magnates,
985 2375 1018 2405 δε
1031 2374 1098 2404 alios
1112 2376 1270 2414 pervenerit

196 2415 369 2453 supradiclos
382 2439 391 2454 ,
419 2426 472 2447 nec
486 2416 532 2453 ipfi
547 2415 651 2454 possint
665 2416 852 2454 ignorantiam
867 2414 910 2443 vel
930 2413 1138 2443 excusationem
1149 2422 1269 2453 praeten-

196 2454 264 2484 dere
276 2455 356 2493 quod
371 2455 513 2485 Sententia
533 2454 588 2492 ipsa
611 2464 671 2484 non
690 2454 849 2492 pervenerit
871 2452 905 2483 ad
929 2452 1041 2482 eosdem
1058 2474 1067 2490 ,
1090 2461 1159 2483 cum
1179 2452 1268 2484 taliter

198 2494 317 2522 extiterit
332 2494 480 2532 publicata.

234 2531 271 2561 N
273 2541 311 2561 on
328 2531 504 2563 obstantibus
518 2532 538 2562 si
552 2532 650 2570 alicui,
667 2532 711 2562 vel
732 2531 867 2570 aliquibus
880 2553 889 2568 ,
911 2530 960 2560 sub
973 2539 1153 2568 quacumque
1174 2531 1268 2562 forma

196 2570 243 2600 vel
257 2571 448 2608 conceptione
462 2572 617 2601 verborum
628 2594 636 2609 ,
653 2582 668 2601 a
681 2570 753 2600 Sede
776 2568 941 2608 Apostolica
961 2570 991 2599 sit
1012 2568 1169 2607 indultum,
1187 2570 1268 2609 quod

197 2610 445 2639 excommunicari
465 2620 525 2639 non
547 2608 652 2647 possint
668 2619 716 2647 per
738 2609 856 2639 Litteras
875 2606 952 2638 Sedis
973 2607 1097 2645 ejusdem
1111 2631 1121 2646 ,
1146 2618 1206 2638 non
1226 2608 1269 2639 fa-

198 2648 303 2677 cientes
318 2647 431 2684 plenam
446 2648 479 2678 &
495 2648 668 2688 expressam,
687 2658 719 2679 ac
735 2647 770 2677 de
785 2647 876 2678 verbo
895 2645 929 2675 ad
949 2648 1070 2677 verbum

198 2686 357 2723 hujusmodi
377 2687 580 2724 mentionem,
605 2688 639 2717 ὅ(
660 2687 784 2726 qualibet
802 2684 853 2716 alic-“i
871 2685 957 2714 dietae
975 2685 1052 2715 Sedis

198 2725 322 2761 generali
336 2725 379 2754 vel
401 2725 528 2764 speciali,
546 2725 748 2763 cujuscumque
767 2725 870 2756 tenoris
891 2723 935 2753 vel
954 2723 1134 2762 expressionis
1153 2724 1268 2763 existat,

196 2772 248 2800 per
263 2772 349 2832 quam
369 2763 488 2794 effeetus
508 2764 686 2802 praesentium
706 2764 835 2805 impediri
850 2761 935 2801 poffit
948 2787 958 2802 ,
983 2763 1029 2794 vel
1049 2762 1269 2801 quomodolibet

196 2810 266 2837 retar
287 2811 333 2830 ari.

1131 2152 1147 2161 x

1107 2646 1143 2677 de
1158 2646 1268 2678 indulto

1072 2669 1250 2725 fndulgentia
1258 2709 1267 2725 ,

192 2908 195 2911 r
233 2877 301 2909 Dat.
317 2877 453 2910 Avinion.
472 2888 486 2919 3
500 2879 584 2910 Non.
604 2879 692 2920 Maii,
711 2880 897 2912 pontificatus
910 2880 996 2912 nostri
1012 2880 1100 2911 Anno
1113 2879 1198 2911 sexto.

835 2957 889 2989 Sub
897 2957 959 3001 filis
972 2957 1108 2988 canabeis.

197 3103 246 3135 De
270 3103 454 3136 relaxatione
480 3102 662 3147 Juramenti
689 3103 917 3148 conspirationis
937 3114 1040 3136 contra
1062 3106 1221 3151 Hugoncm
1243 3104 1269 3136 le

471 3151 650 3197 Despenfir‚
678 3154 802 3184 Patrcm
822 3155 858 3190 ὠ·
880 3154 1006 3186 filium.

1193 3236 1274 3268 Can-

378 3310 381 3311 ,
570 3275 758 3314 Eboracensi,
779 3275 1016 3314 Archiepiscopis:
1034 3286 1083 3313 ac,
1098 3275 1215 3306 Dssecffo
1224 3277 1247 3306 F
1249 3278 1274 3306 i-

241 3314 296 3351 lio,
313 3313 433 3352 Rogero
449 3311 553 3343 Elet‘ro
573 3313 781 3345 Conventrensi
796 3315 829 3345 ὃ(
846 3313 1034 3344 Likefeldensi
1049 3338 1058 3353 ,
1084 3315 1197 3345 salutem
1211 3338 1220 3352 ,
1240 3316 1273 3346 δε

204 3352 402 3390 Apostolicam
417 3351 659 3383 Benedic‘lionem.

243 3390 421 3428 Significavit
434 3391 532 3427 nobis,
549 3390 702 3421 carissimus
718 3391 747 3420 in
762 3390 880 3421 Christo
902 3391 986 3421 Filius
1000 3390 1111 3429 noster,
1131 3391 1275 3422 Edvardus

205 3428 271 3459 Rex
286 3429 396 3467 Angli-ae
413 3428 432 3448 *²
446 3428 574 3468 illustris,
593 3429 670 3469 quod
690 3430 820 3460 nonnulli
840 3430 876 3459 de
892 3429 997 3468 Regno
1014 3429 1062 3460 suo
1083 3430 1198 3467 Angliae
1209 3453 1218 3468 ‚
1244 3431 1273 3460 in

203 3467 446 3505 destruffionem,
466 3467 650 3498 Diler‘iorum
665 3467 818 3506 Filiorum,
836 3468 995 3498 Nobilium
1009 3469 1154 3506 virorum,
1168 3467 1274 3507 Hugo-

204 3507 246 3535 nis
261 3506 286 3536 le
300 3505 455 3543 Despenser
469 3505 600 3544 senioris,
619 3507 653 3537 &
666 3505 802 3546 Hugonis
814 3507 840 3537 le
855 3506 1012 3544 Despenser
1026 3507 1088 3537 Filii
1102 3508 1175 3545 e'uS,
1194 3507 1274 3537 inde-

203 3544 263 3574 bite
279 3545 483 3584 conspirantes,
501 3545 526 3575 se
539 3545 573 3574 ad
585 3544 811 3575 destrufflonem
831 3545 991 3583 hujusmodi
1005 3517 1182 3584 processuros
1197 3545 1275 3579 lura-

204 3584 308 3613 mentis
323 3583 505 3620 corporaliter
517 3583 644 3622 praestitis
660 3583 859 3621 firmaverunt,
878 3593 913 3614 ex
925 3584 1025 3622 quibus
1037 3585 1066 3613 in
1080 3583 1185 3614 eodem
1191 3578 1274 3623 Reg-

203 3630 244 3649 no
257 3621 344 3651 multa
365 3622 398 3652 ὃ(
418 3622 511 3660 gravia
534 3631 725 3661 provenerunt
747 3622 872 3653 Pericula
889 3645 899 3661 ,
920 3624 954 3654 ὃς
970 3623 1134 3662 innumera,
1153 3622 1204 3661 &,
1222 3622 1273 3652 nisi

202 3657 329 3688 celeriter
342 3668 522 3697 occurratur,
538 3660 647 3698 possent
663 3661 738 3691 forte
752 3661 879 3698 subsequi
894 3662 1027 3700 graviora.

242 3695 307 3725 Nos
322 3698 422 3736 igitur,
441 3699 647 3730 considerantes
666 3700 813 3738 attentius,
831 3700 911 3736 quod
924 3698 1084 3738 hujusmodi
1093 3698 1274 3738 Juramenta,

201 3732 309 3763 nedum
323 3738 488 3778 temeraria,
507 3737 551 3767 sed
566 3739 648 3768 etiam
661 3738 755 3768 illicita
775 3737 855 3768 fuisse
876 3738 1047 3775 noscuntur,
1065 3738 1136 3768 cum
1154 3739 1184 3768 in
1198 3738 1273 3768 divi-

203 3781 250 3801 nae
269 3770 420 3816 Maiestatis
432 3775 589 3805 redundent
601 3775 739 3807 offensam
754 3800 763 3815 ,
788 3777 821 3808 ὃς
837 3778 866 3807 in
887 3777 956 3807 dieti
971 3776 999 3807 R
1039 3778 1059 3806 is
1073 3785 1272 3814 contemptum

205 3808 259 3846 (ad
269 3819 359 3853 ,quem
371 3810 533 3854 duffio-rum,
552 3813 686 3853 Hugonis
699 3814 802 3853 Patris,
820 3816 853 3846 &
873 3815 1009 3854 Hugonis
1051 3815 1089 3845 ilii
1104 3816 1179 3854 ejus,
1196 3814 1274 3846 Cor-

203 3847 296 3877 rectio
311 3846 473 3890 &1Pun1uo
484 3873 493 3887 ‚
518 3853 538 3882 fi
553 3852 590 3882 fic
611 3854 797 3893 conspirantes
817 3855 847 3883 in
861 3854 954 3892 aliquo
970 3853 1167 3893 offenderant,
1187 3854 1274 3892 perti-

202 3886 270 3922 net)
283 3885 395 3929 'suerint
407 3893 655 3931 attemptata3'ac‚
674 3892 800 3922 volentes
820 3891 955 3922 Periculis
970 3893 1004 3923 δε
1025 3892 1183 3930 Sc'ar'idalis,
1203 3891 1273 3923 Dis-

204 3923 312 3967 pendiis
333 3924 367 3954 &
385 3923 503 3968 Jadruris
523 3927 680 3964 hujusmodi
701 3929 830 3960 Paternae
847 3930 1000 3970 diligentiae
1023 3930 1120 3961 studiis
1139 3931 1274 3970 obviare,

200 3962 273 3992 ‘disti
286 3961 373 3999 Regis
386 3963 629 4002 supplicationibus
642 3967 765 3997 inclinati
774 3991 785 4006 ,
848 3968 850 3975 ¹
1060 3969 1063 3972 ⁴

238 4000 408 4032 Discretioni
428 4000 526 4033 vestrae
549 4009 598 4043 per
620 4004 785 4045 Apostolica
810 4007 909 4045 scripta
929 4005 1100 4045 Mandamus
1113 4029 1123 4045 ,
1142 4007 1273 4047 ,quatinus

238 3236 374 3305 0¹³³F¹¹³fis
396 3235 549 3306 {piscopus
564 3260 573 3275 ,
601 3237 663 3268 &c.
687 3237 895 3268 venerabilibus
916 3236 1056 3266 Fratribus

242 3284 344 3305 [uarlcn
360 3287 385 3307 1..
428 3284 437 3292 ⁷

607 95 1416 146 CONVENTIONES,

1473 95 1868 143 LITERAE‚

1288 193 1358 222 vos,
1373 184 1406 215 &
1422 183 1540 221 quilibet
1560 181 1688 214 vestrsim
1703 191 1754 221 per
1768 192 1820 213 vos
1834 204 1843 220 ,
1869 180 1913 211 vel
1929 189 1978 220 per
1997 180 2101 218 alium,
2118 179 2163 210 seu
2181 179 2264 219 alios,
2280 178 2362 218 Jura-
2374 170 2451 202 Am]-
2463 172 2519 204 D·

1290 231 1387 253 menta
1402 222 1585 260 hujusmodi,
1605 221 1742 260 quatenus
1756 219 1950 259 processerunt
1968 218 2005 249 de
2025 219 2120 256 facto,
2137 218 2278 250 Relaxare
2294 241 2304 256 ,
2327 228 2361 249 ac
2396 220 2479 250 1322⁶

1291 261 1494 291 nichilominus
1515 262 1590 291 irrita
1612 260 1748 291 nunciare
1766 259 1864 289 nostra
1890 258 2055 289 audioritate
2078 258 2206 295 curetis,
2230 256 2364 294 Iniunem
2376 253 2446 278 Eav.
2460 260 2486 278 2·

1293 301 1332 330 eis
1344 300 1428 368 ,dqui
1439 299 1604 339 juramenta
1627 298 1691 329 ralia
1709 298 1896 337 praestiterunt
1911 320 1922 335 ,
1945 296 2022 336 quod
2043 296 2080 327 de
2091 295 2160 333 Jure
2178 295 2262 326 fuerit
2277 296 2369 335 injun—

1296 348 1353 377 gen
1374 348 1434 368 um.

1333 414 1404 446 Dat.
1418 414 1554 445 Avinion.
1570 423 1597 455 3.
1612 413 1698 445 Non.
1713 413 1802 453 Maii,
1821 408 2007 444 Pontificatfis
2021 411 2108 442 nostri
2120 409 2210 441 Anno
2222 410 2306 442 sexto.

1967 488 2023 520 Sub
2028 487 2090 530 filis
2103 488 2238 518 canabeis.

1412 622 1462 654 De
1480 619 1651 661 Traffatu,
1674 630 1742 651 cum
1761 617 1911 652 Flandriae
1926 620 2058 659 Comite,
2081 614 2264 662 refitmendo.

1301 705 1358 761 R
1368 705 1394 736 E
1405 704 1454 742 X,
1472 704 1578 735 Nobili
1596 703 1684 742 viro,
1703 703 1838 734 Domino
1854 703 1894 734 R.
1908 702 2022 734 Comiti
2038 701 2194 740 flandriae,
2209 702 2303 733 amico
2317 701 2368 732 suo
2383 693 2452 727 Ann
2474 690 2516 729 D.

1369 743 1529 781 karissimo,
1547 742 1679 780 salutem,
1696 742 1730 773 &
1746 743 1860 773 sincerae
1874 741 2047 773 Dilefflonis
2061 741 2208 772 affedmm.
2407 742 2490 772 13²2·

1336 780 1426 821 Super
1440 782 1586 819 dampnis,
1606 791 1656 819 per
1670 780 1782 811 nostros
1802 782 1835 812 δὲ
1851 780 1957 812 vestros
1973 780 2106 811 Subditos
2126 780 2194 811 hinc
2213 779 2280 810 inde
2303 779 2371 810 datis
2384 777 2438 801 An.
2450 782 2482 809 ¹5
2485 792 2493 800 ·

1298 818 1332 849 &
1345 821 1441 858 illatis,
1458 820 1493 850 ad
1507 819 1631 850 vestram
1653 818 1882 856 Requisitionem
1895 842 1906 858 ,
1929 819 2020 858 plures
2034 819 2183 850 Tradiatus
2203 819 2275 849 inter
2290 817 2372 849 Cori-
2385 817 2417 840 Ε·
2435 821 2460 839 2·

1299 857 1399 889 cilium
1415 859 1543 888 nostrum
1580 858 1617 887 de
1631 857 1772 888 Mandato
1791 856 1908 895 nostro,
1927 859 1961 889 &
1976 857 2085 889 vestros
2098 858 2252 896 Nuncios,
2266 857 2302 887 ad
2313 858 2370 888 hoc
2384 849 2518 886 Claus.15,

1300 895 1329 925 iri
1346 897 1484 936 Regnum
1500 881 1630 926 nosirum
1642 896 1793 934 specialiter
1809 896 1978 934 destinatos,
1995 897 2168 928 habebantur
2179 920 2189 934 ,
2215 895 2276 933 (γι.
2294 902 2375 935 prout
2388 893 2417 916 Ε·
2438 898 2463 915 2·

1291 933 1396 974 fitpra,
1411 936 1442 964 de
1456 938 1528 965 Dat.
1547 940 1583 964 1'2
1599 939 1673 973 Apr.
1688 933 1768 975 usque
1780 933 1837 964 haec
1850 934 1955 970 verba‚·
1973 937 2036 964 viz.
2388 935 2425 956 *73-
2441 937 2482 955 ¹¹-
2492 928 2518 958 l·

1340 973 1379 1005 Et
1400 974 1509 1005 clamor
1531 973 1663 1011 frequens
1687 973 1722 1004 &
1744 972 1863 1003 affiduus
1886 972 1961 1011 apud
1985 972 2055 1003 Nos
2073 975 2259 1012 reportaverit
2279 984 2330 1006 vos
2345 975 2377 1005 in

1300 1011 1394 1044 Terrai
1407 1012 1500 1044 vestra
1513 1011 1652 1051 praediffi
1664 1012 1762 1051 primo
1776 1010 1891 1048 publice
1905 1011 2001 1041 fecisse
2015 1013 2202 1050 proclamari,
2216 1013 2297 1053 quod
2309 1023 2377 1044 om·-

1301 1060 1350 1081 nes
1364 1051 1495 1092 Anglici,
1514 1052 1544 1080 in
1557 1051 1656 1082 eadem
1672 1049 1838 1088 existentes,
1855 1049 1905 1079 sub
1916 1049 2006 1089 poena
2019 1050 2172 1081 amissionis
2186 1051 2372 1092 Corporum,

1301 1091 1335 1121 &
1350 1089 1577 1128 Membrorum,
1595 1100 1629 1120 ac
1644 1088 1810 1127 Bonorum,
1829 1089 1863 1119 ὅσ
1879 1087 2056 1119 Cataflorum
2074 1088 2207 1128 suorum,
2226 1091 2296 1122 infra
2310 1101 2374 1122 cer-

1301 1137 1364 1160 tum
1380 1138 1508 1167 tempus,
1527 1139 1542 1159 a
1557 1129 1640 1159 vobis
1660 1128 1694 1158 ad
1713 1128 1771 1158 hoc
1791 1126 1996 1165 praestitutum,
2015 1127 2138 1159 Terram
2157 1129 2280 1159 vestram
2301 1139 2376 1167 prae-

1302 1167 1409 1199 dieram
1425 1169 1547 1198 exirent:
1568 1165 1602 1198 &
1615 1167 1817 1198 nichilominus
1875 1165 2025 1196 stinodiim
2039 1168 2174 1198 omnium
2187 1167 2376 1198 Subditorum

1303 1205 1485 1244 nostrorum,
1504 1207 1534 1236 in
1550 1206 1643 1237 Terra
1658 1204 1814 1246 praedidffi,
1863 1214 1965 1243 orpora
1980 1214 2079 1243 capta,
2094 1206 2128 1237 ὅ(
2147 1205 2227 1237 Bona
2246 1206 2377 1245 arestata,

1302 1244 1420 1275 detineri
1441 1244 1642 1283 demandfiffe3
1672 1251 1706 1274 ex
1730 1244 1831 1282 quibus
1853 1252 1939 1283 grave
1959 1243 2120 1275 scandalum
2143 1245 2177 1276 &
2204 1245 2377 1285 obloquium

1302 1284 1376 1321 apud
1393 1283 1462 1314 Nos
1478 1283 1637 1321 pululfirunt
1650 1306 1660 1322 ,
1685 1283 1720 1313 &
1739 1282 1912 1312 dissensionis
1935 1283 2050 1313 materia
2070 1283 2142 1313 inter
2162 1283 2273 1314 nostros
2292 1285 2376 1324 (qui,

1304 1332 1337 1352 ex
1351 1322 1498 1362 praemiffis
1513 1322 1539 1352 se
1553 1330 1682 1361 gravatos
1690 1321 1838 1352 sentientes
1850 1343 1860 1359 ,
1885 1321 1920 1351 ad
1941 1319 2124 1352 resistendum
2142 1322 2301 1360 hujusmodi
2312 1332 2376 1362 gra-

1303 1361 1463 1392 vaminibus
1477 1361 1503 1391 se
1517 1361 1630 1401 parant)
1645 1366 1678 1391 ac
1693 1359 1800 1391 vestros
1818 1359 1974 1398 suscitatur,
1993 1361 2027 1392 ὃ(
2048 1359 2155 1391 infinita
2169 1362 2291 1401 pericula
2302 1372 2375 1402 prae-

1304 1402 1451 1431 sumuntur
1464 1401 1596 1438 evenire,
1616 1399 1667 1429 nisi
1683 1398 1845 1429 remedium
1859 1399 1888 1428 in
1903 1399 2047 1435 praemiffis
2061 1398 2176 1430 celerii‘is
2186 1409 2357 1438 apponatur:

1343 1438 1429 1476 Nos,
1448 1438 1611 1469 affectantes
1626 1438 1698 1468 inter
1721 1437 1787 1468 Nos
1803 1437 1837 1468 &
1854 1436 1933 1475 Vos,
1949 1444 1983 1468 ac
1999 1436 2111 1468 nostros
2128 1439 2162 1470 &
2180 1439 2286 1470 vestros
2304 1438 2379 1470 Sub-

1304 1477 1397 1516 ditos,
1415 1478 1490 1514 pacis
1509 1477 1542 1508 &
1557 1475 1724 1508 concordiae
1746 1475 1861 1507 Bonum
1880 1476 2058 1515 continuari,
2076 1475 2138 1512 &c.
2152 1485 2234 1516 prout
2252 1478 2285 1509 de
2302 1480 2376 1508 Dat.

1297 1516 1460 1556 Ji‘tpradiHa‘
1477 1516 1556 1557 usque
1573 1515 1714 1555 adfinem.

1344 1592 1415 1625 Dat.
1430 1593 1503 1632 apud
1519 1593 1672 1632 Eborum,
1691 1593 1711 1623 6
1725 1591 1770 1624 die
1786 1591 1869 1624 Maii.

1948 1634 2003 1662 Per
2015 1631 2098 1672 t'pficm
2113 1633 2218 1672 Regem.

1459 1763 1508 1795 Dc
1525 1762 1662 1808 Navigio
1674 1788 1684 1803 ,
1710 1770 1813 1794 contra
1831 1759 2047 1805 Flandrenfi’s,
2069 1760 2219 1807 parando.

1307 1850 1364 1905 R
1374 1846 1455 1885 EX,
1471 1846 1580 1877 dilectis
1600 1847 1668 1886 sibi,
1688 1845 1844 1877 Baronibus
1856 1869 1866 1885 ,
1890 1847 1925 1878 &
1945 1846 2044 1885 probis
2057 1845 2239 1879 Hominibus
2251 1849 2377 1890 quinque
2393 1842 2471 1876 Ann.
2485 1838 2527 1878 D.
2560 1871 2562 1875 .

1375 1886 1514 1916 Porruum
1527 1885 1661 1924 suorum,
1678 1886 1805 1916 salutem.
2414 1892 2503 1923 1322.

1342 1923 1532 1956 Intelleximus
1552 1923 1632 1963 quod
1654 1924 1831 1954 Flandrenses
1849 1924 1884 1955 δε
1901 1923 1961 1962 alii,
1978 1923 2085 1954 Navali
2105 1923 2237 1956 Potentia
2257 1935 2377 1967 congre·
2389 1926 2443 1950 An.
2463 1931 2507 1959 ¹5-

1304 1963 1383 2003 gata,
1402 1965 1478 1994 circa
1492 1962 1631 1993 costeram
1647 1962 1737 1993 Maris
1751 1963 1851 1993 Terrae
1864 1961 1969 1993 nostrae
1976 1962 2088 2001 Angliae
2097 1985 2106 2001 ,
2124 1963 2290 1995 hominibus
2297 1965 2378 2005 Reg-
2390 1965 2422 1989 Ε.
2444 1970 2470 1990 2.

1306 2004 1336 2032 ni
1349 2002 1439 2032 nostri
1453 2002 1582 2039 praediffl
1595 2002 1789 2039 multipliciter
1808 2001 1980 2038 insidiantes,
1997 2010 2031 2031 ac
2052 2002 2149 2032 Naves
2169 2012 2270 2032 eorum
2286 2005 2376 2035 modo
2390 2003 2451 2028 Pat.
2465 2008 2507 2037 ¹5-

1307 2040 1454 2071 Guerrino
1469 2040 1658 2079 insequentes,
1676 2040 1789 2070 eosdem
1812 2039 1896 2080 Bonis
1908 2040 1941 2070 ὅ(
1961 2039 2061 2070 Rebus
2076 2040 2127 2070 suis
2143 2041 2231 2071 indies
2245 2041 2378 2082 spoliant,
2393 2042 2421 2065 E.
2440 2047 2468 2066 2·

1306 2079 1367 2116 &a
1378 2086 1459 2119 prout
1466 2079 1552 2118 supra
1567 2079 1600 2109 de
1612 2088 1653 2108 20
1665 2078 1758 2117 April.
1775 2076 1854 2119 usque
1869 2078 1926 2108 hac
1939 2077 2044 2116 verba,
2061 2082 2124 2108 viz.
2387 2082 2413 2114 p·
2435 2086 2461 2104 2·

1345 2119 1512 2155 Scripfimus
1528 2126 1621 2148 autem
1634 2117 1745 2148 Comiti
1758 2117 1781 2148 F
1783 2118 1913 2156 landriae,
1932 2117 2013 2156 quod
2028 2117 2083 2157 ipse
2096 2116 2241 2149 Homines
2255 2119 2288 2150 &
2303 2118 2378 2150 Sub-
2387 2125 2423 2144 m·
2441 2115 2482 2144 16·

1306 2158 1378 2188 ditos
1400 2158 1462 2188 suos
1482 2158 1518 2187 ab
1538 2156 1695 2199 hujusmodi
1717 2158 1950 2195 gravaminibus,
1974 2155 2173 2195 Hominibus,
2200 2158 2233 2188 &
2254 2157 2380 2190 Subditis

1307 2196 1409 2227 nostris
1422 2196 1586 2232 inferendis,
1604 2195 1712 2233 desisti,
1731 2195 1765 2226 δε
1781 2195 1896 2233 Nobis,
1915 2195 1982 2233 quid
1997 2195 2076 2231 super
2091 2195 2149 2226 hoc
2168 2195 2261 2226 facere
2278 2197 2382 2228 volue-

1307 2234 1710 2312 {liigfisissliiciffisszssfflgffii
1717 2233 2382 2315 ³pssss¹j335¹2÷155⁰50i2⁶333¹s¹321z&ggii-‘1:233‘

1615 2295 1624 2310 ‚
2367 2291 2381 2298 -

1306 2312 1397 2343 dieto.

1344 2388 1433 2421 Teste
1448 2387 1532 2428 Rege
1546 2388 1619 2428 apud
1632 2388 1779 2428 Eborum,
1801 2398 1816 2428 7
1834 2388 1880 2420 die
1893 2388 1976 2419 Maii.

2002 2429 2058 2457 Per
2069 2425 2154 2466 ipfiaem
2167 2429 2273 2465 Regem.

1308 2552 1336 2579 *ξ
1361 2554 1474 2586 Forma
1487 2552 1848 2600 Prorogana'iftrvitium
1866 2555 1970 2599 Regis,
1993 2551 2078 2598 apud
2088 2552 2217 2585 lVovum
2236 2550 2374 2597 Castrum
2390 2565 2406 2582 ε
2421 2566 2476 2595 ῙῙῙ,
2518 2539 2539 2578 :-

1599 2601 1692 2647 fitper
1706 2601 1822 2650 ‘ljnam
1832 2600 2067 2645 fhmmonitum.
2390 2610 2458 2640 952.

1725 2687 1785 2721 Ad
1798 2688 1945 2722 Praelatos.

1308 2777 1366 2832 R
1377 2773 1458 2814 Ex,
1477 2773 1639 2805 venerabar
1652 2775 1681 2805 in
1697 2772 1816 2805 christo
1830 2772 1926 2812 Patri,
1945 2771 1998 2804 w.
2011 2772 2111 2805 eadem
2126 2774 2235 2815 gratis,
2254 2775 2377 2808 Arene-
2392 2774 2470 2805 Anu.
2485 2760 2528 2807 D}

1376 2815 1493 2853 piscopo
1507 2813 1655 2852 Eborum,
1675 2813 1788 2853 Angliae
1802 2812 1920 2844 Primati
1953 2812 2076 2844 salutem.
2416 2822 2503 2854 1322.

1344 2853 1428 2884 Ciim
1448 2862 1537 2890 nuper
1565 2852 1791 2883 ordinaverimus
1812 2851 1868 2882 esse
1882 2875 1892 2890 ,
1918 2836 2056 2882 l'Jomino
2076 2852 2253 2884 concedente
2267 2877 2277 2892 ,
2301 2852 2375 2893 apud
2390 2855 2443 2879 Aa.
2466 2861 2523 2890 ¹5·'

1305 2890 1434 2922 Novum
1459 2890 1592 2922 Castrum
1613 2890 1691 2929 super
1714 2890 1830 2930 Tyriam
1846 2913 1857 2929 ,
1880 2892 1910 2921 in
1933 2890 2054 2922 octabis
2074 2890 2189 2921 Sanetae
2209 2892 2423 2930 Trinitatis,·E.
2443 2899 2470 2918 2-

1305 2931 1441 2967 proxime>
1453 2930 1570 2968 futuris,
1588 2939 1656 2960 curn
1677 2928 1830 2960 Excercitu
1850 2928 1953 2960 nostro
1968 2952 1978 2967 ,
2004 2930 2039 2961 &
2053 2936 2118 2961 toto
2133 2929 2274 2969 servitio,
2292 2931 2378 2960 nobis
2393 2928 2531 2966 Clarus-152*

1305 2969 1424 3008 debito,
1443 2970 1476 3000 ad
1490 2967 1728 3008 proficiscendum
1742 2967 1844 2998 exinde
1860 2977 1960 2999 contra
1974 2967 2095 3005 Scotos,
2112 2966 2249 2998 inimicos
2265 2967 2300 2999 &
2316 2968 2378 2999 Re·
2390 2970 2420 2994 E·
2439 2974 2466 2998 20¹

1305 3008 1389 3052 belles
1401 3008 1541 3078 ἓὲίὶῑοεέ
1548 3006 1582 3038 ad
1601 3007 1726 3047 ipsorum
1739 3006 1910 3038 obstinatam
1932 3006 2092 3044 Malitiam,
2109 3015 2179 3036 cum
2193 3005 2254 3037 Dei
2267 3006 2380 3046 adjuto-
2390 3015 2428 3034 m·
2449 3014 2475 3042 7·
2487 3004 2515 3034 1-

1306 3057 1350 3078 rio
1387 3058 1399 3077 r
1442 3057 1521 3077 aenan
1543 3055 1606 3076 um:

1346 3070 1384 3116 ἐκ
1399 3086 1482 3116 vobis
1505 3084 1730 3115 mandaverimus
1743 3084 1823 3124 quod
1838 3107 1848 3122 ‚
1875 3085 1905 3114 in
1922 3082 2004 3113 dietis
2021 3081 2156 3126 Qistabis,
2175 3083 2317 3116 haberetis
2335 3092 2383 3116 to-

1309 3133 1373 3155 turn
1388 3124 1560 3162 Servitium,
1578 3124 1656 3163 quod
1676 3122 1776 3154 Nobis
1789 3122 1909 3160 debetis,
1931 3120 2004 3158 apud
2024 3120 2131 3152 dieram
2145 3121 2250 3153 Villam
2263 3121 2299 3153 de
2312 3123 2384 3154 No-

1310 3174 1352 3193 vo
1365 3162 1470 3194 Castro
1485 3185 1495 3200 ,
1518 3170 1686 3201 promptum
1707 3161 1741 3192 &
1779 3170 1885 3191 aratum
1904 3159 1938 3190 ad
1957 3157 2195 3196 proficiscendum
2209 3160 2310 3192 exinde
2329 3172 2385 3193 no-

1310 3202 1422 3232 biscum
1437 3209 1537 3231 contra
1551 3199 1687 3230 Inimicos
1703 3200 1736 3230 &
1783 3199 1884 3229 ebelles
1899 3197 2010 3228 nostros
2020 3198 2204 3236 supradidlws:
2347 3234 2353 3235 ἶ

1351 3240 1397 3270 Ac
1409 3240 1468 3278 jam
1483 3240 1513 3269 in
1529 3238 1654 3276 praesenti
1677 3237 1866 3268 Parliamento
1886 3236 1985 3267 nostro
2000 3260 2010 3276 ,
2036 3237 2110 3276 apud
2133 3237 2265 3269 Eborum
2277 3262 2288 3279 ,
2311 3239 2385 3270 adie

1314 3278 1428 3308 Paschae
1443 3277 1576 3317 proximo
1589 3278 1747 3315 pi-aeterito,
1766 3277 1795 3306 in
1814 3285 1866 3307 tres
1888 3276 1914 3306 se
1936 3277 2055 3307 timanas
2075 3275 2272 3316 Convocato,
2290 3278 2325 3308 ad
2341 3279 2386 3309 in-

1312 3317 1432 3346 stantem
1446 3314 1657 3354 requisitionem
1671 3314 1877 3352 Praelatorum,
1943 3315 2064 3353 mitum,
2083 3314 2243 3354 Baronum,
2261 3317 2295 3348 &
2314 3315 2384 3346 alio—

1313 3365 1377 3386 rum
1394 3354 1549 3385 Procerum
1564 3353 1660 3392 Regni
1674 3352 1776 3392 nostri,
1793 3353 1943 3384 nobiscum
1956 3353 2063 3383 ibidem
2075 3353 2273 3393 existentium,
2290 3354 2384 3384 oonsi-

1313 3393 1413 3424 deratis
1427 3393 1520 3423 multis
1530 3392 1711 3431 commodis,
1727 3402 1793 3431 quae
1807 3393 1890 3423 nobis
1904 3392 1938 3423 ὃ(
1961 3390 2148 3429 Magnatibus
2160 3391 2257 3432 Regni
2275 3391 2384 3431 nostri,

1314 3433 1362 3469 qui
1378 3432 1526 3462 nobiscum
1540 3430 1574 3460 ad
1593 3439 1682 3468 partes
1701 3431 1845 3469 praediecas
1867 3432 1896 3461 in
1912 3430 2078 3468 obsequium
2095 3430 2226 3462 nostrum
2239 3429 2300 3460 sunt
2314 3440 2386 3461 ven-

1313 3467 2382 3546 ‘0sini{i‘ssffssl‘rinissfissmssa‘zi'assssssgssssssffirssssffiifie{2¹¹3}ssssdissignat„

1312 3546 1388 3616 gean
1408 3546 1512 3586 Jacobi
1533 3545 1689 3585 Apostoli,
1712 3548 1849 3588 proximo
1881 3554 1991 3578 uturam
2005 3569 2015 3585 ,
2039 3546 2198 3577 duxerimus
2217 3543 2384 3583 prorogan-

1334 3595 1396 3616 um·

1352 3609 1445 3654 Vobis
1461 3623 1641 3662 mandamus,
1655 3625 1685 3654 in
1699 3623 1754 3654 fide
1767 3624 1801 3654 &
1816 3624 1986 3662 dileffione,
2003 3623 2103 3662 quibus
2115 3619 2214 3651 Nobis
2225 3623 2386 3662 tenemini,

1313 3662 1430 3693 firmiter
1448 3663 1509 3700 inju
1547 3671 1625 3693 erit&
1636 3684 1645 3699 ,
1671 3663 1751 3700 quod
1773 3664 1803 3693 in
1821 3663 1899 3694 dieta
1913 3660 2015 3701 vigilia
2034 3659 2156 3690 habeatis
2173 3667 2268 3690 totum
2289 3660 2384 3693 Servi·-

1315 3702 1406 3739 tium,
1423 3700 1501 3739 quod
1553 3702 1616 3731 obis
1629 3700 1752 3740 deberis,
1767 3702 1840 3741 apud
1849 3702 1960 3732 'did‘ram
1980 3699 2081 3742 Villam
2095 3697 2131 3728 de
2150 3697 2247 3742 Novo
2260 3697 2384 3739 Castro,

1314 3737 2086 3809 {i’{giffspffii‘riiss‘offsssi‘i‘ssssi‘iess'sssfifiisgssndff3335}
2099 3735 2385 3807 ἕὲῗὲἷῗὲηεοέἑξ

1314 3815 1374 3860 Dei
1395 3816 1534 3860 adjutorio
1548 3839 1558 3855 ‚
1582 3825 1612 3847 ut
1633 3817 1796 3856 praedicitur
1808 3840 1818 3856 ‚
1842 3800 2049 3847 rest'aenandum
2063 3825 2076 3851 3
2096 3813 2130 3845 &
2149 3812 2208 3844 hoc
2230 3798 2386 3846 nullatenus

1313 3863 1458 3885 omittatis.

1312 3922 1320 3925 π
1352 3930 1440 3982 Teste
1453 3930 1535 3971 Rege
1551 3931 1624 3971 apud
1640 3931 1789 3972 Eborum,
1810 3941 1856 3963 ιι.
1869 3931 1915 3962 die
1927 3929 2010 3960 Maii.

1775 4011 1829 4039 Per
1841 4005 1923 4047 ipficm
1937 4008 2033 4045 Regem
2046 4004 2084 4042 ὠ
2099 4004 2251 4038 Concilium.
2309 4028 2311 4030 -

2271 4043 2387 4078 Eodem
