2562 4279
125 123 211 176 '134

0 210 55 236 mn.
73 203 115 236 D.
137 205 276 238 Potestate
293 204 439 238 sufficienti
456 202 490 235 ad
503 202 699 234 TraCtandum
717 200 752 231 de
768 199 893 236 Treugis
912 198 945 228 &
960 196 1037 227 Pace
1049 194 1211 237 praedici-1⁵3

8 253 94 283 1342.
136 244 170 277 &
188 247 217 276 in
235 246 315 283 casu,
333 255 390 282 quo
409 253 469 281 pars
483 243 564 273 altera
582 251 632 281 pro
649 240 731 270 dicto
748 238 883 269 Traeiam
900 236 1058 273 solempnes
1076 233 1211 264 Nuncios

0 284 48 311 dv.
67 292 94 320 3.
136 293 249 322 propter
267 285 323 313 hoc
340 282 475 312 destinare
493 280 629 316 curasset,
653 286 758 316 paratos
782 276 930 307 habuimus
947 274 1105 318 solempnes
1123 270 1211 312 Nun-

136 325 198 353 cios
211 324 288 361 juxta
306 321 406 358 Mare,
423 321 490 359 qui,
507 329 564 356 quo
581 317 662 348 citius
681 315 843 346 innotuisset
865 315 903 344 eis
921 313 958 344 de
976 312 1107 343 missione
1125 310 1212 340 Nun-

135 362 245 392 ciorum
262 360 344 397 partis
361 359 483 396 alterius,
501 358 566 387 illuc
585 355 666 386 illico
684 352 892 397 praeparassent.
997 389 1002 394 ⁵
1091 388 1096 394 -
1114 389 1122 396 x

172 399 234 436 Set,
253 399 324 428 cum
343 397 497 435 sperabatur
512 394 662 425 Traditus
681 392 865 423 amicabiliter
877 388 1022 427 inchoari,
1038 388 1148 433 subito,
1162 391 1211 424 pe‘r

134 436 333 473 Arrogantiam
351 436 434 473 partis
451 435 575 471 alterius,
592 431 755 470 diffoiutus,
772 432 806 462 &
820 430 898 460 idern
915 428 1091 472 Adversarius
1106 424 1212 468 noster,

135 474 242 507 violatis
258 474 399 512 Treugis,
416 482 484 504 tunc
510 473 580 502 inter
600 470 668 501 Nos
685 471 718 501 &
736 469 827 508 ipsum
845 467 1049 510 pendentibus,
1070 465 1211 509 Excerci-

135 521 198 544 tum
217 522 355 550 magnum
374 512 447 542 misit
470 510 559 541 versus
582 509 732 540 Ducatum
747 507 875 539 nostrum
893 506 1071 549 Aquitaniae,
1089 514 1137 543 qui
1155 503 1211 533 ibi-

135 551 203 582 dem
219 550 353 588 Dampna
369 560 427 580 non
446 549 560 580 modica
576 548 716 578 fidelibus
733 546 832 578 nostris
850 547 992 585 irrogaVit.
1092 581 1097 586 ι

171 588 251 619 Misit
270 590 355 619 etiam
373 588 473 620 Piratas
491 587 552 618 suos
566 585 644 624 supra
665 586 766 624 Mare,
786 586 836 623 qui
855 583 1004 615 nonnullos
1021 580 1144 625 subditos
1157 588 1211 610 no-

132 626 218 665 strOS‚
242 627 328 658 Mare
345 627 394 657 sub
412 627 555 658 dictarum
574 626 758 662 Treugarum
778 623 882 655 fiducia
898 617 1209 666 navigantessspacifice,

131 666 267 696 hostiliter
284 665 502 704 depraedarunt,
526 664 724 695 interfecerunt
747 664 781 694 &
799 661 947 694 crudeliter
966 658 1157 696 trucidarunt,
1175 657 1209 688 &

132 703 248 743 Pe'ora,
265 715 328 743 quae
348 713 495 742 poterunt,
514 702 606 733 facere
626 702 788 733 moliuntur.
1034 737 1039 741 -
1108 735 1114 741 ⁶

167 714 208 774 ita
223 743 302 783 quod
322 744 356 773 ad
376 742 574 774 Refistentiam
592 741 715 771 subditos
739 739 847 771 nostros
869 735 1012 769 necessitas
1028 745 1088 779 jam
1106 732 1209 771 impel-

130 781 198 851 lits,
210 782 258 822 qui
274 804 284 820 ,
308 783 432 813 nimium
455 781 624 820 provocati,
643 779 763 818 vellent,
789 779 810 810 fi
827 775 938 817 possent
953 800 963 815 ,
988 775 1100 822 soriitan
1118 773 1146 803 se
1165 771 1209 802 ul-

131 830 208 851 cici.

174 858 291 897 Propter
306 858 400 899 quod,
418 857 545 896 praesenti
565 857 690 888 fervente
708 855 800 886 furore
812 878 821 893 ,
843 853 986 893 quousque
1004 850 1050 881 flat
1068 858 1209 888 tempera-

129 906 260 929 mentum
280 899 405 935 uberiuS,
424 907 483 927 non
503 896 644 927 credimus
660 896 824 925 Transitum
843 893 948 930 Maris,
974 888 1207 933 fine-Conduetu

127 937 224 973 bono,
243 937 323 966 vobis
341 937 374 967 &
392 936 489 966 vesti-is
506 936 566 966 fore
584 935 714 972 Tutum,
737 933 817 971 super
837 941 894 970 quo
912 940 962 960 vos
982 929 1116 972 duximus
1134 937 1207 971 prce-

127 976 255 1014 munire,
274 976 338 1013 quia
355 975 491 1005 nollemus
508 974 603 1013 quod,
621 975 652 1003 in
670 971 830 1010 veniendo,
848 970 930 1002 vobis
946 968 993 998 vel
1011 966 1106 999 vestris
1129 975 1207 997 acci-

128 1014 206 1045 deret
223 1015 291 1052 quid
310 1013 459 1044 sinistrum.
922 1047 926 1052 .
952 1046 957 1052 ²
1184 1042 1189 1047 ¹

165 1051 219 1090 Et,
237 1054 300 1091 quia
319 1052 355 1083 de
372 1052 524 1083 sinceritate
549 1049 648 1081 vestrae
673 1049 855 1080 conscientiae
879 1053 1046 1085 opinionem
1070 1042 1207 1082 probabi-

127 1091 185 1122 lem
204 1093 378 1129 optinemus,
397 1091 482 1130 plane
496 1090 578 1121 vobis
595 1089 736 1127 loquimur
754 1089 789 1120 δε
808 1087 932 1118 fidenter.

167 1130 236 1160 Satis
254 1139 346 1160 autem
362 1130 465 1160 scimus
484 1128 618 1167 qualiter,
645 1137 694 1166 per
713 1127 865 1158 Tractatus
882 1124 1025 1168 simulatos
1033 1145 1052 1165 ,-
1061 1120 1146 1152 delusi
1164 1119 1207 1150 su-

130 1177 194 1200 mus
213 1170 242 1198 in
260 1170 413 1206 praeterito·
437 1168 504 1198 ideo
524 1167 643 1198 libenter
662 1175 824 1196 caveremus
842 1166 857 1194 :⁸1
875 1164 972 1195 talibus
989 1172 1019 1192 in
1037 1167 1167 1191 tuturum.

168 1206 286 1245 Propter
305 1207 381 1245 quod
398 1192 557 1245 specialius,
573 1215 630 1244 quo
648 1204 807 1243 possumus,
825 1213 876 1235 vos
894 1210 1044 1246 rogamuS,
1062 1199 1188 1238 quatinus

128 1246 149 1277 si
166 1246 260 1276 secure
278 1246 401 1284 poffitis,
427 1255 478 1284 pro
497 1253 593 1283 certo,
620 1243 699 1281 quod
718 1253 779 1282 pars
796 1242 877 1273 altera
892 1242 959 1271 velit
978 1239 1070 1284 adhuc
1089 1236 1165 1281 cond
1194 1253 1207 1259 -

128 1284 248 1315 cendere
263 1286 379 1324 rationi,
396 1285 429 1316 ὅ(
448 1283 529 1322 Qid
547 1283 581 1314 &
600 1283 749 1321 Qiantum
766 1291 819 1319 pro
839 1282 918 1311 bono
934 1278 1012 1309 Pacis
1027 1276 1062 1307 ad
1075 1276 1207 1307 ultimum

129 1324 214 1355 nobis
229 1323 320 1354 facere
337 1323 476 1361 voluerit,
497 1332 567 1353 curn
585 1321 708 1359 effeetu,
725 1321 816 1351 velitis
835 1319 900 1350 Nos
917 1318 998 1355 super
1016 1316 1074 1346 hoc
1092 1314 1209 1358 reddere

128 1363 276 1401 certiores,
303 1363 338 1394 &
357 1362 423 1393 Nos
440 1362 522 1392 vobis
543 1359 718 1398 Responsum
738 1358 872 1389 festinum
888 1358 921 1388 ὃς
940 1364 1101 1399 congruum
1120 1351 1208 1398 facie-

130 1410 208 1433 mus:
232 1401 274 1432 Ita
292 1401 372 1440 quod
391 1410 459 1432 tunc
475 1422 486 1437 ,
511 1399 531 1430 si
551 1407 626 1429 certa
643 1397 701 1435 spes
718 1397 797 1428 Pacis
813 1396 915 1428 arideat
931 1418 941 1434 ,
965 1393 1072 1438 possitis
1096 1392 1208 1436 ulterius

128 1440 306 1477 interponere
323 1448 409 1479 partes
426 1438 526 1470 vestras
542 1460 552 1476 ,
576 1437 609 1468 &
641 1438 700 1475 (per
722 1435 780 1466 Dei
805 1435 935 1475 gratiam)
965 1436 1003 1464 iic
1030 1440 1207 1463 inveniemur

128 1478 335 1517 Ratioiiabiles,
353 1477 432 1518 quod
449 1476 538 1507 nichil
553 1477 633 1506 nobis
650 1476 749 1506 debeat
767 1475 910 1512 imputari.

168 1517 244 1549 Alias
261 1526 369 1556 autem,
393 1515 499 1546 sinistra
517 1515 618 1552 inniti,
643 1515 677 1545 &
695 1524 746 1544 nos
765 1514 822 1544 sine
839 1512 934 1543 fruetu
952 1510 1129 1550 protrahere,
1147 1517 1206 1538 non

127 1555 239 1587 cederet
256 1556 337 1586 vobis
355 1555 389 1585 ad
409 1553 556 1592 Laudem,
574 1553 620 1583 vel
640 1552 800 1592 Meritum,
817 1552 851 1584 ὃ(
868 1552 950 1582 nobis
970 1550 1044 1582 foret
1063 1548 1207 1580 Nocuum

128 1593 360 1625 inaestimabiliter
378 1593 413 1624 δε
432 1591 643 1630 Dampnosum.

163 1632 233 1665 Dat.
247 1632 320 1673 apud
339 1631 460 1665 Turrim
480 1631 615 1664 London.
632 1630 740 1662 oc‘tavo
757 1629 804 1662 die
821 1628 949 1670 Augusti.

127 1783 178 1817 De
200 1784 367 1817 Excercitu
397 1779 442 1814 ad
464 1790 566 1827 partes
597 1778 821 1824 transmarinas
846 1778 918 1823 jam
942 1773 1109 1822 transmtffoe
1127 1800 1138 1817 ,
1169 1775 1205 1812 &¹

418 1827 455 1862 de
476 1829 608 1876 Paffiogio
632 1830 721 1875 Regis
747 1825 897 1859 ordinato.

1 1924 50 1946 nii.
63 1913 106 1944 D.
134 1915 259 1975 REX
274 1939 283 1954 ‚
309 1913 470 1959 Venerabili
488 1915 518 1944 in
534 1912 653 1958 Christo
669 1912 744 1957 Patri
791 1912 816 1957 J
834 1912 932 1957 eidem
952 1910 1040 1949 gratia
1053 1932 1063 1949 ,
1088 1907 1207 1940 Archie-

0 1962 87 1994 1342.
231 1954 288 1985 isco
305 1953 514 1998 Cantuariensi,
532 1961 615 1983 totius
632 1952 743 2021 Anqhae
766 1992 770 1996 ι
787 1961 893 1990 rimati,
913 1950 1047 1981 Salutem.
1063 1988 1067 1993 ι

0 2004 24 2021 η.
42 1994 86 2021 16.
165 1993 213 2024 Vo
224 2002 299 2024 entes
318 1992 427 2030 pridem
445 1991 668 2023 condescendere
714 1991 824 2022 recibus
841 1990 875 2021 ὃ(
902 1988 1122 2020 Persuasionibus
1136 2010 1145 2026 ,
1171 1994 1206 2016 ex

22 2041 47 2068 3-
131 2040 223 2071 parte,
241 2030 404 2062 sanfflffimi
419 2030 520 2069 Patris,
544 2029 667 2061 Domini
685 2029 843 2060 Clementis
861 2028 947 2066 Papae
965 2027 1061 2066 Sexti,
1088 2035 1137 2064 per
1156 2025 1208 2056 Li-

0 2070 2 2078 '
129 2080 195 2102 teras
213 2071 247 2102 &
266 2070 400 2101 Nuncios
414 2070 497 2100 nobis
514 2068 611 2107 faffls,
637 2068 674 2099 de
692 2068 784 2107 Pace,
811 2067 857 2098 seu
876 2067 1003 2103 Treugis
1017 2088 1027 2104 ,
1053 2075 1124 2096 cum
1143 2063 1204 2095 Ad-

98 2129 105 2136 ·
128 2109 246 2141 versario
265 2108 359 2140 nostro
378 2108 504 2139 Franciae
521 2107 649 2138 ineundis
666 2119 674 2136 :
702 2117 810 2146 paratos
830 2116 882 2137 iios
899 2106 1052 2144 optulimus
1074 2104 1109 2134 ad
1131 2103 1205 2133 Tra-

100 2167 105 2173 ·
127 2148 263 2179 &andum
287 2158 357 2178 curri
378 2146 553 2185 Deputandis
572 2156 619 2184 per
637 2145 752 2177 dicium
769 2144 965 2176 Adversarium
984 2142 1020 2174 de
1038 2140 1205 2186 praemissis,

127 2188 161 2219 &
183 2196 297 2225 propter
325 2187 382 2218 hoc
407 2185 536 2225 Alligatis
560 2184 660 2216 nostris
680 2185 785 2216 Literas
803 2184 837 2216 &
856 2183 991 2215 Nuncios
1007 2180 1206 2213 transmisimus

125 2226 269 2266 speciales:
1065 2259 1088 2265 ..
1120 2259 1126 2265 ε
1151 2259 1157 2264 ·
1173 2258 1179 2263 η

162 2265 208 2297 Set
226 2265 319 2296 dietus
337 2263 517 2296 Adversarius
537 2261 650 2301 noster,
667 2263 733 2301 qui,
751 2262 860 2293 violatis
867 2261 1011 2298 Treugis,
1029 2269 1104 2298 prius
1118 2267 1203 2297 initis,

125 2304 232 2335 Fideles
251 2303 361 2334 nostros
378 2302 530 2342 depraedari
550 2301 669 2340 fecerat,
683 2302 715 2332 ὃ(
728 2300 864 2339 interfici,
879 2300 1048 2331 Tractatum
1064 2298 1139 2336 pacis
1153 2297 1205 2328 de-

96 2360 101 2366 ·
126 2343 258 2381 dinavit,
277 2344 306 2372 in
325 2342 414 2373 nostri
432 2344 464 2374 &
479 2340 640 2371 nostrorum
657 2340 875 2371 Subversionem
892 2339 1043 2377 conjurans
1056 2338 1074 2356 *³
1092 2346 1145 2375 pro
1160 2337 1205 2367 vi-

126 2383 203 2414 ribus
221 2383 254 2412 &
274 2381 439 2419 conspirans.
1115 2414 1120 2418 Ι

161 2420 277 2460 Propter
296 2420 372 2458 quod
405 2418 585 2450 desiderantes
602 2420 659 2449 tam
679 2416 875 2448 discriminosis
887 2415 1034 2456 periculis,
1052 2413 1149 2450 nobis,
1167 2421 1202 2442 ac

122 2459 234 2495 Regno
251 2458 349 2489 nostro
368 2443 497 2495 Angliae,
514 2458 547 2488 &
564 2456 697 2487 Ecclesiae
717 2455 885 2493 Anglicanae
912 2455 973 2493 (nisi
989 2453 1070 2484 Deus
1085 2451 1200 2496 avertat)

123 2499 257 2535 obviare,
276 2496 422 2534 Magnum
441 2496 602 2526 Exercitum
623 2495 824 2532 Armatorum,
842 2493 875 2524 ad
893 2493 1105 2532 reprimendum
1119 2492 1201 2534 ipsius

124 2535 285 2568 Adversarii
314 2535 402 2565 nostri
422 2534 564 2565 Malitiam
579 2557 589 2572 ,
613 2533 646 2564 &
666 2543 718 2571 pro
744 2532 917 2563 Defensione
943 2531 1043 2569 Regni
1061 2528 1150 2560 nostri
1168 2527 1201 2558 &

123 2574 262 2607 'Ecclesiae
279 2574 481 2612 praedistorum
500 2572 648 2603 neceffaria
658 2594 668 2610 ,
683 2572 743 2609 jam
758 2571 791 2602 ad
808 2580 897 2609 partes
910 2570 1101 2601 transmarinas
1116 2576 1202 2599 trans-

127 2614 266 2644 misimus:
288 2613 356 2643 Nos
374 2613 458 2643 etiam
476 2610 636 2649 Paliagium
655 2609 783 2640 nostrum
801 2609 890 2641 versus
908 2617 994 2647 partes
1012 2608 1069 2640 illas
1087 2615 1200 2646 propter

126 2654 184 2685 hoc
202 2651 410 2689 ordinavimus,
430 2651 497 2681 sicut
515 2657 646 2687 oportet,
665 2648 790 2678 validum
809 2649 842 2679 &
861 2647 1008 2678 festinum:

73 2723 76 2727 ,
164 2691 200 2721 Et
216 2692 279 2728 quia
294 2690 370 2727 supet
387 2690 440 2720 hiis
458 2690 492 2720 &
509 2688 585 2726 aliis,
603 2687 685 2725 Nos,
703 2697 736 2717 ac
755 2687 863 2717 Statum
877 2708 888 2724 ,
913 2687 947 2717 &
967 2686 1111 2723 Regimen
1129 2683 1202 2714 dieti

129 2729 254 2767 Regni,
276 2728 469 2760 defensionem
485 2728 518 2759 ὃς
538 2728 681 2757 honorem
699 2725 785 2756 dietae
810 2725 944 2756 Ecclesiae
959 2747 969 2762 ,
993 2724 1026 2754 &
1052 2723 1202 2766 utilitatem

124 2767 302 2806 Reipublicae
316 2791 325 2805 ,
351 2767 464 2798 summe
488 2765 666 2803 tangentibus
679 2787 689 2802 ,
714 2772 744 2795 ut
763 2763 976 2795 Communibus
994 2762 1130 2792 Periculis
1149 2770 1197 2798 per

124 2806 302 2837 Communia
320 2805 444 2836 Consilia
460 2805 609 2843 obvietur,
634 2802 776 2834 Auxilium
794 2804 827 2834 &
845 2801 1059 2833 Avisamentum
1076 2799 1199 2843 vestrum

124 2846 158 2877 ὅ(
176 2843 422 2881 Suffraganeorum
441 2843 597 2875 vestrorum
612 2865 621 2880 ,
651 2851 685 2873 ac
703 2840 801 2881 Cleri,
829 2841 984 2872 vestrarum
1002 2839 1142 2871 Dioeceiis
1161 2838 1195 2869 &

127 2883 309 2921 Provinciae,
326 2883 428 2914 habere
447 2883 589 2920 volui-nus,

160 2921 232 2953 Ideo
258 2921 411 2958 specialiter
429 2931 478 2951 vos
495 2931 628 2957 rogamus
640 2944 650 2960 ,
674 2921 707 2952 &
722 2921 752 2950 in
770 2919 825 2950 fide
842 2919 875 2951 &
892 2919 1047 2950 dileffione
1063 2941 1074 2956 ,
1097 2917 1197 2956 quibus

125 2961 208 2992 nobis
225 2961 382 2998 tenemini,
399 2961 483 2990 vobis
499 2961 674 2998 injungimus
690 2960 723 2990 &
742 2958 921 2997 mandamus,
939 2957 1018 2997 quod
1032 2958 1067 2988 ad
1080 2955 1198 2988 Senum

125 3000 219 3038 diem,
237 2998 299 3037 post
318 2997 429 3030 Festum
444 2998 541 3029 Sancti
557 2997 707 3028 Michaelis
717 2999 849 3035 proximo
865 2997 1006 3034 futurum,
1022 2996 1116 3027 dffltos
1130 2992 1196 3025 Suf-

126 3038 275 3075 fraganeos
300 3036 405 3068 vestros
418 3060 428 3075 ,
459 3037 492 3068 &
510 3036 647 3075 Clerum,
672 3037 701 3066 in
721 3035 848 3066 Ecclesia
865 3036 960 3067 Sanffi
979 3035 1055 3065 Pauli
1075 3033 1195 3064 Londo-

127 3078 183 3106 niae
190 3099 200 3115 ,
217 3077 373 3106 convocari
388 3076 509 3114 faciatis,
529 3075 566 3105 ita
583 3074 663 3114 quod
680 3085 730 3105 vos
748 3075 781 3106 &
799 3074 848 3113 ipsi
866 3075 918 3105 sitis
935 3084 1002 3105 tunc
1021 3073 1128 3104 ibidem
1151 3071 1195 3103 su-

125 3125 176 3156 per
202 3113 345 3152 praemissis
361 3137 370 3152 ,
393 3124 462 3145 curn
480 3113 657 3151 Deputandis
674 3123 722 3151 per
742 3123 792 3143 rios
804 3136 814 3151 ,
832 3113 850 3143 si
869 3113 1012 3151 praesentes
1037 3122 1097 3142 non
1114 3111 1197 3141 fueri-

127 3163 206 3191 mus,
224 3152 379 3190 tractatuti,
397 3153 430 3184 &
449 3152 572 3183 vestrum
591 3151 752 3182 Consilium
764 3152 797 3182 &
811 3151 954 3182 Auxilium
970 3150 1139 3188 impensuri,
1154 3149 1197 3180 ul-

126 3190 264 3229 teriusque
289 3190 390 3221 faeturi
417 3191 493 3230 quod
518 3200 585 3221 tunc
609 3190 716 3221 ibidem
736 3191 886 3227 contigerit
909 3190 1048 3228 ordinari,
1069 3189 1103 3220 &
1119 3188 1200 3228 hoc,

128 3230 198 3262 sicut
214 3229 295 3266 Nos,
312 3229 346 3260 &
363 3229 513 3260 Honorem
533 3229 678 3268 nostrum,
695 3229 824 3267 diligitis,
842 3229 994 3260 nullatenus
1011 3227 1154 3258 omittatis.

165 3267 253 3299 Teste
272 3267 357 3306 Rege
374 3268 448 3307 agud
467 3268 585 3299 Turrim
604 3268 739 3299 London.
757 3267 875 3298 decimo
892 3269 991 3306 quinto
1005 3267 1052 3297 die
1067 3263 1198 3304 Augusti.

763 3347 818 3375 Per
833 3345 916 3386 ipficm
934 3346 1038 3383 Regem.

165 3423 301 3465 Consimile
321 3428 413 3455 Breve
431 3425 559 3463 dirigitur
577 3422 777 3462 Archiepiscopo
794 3421 915 3452 Eborum
932 3419 1047 3459 Angliae
1065 3421 1199 3450 Primati.

131 3463 193 3493 Vid.
210 3466 255 3493 M.
278 3473 324 3502 ¹4·
344 3465 376 3494 dc
394 3467 466 3494 Dat.
488 3473 524 3503 30
541 3463 582 3493 die
598 3466 670 3501 Sept.

134 3603 229 3647 Super
254 3601 386 3648 Paffizgio
411 3603 497 3647 Regis
519 3600 623 3646 vcrfits
634 3610 739 3647 partes
758 3602 907 3641 Francia,
935 3601 971 3638 ὠ·
990 3598 1083 3631 altero
1098 3600 1201 3632 Exer-

351 3653 414 3682 citu
438 3649 482 3682 ad
497 3659 598 3695 partes
620 3653 719 3682 scotia
739 3648 980 3694 transmittendo.

0 3740 59 3771 mn,
75 3735 117 3770 D,
137 3731 276 3788 REX,
292 3733 451 3778 Venerabili
468 3735 497 3763 in
516 3733 634 3777 Christo
653 3733 745 3778 Patri,
756 3733 784 3772 J.
800 3733 904 3778 *eadem
921 3732 1029 3771 gratia,
1052 3730 1204 3771 Archiepi-

13 3786 97 3817 1342,
210 3769 295 3813 scopo
306 3771 518 3816 'Cantuarien'ffi
535 3781 617 3816 totius
631 3771 745 3816 Anglize
760 3771 875 3815 Primam
885 3795 895 3810 ,
913 3771 1044 3816 Salutem.
1173 3809 1178 3814 ⁸

0 3821 38 3845 ga,
58 3818 100 3843 16,
176 3806 325 3853 Terribilis
341 3820 370 3839 in
381 3810 514 3853 Judiciis,
531 3811 564 3841 ὃς
579 3810 757 3854 inscrutabilis
779 3820 808 3839 m
821 3809 969 3847 Consilus,
986 3808 1052 3840 Rex
1067 3807 1204 3848 Caelestis,

0 3860 17 3883 χ
159 3855 187 3876 ui
201 3844 288 3882 digne
307 3847 422 3882 flagellat
440 3848 524 3878 Filios
537 3859 608 3886 quos
627 3849 737 3886 diligit,
761 3847 883 3878 ostendit
901 3848 1062 3888 plerumque
1076 3848 1206 3885 peccanti

0 3894 72 3930 'ms‘
142 3882 425 3954 sssssffiesissvssiim’
438 3885 892 3955 fgffaiinffffiir'ff‘dssffsssstffl
904 3886 962 3917 (ωδ
976 3886 1143 3925 humssm'
1163 3893 1205 3924 ‘¹⁸'

0 3930 117 3998 ,ὄξῃὶ
153 3935 162 3954 ι
176 3959 324 3991 Pensantes
342 3933 437 4002 itaq’ug
451 3964 555 3998 quantis
570 3935 744 3994 GuerrLiirunm
767 3934 964 3994 Incojiilisiiiodis
977 3962 1011 3994 ὃς
1027 3961 1208 3994 Adverfitati-

0 4007 31 4036 ,3,
46 4008 71 4037 A,
139 4000 196 4043 bus·
206 3998 274 4030 Nos
292 3998 325 4029 ὃς
336 3997 475 4041 subJeEtus
487 4001 569 4030 nobis
582 4001 719 4045 Populus,
739 4001 860 4045 peccatis
873 4001 985 4048 nostris,
1003 4001 1048 4048 vel
1059 4001 1141 4039 ipsius
1147 4000 1207 4030 Po-

141 4037 217 4077 puli,
231 4036 278 4071 seu
290 4035 428 4077 utriusque
441 4035 555 4069 forsitan
566 4041 757 4079 cingentibus,
774 4039 879 4073 fuimus
887 4062 898 4079 ,
914 4040 1030 4078 alonge
1048 4047 1122 4073 retro
1133 4047 1206 4072 tem·

562 104 1364 173 C'ONVENTIONES,
1421 103 1815 153 LITERAE,

1251 192 1385 230 poribus,
1403 191 1437 236 ξε
1458 191 1568 230 adhuc,
1587 189 1680 236 furnus
1701 191 1864 222 immaniter
1878 189 2013 230 laceffiti,
2030 200 2065 224 ac
2081 191 2258 226 facultatibus
2270 194 2333 228 col-
2358 183 2433 218 Ann-
2448 182 2494 217 D·

1253 230 1318 268 lapsi
1334 240 1455 268 graviter
1470 231 1503 261 &
1518 230 1658 268 exhausti,
2379 232 2468 265 1342.

1287 269 1333 299 Ac
1357 269 1558 300 considerantes
1575 268 1732 307 periculosa
1753 267 1947 307 Discrimina,
1972 269 2056 301 nobis
2078 269 2113 300 &
2139 270 2242 302 nostris
2259 274 2334 303 veri·
2351 266 2420 292 ΕΜ·
2438 274 2468 302 3·

1252 306 1379 351 similiter
1401 308 1605 346 imminentia,
1628 308 1679 338 nisi
1707 305 1816 338 Divina
1840 306 2021 339 Providentia
2049 308 2219 341 clementius
2242 310 2336 349 respe-

1250 352 1320 376 xerlt

1287 369 1374 424 Nos,
1391 392 1425 415 ex
1449 384 1537 425 Alto,
1557 386 1586 416 in
1606 393 1682 417 tanta
1706 383 1888 415 tribulatione
1911 384 2050 416 malorum
2071 386 2106 417 ὅ(
2124 386 2223 419 dolore
2265 388 2336 420 dum

1250 422 1383 467 nostrum
1396 424 1588 462 conspicimus
1599 424 1801 463 imperfedtum
1811 446 1820 461 ,
1836 423 1964 454 divinam
1980 425 2212 464 contemplamur
2225 410 2336 459 bmni-

1250 469 1425 505 porennam,
1442 462 1578 500 sperantes
1598 463 1677 504 quod
1694 462 1786 502 Justus
1801 461 1909 501 Judex,
1926 473 2009 494 verax
2024 463 2122 495 Deus.
2142 465 2268 502 benigne
2289 478 2335 498 re-

1250 500 1349 544 spiciet
1362 500 1451 531 causae
1469 501 1574 533 nostrae
1586 503 1733 534 veritatem
1749 502 1782 533 &
1793 499 1946 540 justitiam,
1966 502 2000 533 &
2016 502 2177 535 humiliabit
2194 504 2334 545 Calump-

1251 545 1402 569 niatorem.

1288 576 1325 608 Et
1341 577 1396 616 fic,
1413 578 1464 609 sub
1479 576 1673 610 Miserationis
1685 579 1791 610 divinae
1806 577 1910 609 fiducia
1925 588 1985 609 rem
2000 580 2195 617 aggredientes
2209 582 2335 623 arduam,

1251 614 1410 660 Passagium
1426 616 1554 647 nostrum
1568 617 1661 648 versus
1679 627 1769 656 partes
1790 618 1915 648 Franciae
1934 618 2132 651 ordinavimus
2152 621 2280 653 validum
2297 623 2332 654 &

1249 654 1402 699 festinum,
1419 655 1453 686 &
1468 655 1555 686 alium
1569 655 1734 687 Exercitum
1749 657 1848 694 ¹versus
1866 664 1954 695 partes
1967 657 2073 688 Scotiae
2094 658 2227 691 duximus
2246 661 2333 692 trans-

1249 694 1438 738 mittendum,
1456 693 1549 737 ut1sic
1569 695 1630 733 (per
1651 694 1708 725 Dei
1724 696 1854 734 gratiam)
1875 697 2026 727 cominatis
2046 697 2131 728 nobis
2150 707 2335 732 occurramus

1250 731 1399 770 Pericuiis,
1416 733 1449 764 &
1470 731 1611 764 Fidelibus
1631 732 1748 771 nostris,
1772 734 1835 771 post
1859 745 1998 772 magnam
2014 758 2023 773 ,
2047 745 2135 774 quam
2156 736 2226 775 paffi
2248 738 2310 770 sunt

1249 769 1498 839 Ingtiietudinem,
1517 771 1633 810 Qietis
1650 770 1870 810 pulcritudinem
1884 783 2078 812 praeparemus.
2318 763 2329 778 '

1306 809 1368 840 'um
1382 811 1470 847 igitur
1484 811 1630 841 constituti
1646 811 1700 841 fitis
1715 819 1769 847 pro
1781 810 1962 851 hominibus,
1980 813 1996 843 a
2012 813 2163 853 Domino,
2183 823 2214 846 ut
2227 814 2331 847 offera-

1248 849 1282 879 tis
1297 847 1384 879 Dona
1400 850 1433 880 &
1449 848 1594 880 Sacrificia
1610 859 1665 887 pro
1677 849 1818 887 peccatis,
1836 850 1968 881 attendite
1988 852 2166 891 (quaesumus)
2182 853 2330 893 praedieiai,

1247 887 1357 918 nedum
1374 886 1502 926 Nostra,
1521 886 1558 918 set
1575 888 1689 925 publica
1702 886 1849 925 Pericula,
1868 897 1981 928 preceS,
2000 901 2052 928 pro
2072 892 2164 924 foelici
2178 892 2332 931 Progressu

1248 926 1532 969 nostrohfuiidentes
1545 926 1705 957 Altissimo·
1725 925 1861 964 suplentes
1881 927 1959 957 vices
1974 927 2086 970 Moysi,
2104 940 2133 962 ut
2156 942 2208 962 nos
2221 933 2255 963 &
2276 942 2332 963 no-

1248 964 1295 994 stri
1309 966 1446 1034 pgilimus
1459 964 1630 997 Adversariis
1644 975 1684 996 no
1710 965 1766 1004 ris,
1782 966 1813 995 in
1828 964 1982 996 vestrarum
2003 968 2149 1002 eredtione
2164 970 2329 1011 Mannum,

1246 1013 1324 1042 praev
1351 1014 1405 1034 ere.

1284 1041 1341 1086 Et,
1367 1051 1398 1074 ut
1417 1051 1607 1081 augmentum
1623 1044 1729 1080 'gratiae
1744 1043 1845 1082 nobis,
1865 1042 2054 1082 multiplicaris
2076 1044 2326 1089 Intercessoribus,

1247 1080 1396 1120 largiatur,
1415 1082 1521 1112 faciatis
1542 1092 1593 1120 per
1615 1082 1735 1121 vestras,
1753 1081 1929 1122 Civitatem,
1948 1082 2134 1124 Dioecesem,
2152 1086 2185 1118 &
2206 1087 2327 1120 Provin-

1247 1121 1323 1163 ciam
1333 1143 1342 1158 ,
1358 1130 1413 1158 pro
1428 1122 1512 1151 nobis
1528 1119 1644 1159 Miffas,
1662 1120 1900 1160 Praedicationes,
1918 1122 1952 1152 &
1968 1121 2183 1164 processiones,
2199 1124 2275 1167 fieri,
2292 1137 2326 1159 ac

1247 1158 1298 1189 alia
1315 1161 1369 1196 piae
1386 1159 1548 1197 placationis
1562 1158 1670 1191 Officia
1685 1159 1901 1190 misericorditer
1917 1163 2060 1201 exerceri,
2079 1170 2110 1194 ut
2124 1162 2204 1194 Deus
2217 1166 2326 1197 miseri-

1247 1197 1406 1242 cordiarum
1432 1198 1511 1237 super
1525 1198 1593 1230 Nos
1607 1199 1641 1230 &
1660 1197 1807 1229 Exercitus
1819 1198 1930 1229 nostros
1943 1210 2062 1231 manum
2076 1200 2132 1233 suae
2146 1201 2327 1235 Benedifflo-

1247 1246 1289 1266 nis
1302 1236 1450 1276 extendat,
1468 1238 1502 1267 ὃς
1511 1237 1601 1268 Astus
1618 1237 1729 1269 nostros
1741 1238 1772 1268 in
1786 1237 1965 1276 beneplacito
1980 1238 2028 1270 suo
2044 1239 2082 1271 sic
2098 1240 2200 1279 dirigat
2234 1250 2264 1273 ut
2277 1242 2328 1274 sibi

1247 1275 1347 1306 cedant
1361 1275 1395 1306 ad
1412 1275 1541 1315 iaudem,
1560 1276 1660 1307 Nobis
1674 1276 1709 1308 aa
1724 1277 1879 1316 meritum,
1898 1277 1932 1309 δε
1946 1277 2087 1317 Subjeeh's
2094 1280 2176 1312 nobis
2188 1264 2329 1313 fidelibus

1250 1314 1444 1345 commodum
1462 1316 1496 1345 &
1513 1316 1649 1353 quietem.

1285 1352 1361 1384 Data
1376 1353 1450 1391 apud
1469 1353 1589 1386 Turrim
1609 1354 1741 1386 London.
1761 1353 1901 1387 vicesimo
1920 1354 1968 1386 die
1986 1354 2123 1394 Augusti.

1934 1434 1989 1463 Per
2005 1432 2089 1473 ipsum
2105 1436 2213 1474 Regem.

1247 1517 1267 1538 ²*
1284 1517 1456 1551 Consimilec
1468 1519 1567 1567 litterae
1582 1520 1743 1566 diriguntur
1757 1517 1903 1565 Episcopis
1915 1519 2090 1566 subscriptis,
2106 1522 2156 1555 sub
2169 1523 2268 1556 eadem
2280 1524 2330 1557 da-
2348 1527 2364 1545 ⁴*
2373 1529 2408 1562 V,
2419 1532 2485 1568 3402

1526 1568 1573 1599 ta,
1601 1568 1714 1592 mutatis
1729 1559 1888 1598 mutandis,
1902 1559 2055 1600 videlicet,

1286 1634 1412 1676 Eptfiopo
1431 1635 1536 1676 Roffl’n.

1285 1674 1411 1715 EpiJc'opo
1429 1678 1524 1706 Exon.

1286 1713 1411 1754 Epiftopo
1431 1717 1537 1745 Sarum.

1284 1752 1412 1831 {risizssz
1429 1757 1559 1822 fezrff·
1578 1751 1617 1788 ὠ
1634 1752 1716 1784 Μ’·

1283 1829 1407 1870 Episcopo
1426 1831 1596 1861 Landaven.

1284 1867 1410 1909 Episcopo
1428 1868 1533 1910 cicestr.

1286 1908 1412 1948 Episcopo
1430 1907 1519 1938 Bath.
1538 1907 1577 1944 ὠ·
1595 1906 1671 1937 Well.

1285 1946 1411 1987 Eptfl'opo
1429 1948 1554 1986 Wigorn.

1805 1633 1931 1676 Epifiopo
1950 1638 2076 1669 Lincoln.

1805 1674 1928 1718 Episijopo
1948 1678 2067 1707 Norwic
2077 1702 2085 1709 .

1805 1714 1932 1754 Episcopo
1949 1719 2072 1755 Bangor.

1807 1751 1933 1793 Epifiopo
1952 1757 2083 1795 lbynton.

1806 1791 1933 1831 Epiftopo
1947 1794 2077 1824 Dunelm.

1805 1831 1931 1870 Episcopo
1949 1832 2096 1872 Hereford.

1805 1870 1934 1910 Episcopo
1954 1872 2081 1902 London.

1805 1908 1933 1947 Episcopo
1950 1912 2103 1941 Meneven.'

1807 1945 1933 1987 Eptfiopo
1951 1947 2093 1987 Affaven.

1275 2094 1335 2126 Pro
1358 2089 1482 2124 Nuncio
1504 2092 1559 2138 qui
1579 2097 1705 2123 venerat
1727 2099 1797 2121 cum
1822 2089 1935 2121 Litoris
1960 2086 1998 2121 de
2022 2090 2176 2122 Cre-atione
2199 2091 2293 2136 Papa.

1248 2175 1395 2233 REX,
1414 2175 1545 2207 universis
1558 2176 1592 2208 &
1606 2174 1718 2213 singuiis
1738 2174 1915 2213 Admirallis,
1932 2173 2182 2214 Vicecomitibus‚
2203 2173 2324 2215 Majori-
2346 2172 2420 2204 Ann.
2436 2171 2477 2205 D.

1326 2216 1397 2255 bus,
1417 2215 1546 2254 Ballivis,
1572 2213 1728 2251 Ministris,
1752 2212 1911 2251 Dominis,
1935 2213 2082 2251 Magistris
2102 2214 2137 2245 &
2160 2213 2324 2246 Marinariis
2370 2222 2456 2252 1342.

1245 2253 1395 2293 Navium,
1413 2264 1446 2285 ac
1461 2254 1520 2285 aliis
1534 2254 1675 2284 Fidelibus
1689 2252 1756 2291 suis,
1773 2262 1890 2283 necnon
1902 2251 2030 2291 Amicis,
2047 2253 2081 2284 &
2096 2253 2170 2293 aliis,
2188 2253 2225 2284 de
2240 2254 2322 2285 beni-
2341 2255 2395 2282 An,
2412 2255 2454 2281 16.

1244 2293 1367 2324 volentia
1382 2293 1427 2324 sua
1442 2291 1626 2323 existentibus
1639 2315 1648 2331 ,
1666 2291 1700 2323 ad
1715 2301 1785 2330 quos
1799 2292 1860 2322 &c.
1878 2290 2011 2323 Salutem.
2343 2294 2372 2321 E.
2392 2300 2416 2328 3.

1281 2332 1380 2363 Sciatis
1396 2332 1492 2371 quod,
2344 2333 2402 2357 Pat.
2422 2330 2464 2359 i6.

1281 2370 1363 2400 Cum
1378 2369 1473 2401 Petrus
1485 2370 1521 2401 de
1538 2369 1679 2401 Marcello
1702 2378 1792 2406 nuper
1808 2368 1843 2398 ad
1866 2379 1919 2400 nos
1938 2370 2062 2409 venerit,
2082 2379 2150 2401 cum
2172 2369 2270 2402 Literis
2286 2371 2320 2403 &
2344 2372 2478 2405 E·3-P-²1

1242 2408 1343 2440 Novis
1358 2409 1472 2447 placidis
1483 2409 1519 2440 de
1535 2410 1695 2451 creatione,
1711 2407 1874 2439 sanctissimi
1896 2407 1999 2447 Patris,
2017 2408 2141 2440 Domini
2163 2408 2322 2441 Clementis
2344 2417 2382 2435 m·
2399 2416 2442 2442 ¹9-

1242 2448 1328 2516 gspae
1344 2448 1435 2518 Seeffti,
1453 2449 1487 2479 &
1497 2449 1559 2487 jam
1576 2448 1607 2479 sit
1627 2449 1720 2479 verius
1741 2446 1856 2477 dietum
1869 2446 2035 2479 Dominum
2049 2447 2205 2479 Summum
2221 2447 2323 2481 Ponti-

1263 2497 1327 2517 cein
1344 2498 1356 2518 r
1396 2497 1482 2518 iturus

1279 2526 1346 2557 Nos
1370 2527 1422 2564 (ob
1447 2510 1630 2556 rev²erentiam
1656 2524 1743 2556 dietae
1769 2523 1857 2561 Sedis)
1885 2524 2057 2564 suscepimus
2073 2525 2164 2562 ipsum
2183 2523 2322 2564 Petrum,

1241 2564 1399 2603 Homines,
1425 2564 1536 2603 Equos,
1561 2564 1716 2601 Hemesia,
1734 2563 1767 2594 &
1790 2562 1967 2594 Thesaurum
1988 2563 2087 2599 suum,
2114 2573 2323 2603 quaecumque,

1240 2605 1270 2634 in
1284 2603 1430 2634 redeundo
1443 2603 1535 2634 versus
1554 2603 1667 2633 diCtum
1691 2602 1857 2632 Dominum
1872 2602 2028 2631 Summum
2053 2599 2244 2641 Pontificem,
2265 2604 2322 2634 tam

1241 2643 1272 2672 in
1295 2642 1404 2680 Terra,
1424 2643 1509 2679 quam
1526 2643 1555 2672 in
1579 2641 1674 2679 Mari,
1697 2641 1727 2669 iii
1747 2639 1960 2669 protectionem
1987 2639 2021 2670 &
2046 2637 2250 2671 Defenfionem
2268 2651 2322 2672 no-

1241 2680 1326 2749 {stiram
1347 2680 1514 2720 specialem,
1533 2689 1648 2711 necnon
1670 2680 1700 2708 in
1722 2677 1826 2707 salvum
1847 2677 1879 2707 &
1900 2677 2030 2708 securum
2056 2675 2249 2711 Condudtum
2268 2689 2324 2711 no-

1266 2728 1346 2756 riim3

1278 2756 1313 2787 Et
1332 2756 1398 2787 ideo
1416 2766 1468 2787 vos
1486 2756 1593 2787 amicos
1605 2764 1755 2792 rogamus,
1773 2753 1855 2784 vobis
1872 2752 2013 2785 Fidelibus
2033 2754 2133 2785 nostris
2145 2754 2261 2788 firmiter
2276 2757 2322 2789 in-

1239 2796 1420 2866 hstffimemb
1436 2793 1496 2864 (gc.
1510 2800 1593 2834 prout
1608 2798 1637 2824 in
1650 2792 1781 2832 similibus
1799 2792 1832 2822 de
1849 2793 2018 2824 Protefflone
2036 2796 2153 2826 Literis.

1327 2844 1363 2864 cu
1375 2844 1405 2864 us
1475 2843 1504 2864 c.

1313 2844 1403 2904 Teiie
1412 2856 1504 2911 ’Rege
1516 2870 1591 2911 apud
1606 2871 1712 2911 Ledec,
1730 2869 1868 2902 vicesimo
1882 2880 1961 2901 nono
1976 2869 2024 2902 die
2040 2870 2174 2910 Augusti.

1811 2949 1867 2978 Per
1882 2950 1976 2979 Breve
1994 2949 2026 2979 de
2034 2951 2152 2987 privato
2170 2949 2272 2989 Sigillo.

1348 3108 1407 3140 Pro
1432 3102 1656 3152 Archiepistopo
1680 3100 1817 3139 Eborum
1830 3128 1842 3146 ‚
1866 3100 1903 3136 de
1925 3114 1982 3135 non
2002 3097 2192 3144 molestando.

1239 3191 1364 3249 REX
1383 3190 1612 3223 vicecomitibus
1627 3189 1791 3221 Londoniae
1805 3187 1939 3219 Salutem.
2335 3180 2412 3213 Ann.
2427 3181 2472 3216 D.

1336 3230 1416 3261 Ciim
1426 3255 1435 3268 ,
1453 3229 1628 3261 Venerabilis
1642 3228 1742 3266 Pater,
1759 3226 1932 3257 Willielmus
1947 3224 1971 3257 la
1986 3226 2109 3259 Zouche
2144 3227 2174 3257 in
2189 3226 2313 3260 Archie-
2357 3229 2441 3261 1342-

1234 3268 1382 3307 piscopum
1398 3268 1530 3299 Eborum
1566 3275 1597 3298 ut
1609 3266 1728 3304 dicitur,
1748 3264 1949 3304 ConsecratuS,
1966 3268 2030 3306 qui,
2049 3267 2085 3297 de
2099 3249 2188 3297 duria
2203 3266 2312 3299 Roma-
2334 3262 2387 3287 An.
2408 3262 2458 3288 ¹⁶*

1237 3307 1275 3338 na
1297 3309 1426 3345 veniens,
1441 3306 1514 3337 infra
1538 3291 1678 3343 Regnum
1697 3303 1828 3335 nostrum
1847 3303 1964 3348 Angliae
2007 3305 2158 3344 applicuit,
2175 3314 2210 3335 ex
2230 3307 2312 3337 certis
2334 3301 2365 3325 Ε·
2387 3307 2414 3334 3-

1237 3346 1339 3384 causis,
1356 3347 1434 3384 super
1447 3345 1548 3384 quibus
1562 3344 1657 3374 secum
1671 3351 1733 3374 ante
1747 3342 1905 3382 Paflagium
1921 3327 2049 3375 nosirum
2070 3344 2105 3375 ad
2119 3351 2210 3382 partes
2225 3344 2312 3376 trans·
2335 3336 2422 3372 Claus.

1238 3385 1358 3416 marinas
1372 3383 1488 3415 tractare
1501 3383 1650 3420 volumus,
1667 3382 1702 3413 ad
1716 3382 1842 3412 nostram
1855 3381 2030 3421 praesentiam
2049 3383 2081 3413 sit
2093 3390 2241 3422 venturus,
2339 3377 2381 3403 ¹⁶·
2395 3379 2427 3402 Ε·
2438 3383 2465 3410 3·

1276 3422 1360 3462 Nos,
1377 3421 1502 3452 volentes
1514 3422 1548 3453 &
1569 3420 1708 3452 securitati
1727 3419 1949 3461 sune—providere
1983 3421 2016 3452 &
2039 3422 2125 3452 etiam
2147 3421 2312 3460 periculosae
2332 3418 2358 3450 Ρ·
2376 3422 2402 3440 2·
2421 3422 2459 3440 m,

1239 3460 1459 3499 Commotioni,
1475 3469 1561 3499 quam
1574 3461 1644 3490 inter
1658 3459 1781 3491 Nobiles
1789 3459 1888 3496 Regni
1902 3469 1941 3489 no
1967 3460 2007 3497 ri,
2026 3459 2175 3491 nobiscum
2191 3461 2219 3490 in
2232 3460 2313 3491 dieto
2337 3461 2382 3490 30·
2395 3451 2423 3480 d·

1238 3499 1370 3537 Paffagio
1384 3499 1559 3537 transituros,
1575 3508 1608 3529 ex
1619 3498 1754 3529 violentia
1773 3497 1819 3528 seu
1840 3497 1938 3536 injuria
1959 3498 2010 3528 sibi
2031 3497 2124 3536 fasta,
2143 3499 2174 3528 in
2195 3498 2308 3537 dispen-

1237 3538 1345 3569 diosam
1357 3538 1569 3569 retardationem
1583 3536 1655 3568 dieti
1669 3536 1811 3575 Passagii,
1828 3535 1907 3574 quod
1922 3536 2006 3575 absit,
2025 3537 2138 3568 timetur
2158 3536 2237 3576 poffe
2261 3548 2311 3570 ve-

1237 3577 1386 3608 risimiliter
1397 3578 1560 3615 provenire,
1579 3585 1633 3614 pro
1644 3576 1752 3606 viribus
1767 3575 1897 3612 obviare,

1278 3615 1370 3646 Vobis
1387 3615 1569 3654 praecipimus
1592 3614 1691 3653 quod,
1712 3623 1762 3654 per
1785 3621 1874 3644 totam
1898 3612 2057 3645 Civitatem
2078 3613 2261 3653 praedic‘tam,
2280 3614 2311 3644 in

1239 3654 1310 3685 locis
1321 3654 1374 3684 ubi
1387 3653 1519 3691 expedire
1532 3651 1672 3691 videritis,
1689 3652 1806 3690 publice
1821 3652 2006 3690 proclamari,
2024 3653 2058 3683 &
2075 3661 2110 3682 ex
2126 3660 2201 3691 parte
2214 3652 2311 3683 nostrii

1242 3692 1360 3723 firmiter
1381 3692 1503 3722 inhiberi
1518 3690 1643 3729 faciatis,
1668 3693 1705 3721 ne
1728 3691 1804 3729 quis,
1831 3690 1882 3720 sub
1902 3689 2076 3721 forisfatffmra
2095 3691 2228 3721 omnium
2247 3700 2312 3728 quae

1242 3731 1327 3761 nobis
1342 3731 1505 3761 forisfacere
1525 3730 1643 3768 poterit,
1662 3729 1755 3760 eidem
1777 3729 1941 3760 Willielmo
1954 3752 1964 3767 ,
1987 3737 2033 3760 aut
2053 3728 2249 3764 Hominibus,
2267 3728 2312 3759 seu

1242 3768 1341 3799 Rebus
1360 3769 1584 3807 quibuscumque
1601 3767 1697 3798 secum
1716 3767 1828 3806 delatis,
1846 3769 1878 3797 in
1900 3767 2040 3798 veniendo
2061 3767 2096 3798 ad
2112 3777 2181 3805 nos,
2204 3765 2312 3798 ibidem

1244 3806 1400 3845 morand0,
1424 3807 1458 3838 &
1478 3807 1513 3837 ad
1534 3807 1646 3845 propria
1667 3805 1829 3844 redeundo,
1846 3805 1945 3837 inferat
1981 3805 2043 3844 seu,
2067 3812 2203 3844 quantum
2225 3805 2255 3834 in
2277 3815 2314 3836 eo

1243 3845 1302 3884 est,
1328 3847 1364 3876 ab
1386 3845 1446 3875 aliis
1462 3845 1559 3876 inferri
1583 3845 1723 3882 permittat
1746 3844 1900 3883 injuriam,
1919 3828 2103 3881 M'olestiam,
2125 3841 2315 3883 Dampnum,

1244 3884 1477 3922 Turbationern,
1493 3883 1738 3922 impedimentum
1753 3883 1885 3922 aliquod,
1901 3883 1947 3913 seu
1968 3882 2151 3917 Gravamen3
2169 3879 2206 3910 set
2222 3882 2315 3920 ipsum

1244 3922 1434 3953 Willielmum
1444 3945 1454 3960 ,
1469 3932 1538 3953 cum
1551 3922 1768 3952 Hominibus&
1783 3921 1879 3951 Rebus
1885 3921 1937 3952 suis
1949 3918 2186 3958 quibuscumque,
2204 3920 2239 3950 ad
2247 3930 2317 3960 nos,

1245 3961 1345 4005 absque
1357 3960 1510 4005 violentia,
1526 3961 1647 3999 debato,
1664 3959 1709 3991 seu
1717 3959 1924 3998 impedimento
1933 3956 2224 3996 quocumque,libere
2231 3967 2319 3990 trans-

1245 4008 1285 4030 ire
1324 4007 1454 4030 ermittat.

1313 4045 1341 4078 t,
1356 4036 1378 4069 fi
1393 4037 1502 4079 aliquos
1514 4038 1652 4071 contraria
1665 4036 1799 4070 facientes
1810 4033 1990 4072 inveneritis,
2013 4039 2081 4064 tunc
2093 4033 2167 4073 ipsos
2179 4044 2229 4075 per
2244 4034 2320 4066 Cor·

2252 4082 2323 4112 pom
