2562 4279
181 121 259 159 150

10 188 88 219 Ann-
104 186 144 218 D·
167 202 248 230 rum,
267 189 385 221 Ordinis
405 186 505 223 vestri,
523 186 552 214 iii
572 184 680 219 Regno
703 181 801 210 nostro
819 178 951 217 fundare,
969 179 999 209 in
1021 178 1089 209 loco
1111 178 1239 216 decenti,

33 226 116 265 1318.

12 267 79 295 Edv.
101 275 125 293 2.

11 637 90 670 Arm.
104 635 144 666 D.

44 676 128 716 1318.

12 719 67 743 Asi.
88 724 129 742 ii.

13 759 45 780 Ε.
68 762 93 779 2.

13 792 80 824 Παίς.
102 799 144 817 it.

13 833 44 856 Ε.
62 839 86 855 2.
105 838 141 856 m.

18 876 59 895 ii.

34 1360 53 1381 ὓ
69 1361 128 1387 iit.

46 1406 113 1434 7⁰5·

38 3429 115 3459 Anti.
129 3425 171 3456 D.

68 3466 153 3506 1318.

40 3510 94 3533 Ari.
113 3513 155 3532 11.

41 3549 72 3571 f.
93 3553 119 3569 2.

170 240 223 269 pro
240 229 321 260 salute
346 226 580 263 progenitorum,
605 223 637 251 &c
661 219 860 249 Successorutn
880 217 1057 255 nostrorum,
1075 218 1107 247 &
1129 217 1241 255 nostra,

207 268 401 298 Dileistionem
424 262 543 293 vestram
560 259 662 290 attente
680 267 827 294 rogamuS,
846 256 972 297 quatinus
992 255 1121 286 ordinare
1142 256 1242 286 curetis

170 308 207 338 de
219 305 323 344 septem
338 303 503 337 Sororibus,
521 298 555 328 ad
572 308 622 328 nos
637 298 666 325 in
680 295 921 338 breviqmittendis
939 295 1014 332 (quae
1028 294 1079 324 sint
1094 295 1160 324 vitae
1176 303 1242 331 pro-

171 347 261 382 batae,
279 344 312 373 &
324 338 538 371 conversationis
552 334 689 372 honestae)
710 342 740 365 ut
755 336 805 364 sint
827 342 928 372 paratae
950 334 1046 364 venire
1067 342 1137 363 cum
1160 332 1241 362 fuerit

172 389 352 422 oportunum.

212 421 278 451 Dat.
298 427 326 448 ut
343 416 430 454 supra.

229 544 276 576 De
299 534 428 582 Castris,
454 540 491 575 ῤ’
515 537 623 578 Wllis,
649 537 760 567 Coronae
785 537 879 582 Regni
900 534 1016 581 Angliae
1037 536 1174 566 annexis.

271 624 301 657 X
319 624 473 661 omnibus,
487 621 522 652 ad
540 633 628 660 quos,
648 621 709 651 &a
726 619 851 657 salutem,

178 631 234 685 R
275 664 379 694 Fideles
395 685 404 700 ,
428 663 461 692 δε
487 662 559 691 bene
584 661 714 697 meritos,
731 668 764 689 ac
788 658 888 694 Regiis
908 658 1045 696 obsequiis
1064 657 1144 687 utiles
1164 664 1245 696 atque

176 712 341 743 promptos,
358 701 485 737 Regiam
500 699 583 730 decet
602 698 806 738 providentiam
826 697 876 727 suis
896 697 1058 733 affectibus,
1077 696 1175 726 talibus
1197 705 1246 725 an-

172 743 286 774 nectere
294 739 415 770 vinculis
426 739 459 769 &
475 740 569 773 unire,
589 747 635 775 ut,
652 736 688 766 de
702 736 856 774 promptis,
875 735 908 764 ad
923 736 1121 772 oportunitates
1130 733 1247 771 Regias,

175 792 224 821 per
239 780 363 818 ipsorum
380 778 489 808 servitia
511 776 647 807 fructuosa
666 798 676 814 ,
700 774 859 805 efficiantur
881 773 1066 812 imposterum
1088 773 1247 810 promptio-

175 830 226 850 res.

216 856 283 888 Nos
299 857 384 893 igitur
397 854 432 884 ad
456 862 532 892 grata
554 854 587 884 δε
609 852 686 883 utilia
706 851 853 888 obsequia,
879 860 945 887 per,
962 848 1082 879 dilectos
1099 849 1131 879 δε
1155 847 1248 877 fideles

177 896 304 933 nostros,
330 893 463 924 Consules
484 893 517 923 ὃ(
536 891 759 922 Uiiiveriitatem
776 888 860 919 Villae
875 888 1000 925 Vianne‚
1025 889 1054 916 in
1078 886 1248 917 senescalcia

177 935 313 972 Agenni,
330 932 502 970 frequenter,
520 931 553 960 &
576 930 677 960 utiliter
698 929 782 958 nobis
802 925 941 965 impensa,
966 925 1067 956 nostrae
1090 924 1246 956 considera-

177 974 263 1005 tionis
277 973 408 1002 intuitum
424 970 591 1006 dirigentes,

218 1009 417 1041 Concessiinus
429 1009 484 1046 eis,
504 1017 556 1044 pro
567 1006 648 1036 nobis
662 1006 694 1037 &
711 1004 879 1035 Haeredibus
892 1003 1006 1041 nostris,
1020 1013 1068 1041 per
1082 1003 1130 1033 lias
1145 1001 1249 1032 nostras

177 1050 307 1082 Parentes
323 1049 457 1084 Litteras,
474 1052 610 1083 perpetuo
623 1044 763 1074 duraturas
773 1067 782 1082 ,
799 1041 874 1080 quod
889 1042 1055 1079 praedictam
1071 1041 1177 1071 Villam
1187 1064 1196 1080 ,
1216 1041 1249 1070 si-

177 1100 214 1120 ve
221 1091 295 1128 jura,
313 1096 358 1117 aut
374 1085 547 1123 pertinentias
561 1083 703 1121 ejusdem,
722 1093 771 1120 per
786 1081 988 1119 donationem,
1007 1080 1250 1118 permutationem,

179 1128 226 1158 vel
242 1127 340 1165 quovis
356 1126 411 1154 alio
432 1122 539 1161 modo,
554 1132 630 1152 extra
653 1131 769 1150 manum
795 1119 920 1156 Regiam
941 1129 1001 1148 non
1017 1129 1172 1158 ponemus3
1192 1119 1249 1148 hoc

177 1163 379 1197 tantummodo
392 1170 509 1201 excepto
518 1184 527 1199 ,
546 1161 620 1198 quod
630 1159 703 1189 Villa
716 1157 849 1196 praediera
858 1180 867 1196 ,
885 1168 951 1188 curn
964 1157 1015 1187 fiiis
1026 1157 1172 1196 juribus&
1188 1166 1250 1194 per-

179 1205 299 1235 tinentiis
314 1201 472 1240 perdictis,
490 1210 537 1238 per
555 1209 622 1237 nos,
639 1197 790 1233 Haeredes,
810 1197 842 1227 δε
858 1195 1038 1227 Successores
1053 1194 1180 1233 nostros,
1196 1205 1250 1224 no-

181 1243 257 1281 stro,
276 1242 308 1272 &
323 1240 445 1279 ipsorum
459 1237 615 1269 I-laeredum
631 1237 664 1267 &
679 1235 878 1266 Succefforum
895 1233 1052 1264 nostrorum
1067 1233 1250 1269 primogeni-

179 1283 229 1320 tis,
247 1289 379 1318 tanquam
396 1278 493 1308 futuris
506 1275 671 1306 Haeiedibus
684 1274 781 1311 Regni
797 1272 928 1310 Angliae,
946 1272 979 1303 &
994 1271 1122 1302 Ducattis
1136 1272 1253 1309 Aquita-

181 1321 254 1357 niae,
271 1319 328 1348 dari
348 1316 454 1354 valeat,
479 1316 512 1345 &
531 1313 676 1352 concedi,
701 1313 734 1343 &
758 1311 834 1349 quod
857 1321 892 1340 eo
908 1310 1108 1341 nichilominus
1121 1309 1250 1341 Coronae

182 1358 280 1395 Regni
297 1355 411 1392 Angliae
423 1353 572 1392 specialiter
590 1353 607 1371 '¹‘
624 1351 776 1389 conjunssta
789 1357 942 1387 remaneat,
959 1349 993 1379 &
1005 1358 1119 1380 annexa.

216 1396 250 1428 In
264 1397 359 1433 cujus,
377 1394 435 1423 &c.

254 1433 340 1465 Teste
358 1432 440 1469 Rege
452 1429 524 1468 apud
540 1429 584 1459 W
585 1427 764 1468 yndesoram,
783 1426 921 1458 vicesimo
933 1425 1039 1456 οξὶανο
1053 1425 1100 1456 die
1114 1425 1233 1465 {Aprilis

625 1507 678 1535 Per
696 1503 777 1544 ipsum
795 1505 892 1541 Regem
909 1502 948 1539 ό·
969 1502 1120 1533 Concilium.

339 1589 507 1623 Consimiles
525 1588 630 1620 Literas
646 1585 749 1617 habent
766 1583 927 1623 subscripti,
943 1584 1091 1623 videlicet,

218 1670 340 1710 Confitlcs
355 1667 392 1703 (ἐν
406 1664 579 1707 Univerfitas
593 1662 681 1703 castri
697 1660 734 1697 &-
750 1661 827 1691 Villae
843 1661 1012 1701 Marmand,

217 1709 340 1749 Consules
354 1706 392 1742 ὠ·
407 1704 575 1744 Univerfiias
590 1705 618 1732 V
616 1702 670 1732 illae
685 1705 809 1738 Noae,
889 1708 894 1711 ’

216 1747 338 1787 Consules
354 1745 391 1780 (ἐν
409 1742 580 1783 Universltas
593 1741 669 1770 Villae
685 1739 884 1780 Castilhonefii,

217 1785 337 1825 Consules
354 1784 391 1820 ᾤ’
405 1782 575 1821 Universttas
591 1779 668 1809 thlae
685 1781 790 1817 Ponne,

216 1824 341 1865 Confiaeles
356 1821 394 1857 ό»
407 1819 579 1861 Univerfitas
596 1818 676 1847 Villae
692 1821 763 1846 Miri
779 1819 886 1846 Montis
897 1840 906 1855 ‚

221 1863 342 1903 confides
357 1859 394 1896 ὠ
411 1858 580 1899 Univerfitas
593 1856 670 1886 Villae
686 1856 792 1885 Sandrae
807 1856 897 1892 ndis,

219 1902 341 1941 Cozfitles
355 1898 392 1934 ὠ
406 1896 577 1937 Univeifitas
592 1894 671 1924 Vzllae
682 1895 713 1924 de
728 1897 816 1924 Grato
830 1897 925 1931 Lupo,

218 1940 341 1980 ConJules
356 1937 394 1973 &-
414 1935 585 1975 Univeifitas
606 1936 740 1963 Civitatis
762 1932 915 1969 Cona'omii,

219 1978 341 2019 Confides
359 1975 398 2010 ὠ
416 1973 588 2013 Univerfitas
607 1971 686 2001 Villae
704 1970 862 2007 Florenciae,

216 2016 338 2055 Consules
354 2013 392 2048 ὠ
408 2012 580 2052 Univerfitas
597 2010 672 2039 Wllae
687 2009 725 2045 ὠ
741 2011 828 2038 Motae
841 2005 979 2036 Paolhatz'.

216 2055 338 2095 Consules
358 2051 396 2088 ὠ·
413 2049 583 2090 Universttas
603 2047 679 2078 Villae
699 2049 731 2078 de
748 2049 864 2076 Romeno

217 2094 340 2134 Confides
358 2090 396 2126 ὅ)
415 2089 587 2130 Univerfitas
608 2086 685 2116 Villae
703 2087 735 2116 de
752 2068 948 2124 Franccstano,

218 2133 341 2174 confides
359 2129 397 2165 ὠ
415 2127 586 2167 Univerfitas
604 2125 681 2155 Villae
701 2124 820 2154 Boloniae
834 2146 844 2162 ,

217 2172 339 2211 Consules
358 2167 396 2204 ὠ
414 2166 586 2207 Univorfitas
600 2164 676 2194 Wllae
693 2162 781 2203 Casiri
797 2164 921 2199 Sacrati,

217 2211 339 2250 Consules
357 2206 395 2242 ὠ·
414 2205 586 2245 Univerfitas
606 2203 683 2232 Villae
703 2205 810 2232 Montis
828 2200 973 2240 fulquini,

219 2249 340 2287 Consules
358 2246 396 2279 ὠ
413 2243 584 2285 Univerfitas
603 2241 677 2272 V1llae
696 2242 728 2270 de
746 2239 891 2276 Valentia',

217 2288 339 2327 Consules
359 2283 396 2318 (ᾖ
415 2287 584 2319 Universttas
603 2279 679 2310 Villa
698 2282 804 2308 Montis
823 2276 937 2314 Gardii,

218 2326 340 2366 Consules
361 2323 393 2355 ὼ
412 2319 585 2360 Πνιίτένβῐας
603 2318 679 2348 Villae
697 2317 779 2346 Guidi
797 2314 935 2354 Occastri,

219 2364 340 2403 confides
359 2359 396 2394 ὅν
415 2357 586 2397 Univerfitas
604 2356 682 2386 Villae
701 2354 790 2394 Castri
807 2356 886 2383 Novi
903 2353 935 2382 de
952 2352 1052 2382 Sanc‘lo
1067 2349 1194 2389 Pastore,

219 2402 342 2439 Consules
359 2398 396 2433 ὅτ·
415 2396 586 2435 Univerfitas
605 2394 682 2424 Villae
701 2395 732 2422 de
751 2392 831 2422 Altis
850 2394 956 2429 Vincis,

221 2440 343 2480 Consules
361 2436 399 2471 ὠ·
417 2434 588 2476 Univerfitas
601 2432 678 2463 Villae
692 2430 780 2470 Castri
796 2429 933 2468 Senhorii,

221 2479 343 2519 Consules
362 2474 399 2510 &¹
418 2472 588 2513 Univeifitas
607 2471 682 2501 Villae
701 2469 807 2506 Regalis
826 2471 947 2504 Montis,

220 2517 344 2557 Consules
362 2513 400 2548 όν
419 2511 589 2551 Univerfitas
609 2508 696 2549 Castri
714 2507 752 2544 όν
774 2506 850 2536 Vi'llae
868 2508 969 2537 Summi
987 2505 1082 2542 Podii,

223 2556 346 2596 Confides
364 2552 401 2588 &²
422 2550 591 2590 Univerfitas
610 2548 687 2578 V1llae
705 2546 872 2584 Salvitatis,

222 2594 345 2635 Consules
364 2590 402 2626 ὠ
421 2587 593 2630 Univerfitas
613 2587 687 2616 Villae
707 2588 838 2623 Viannae,

222 2633 346 2673 Consules
365 2629 403 2665 όν
422 2627 590 2667 Univerfitas
609 2625 684 2655 Villae
704 2623 833 2653 Franchae
852 2620 948 2658 Villae,

225 2672 347 2712 Consules
366 2668 404 2704 ὠ
422 2665 593 2706 Univerfitas
613 2663 689 2693 Wllae
707 2661 794 2702 Castri
813 2659 960 2696 Countall,

224 2710 345 2749 Consules
364 2706 401 2742 ὠ
419 2704 591 2744 Univerfitas
608 2702 683 2732 Villae
702 2702 854 2731 salz-itatis
873 2699 904 2728 de
923 2697 1057 2735 Saberiis,

225 2749 345 2788 Consules
363 2744 401 2780 ὠ»
419 2742 589 2783 Univerfitas
607 2745 629 2770 C
630 2740 695 2779 astri
712 2740 750 2774 (ᾖν
769 2738 846 2768 Villa
865 2735 1034 2775 Turonensts,

224 2787 345 2826 Consules
365 2783 401 2818 &-
422 2780 594 2821 Univerfitas
614 2779 702 2847 Ccssri
722 2777 760 2812 ὠ
781 2776 859 2806 Villae
877 2774 971 2805 Salva:
989 2778 1097 2811 Terrae,

224 2825 346 2864 Consules
367 2822 404 2857 &0
420 2819 590 2859 L⁷mverſstas
608 2821 641 2848 Vi
653 2818 684 2847 lie
704 2815 809 2854 Regalis
835 2825 891 2844 cum
918 2811 1054 2843 Parvi-hiis
1071 2811 1179 2842 Sanflae
1206 2814 1256 2841 Sa-

226 2863 403 2941 Confizlssf&
421 2895 591 2936 Univerfitas
610 2893 688 2924 Villae
708 2896 812 2923 fllontis
832 2890 922 2929 Clari,

227 2940 348 2978 Consules
369 2937 406 2972 ὠ·
425 2934 598 2974 Univerfitas
618 2932 695 2963 Vzllae
715 2931 835 2968 Nicolie,

228 2979 349 3018 Consules
368 2975 405 3010 (ἶν’
422 2972 592 3012 Universttas
610 2971 687 3001 Villae
706 2969 804 2999 Arulei
820 2968 858 3004 ὠ·
877 2968 971 2997 δακέῖὶ
988 2965 1144 3004 Edwardi,

229 3016 350 3055 Consules
369 3014 407 3050 ὠ»
425 3010 593 3051 Univerfitas
613 3009 689 3039 Villae
710 3008 807 3037 Portus
825 3008 932 3037 Sant‘ffae
952 3008 1071 3042 Mariae,

227 3055 348 3094 Consules
366 3052 404 3088 «θ’
424 3049 594 3090 Univeifitas
613 3047 690 3077 Villae
709 3050 814 3076 Montis
832 3044 954 3083 Regalis,

227 3094 353 3130 Consules
371 3090 408 3126 ω’)-
427 3088 597 3127 Univeifitas
617 3086 693 3116 Villae
712 3085 743 3114 de
762 3086 911 3121 Illeii'itino,

229 3132 349 3170 Consules
368 3129 406 3164 (ἐν
426 3126 596 3167 Ηηίνεζῇιας
614 3123 690 3155 Villae
708 3124 740 3153 de
759 3123 785 3152 la
805 3125 886 3151 Mom
900 3121 990 3160 Joye,

231 3170 350 3209 Consules
370 3167 407 3202 ὅτ·
426 3165 596 3205 Univerfitas
615 3163 692 3193 Villae
711 3161 800 3201 Casiri
818 3160 980 3200 Annorofii,

231 3208 352 3250 Consules
371 3204 408 3241 &-
427 3203 595 3245 Univerfitas
614 3204 641 3231 V
638 3201 692 3232 illae
711 3201 804 3230 Sanch
821 3198 936 3238 Juliani
953 3200 985 3227 de
1003 3194 1154 3235 Caporbiffi.

300 3342 349 3374 De
374 3339 496 3372 Mincio
519 3338 620 3380 Papae,
646 3337 676 3366 in
705 3332 870 3377 Wfimsta,
895 3329 974 3361 male
997 3328 1139 3360 translato.

195 3427 358 3499 JObanncs
373 3423 543 3462 Episcopus,
560 3421 648 3451 servus
669 3418 813 3461 servorum
830 3415 910 3460 Dei,
929 3412 1070 3444 carissimo
1092 3414 1122 3442 in
1144 3411 1262 3455 Christo

244 3465 317 3494 Filio
333 3463 490 3500 Edwardo,
507 3460 584 3499 Regi
605 3456 719 3495 Angliae
741 3454 853 3493 illustri,
868 3453 982 3484 salutem
1011 3452 1044 3482 &
1064 3450 1263 3489 Apostolicam

199 3502 437 3534 benedicitionem.

241 3541 425 3578 Frequenter,
443 3538 482 3568 fili
505 3535 664 3573 carissime,
685 3541 747 3563 ante
767 3540 823 3562 tuae
845 3529 1072 3560 considerationis
1095 3527 1193 3557 oculos
1212 3526 1266 3556 sta-

43 3566 84 3610 Jix
105 3581 176 3615 Orig-
207 3588 270 3610 tum
294 3577 478 3608 miserabilem
505 3574 708 3610 Ecclesiarum,
735 3581 767 3601 ac
796 3569 975 3599 Personarum
1002 3566 1258 3597 Ecclesiasticarum

206 3616 415 3648 consistentium
427 3617 456 3644 in
471 3613 580 3651 Regno
592 3614 625 3644 δε
639 3611 752 3647 Terris,
771 3617 827 3639 tuae
842 3608 941 3638 ditioni
956 3606 1102 3645 subjectis,
1120 3603 1267 3642 Apostoli-

199 3664 296 3686 carum
313 3654 478 3684 Litterarum
491 3653 678 3682 inculcatione
692 3648 842 3686 posuimus:

241 3692 403 3728 Frequenter
418 3690 566 3728 Injustitias
579 3698 660 3727 atque
674 3686 846 3717 Gravamina
865 3686 940 3723 (quae
957 3693 1010 3721 pro
1025 3681 1109 3711 libito
1131 3680 1269 3709 commit-

203 3738 300 3762 tuntur
311 3730 340 3758 in
354 3728 461 3764 Regno
473 3729 505 3758 &
522 3729 616 3758 Terris
630 3726 732 3756 eisdem
742 3748 752 3762 ,
770 3725 802 3755 &
815 3723 966 3763 specialiter
982 3722 1010 3751 in
1026 3719 1173 3750 Vaseoniae
1207 3718 1270 3748 arti-

205 3770 275 3806 bus,
300 3767 369 3803 ubi,
396 3766 509 3802 perinde
526 3766 636 3803 Justitia
657 3764 761 3800 exulat,
786 3763 857 3799 quasi
879 3762 935 3793 sine
951 3760 1030 3797 Lege
1054 3759 1088 3789 &
1108 3757 1164 3788 sine
1217 3765 1270 3793 ege

207 3806 326 3842 vivatur)
349 3805 402 3833 tibi
417 3804 568 3834 deteximus
582 3803 674 3834 saltem
690 3803 720 3831 in
736 3810 850 3837 genere:

245 3844 411 3880 Frequenter
427 3842 499 3877 apud
516 3851 543 3871 te
560 3842 678 3871 Paternis
692 3839 842 3870 institimus
864 3838 979 3867 monitis
994 3859 1004 3874 ,
1021 3844 1068 3873 ut,
1086 3834 1163 3864 circa
1184 3831 1272 3863 refor-

206 3883 364 3915 mationem
379 3879 501 3908 debitam
518 3880 733 3916 praedi&orum,
752 3877 788 3907 de
803 3885 945 3913 oportuno
960 3875 1042 3906 velles
1065 3871 1193 3903 remedio
1208 3880 1274 3909 pro-

207 3921 318 3957 videre,
336 3926 366 3948 ut
379 3917 494 3958 Regem
509 3917 645 3954 Regum,
663 3918 715 3946 tibi
730 3926 780 3952 pro
800 3915 853 3944 hiis
872 3912 988 3943 fortassis
1008 3911 1165 3949 offensum,
1181 3909 1274 3948 placa-

205 3969 266 3994 tum
282 3957 423 3993 efficeres,
441 3954 549 3997 ejusque
564 3954 798 3991 Propitiationem
813 3951 978 3982 benivolam
993 3952 1163 3987 impetrares.

243 3996 298 4030 Sed
319 3996 421 4034 etiam,
447 4003 496 4033 per
516 3993 688 4031 impunitatis
712 3991 874 4029 licentiam,
900 3990 1007 4027 crevit,
1026 3990 1056 4018 iri
1077 3985 1201 4026 subjecta
1221 3985 1276 4016 tibi

664 89 1449 138 CONVENTIONES,

1507 89 1895 142 LITERAE,

1283 176 1445 221 Vasconia,
1463 176 1581 207 insolens
1599 175 1712 207 audacia
1728 175 1920 213 perversorum
1930 197 1939 212 ,
1953 173 1991 204 sic
2005 182 2092 205 omne
2112 174 2259 206 confilium
2274 178 2359 207 ratio-
2370 174 2445 205 Ann.
2458 174 2499 208 D.

1283 217 1324 246 nis
1338 217 1457 255 abjecu,
1475 224 1506 246 ut
1529 215 1607 259 quod
1627 216 1655 244 in
1677 215 1754 245 arido
1773 214 1813 251 (id
1827 214 1886 251 est,
1904 214 1932 242 in
1954 221 2067 243 caeteras
2085 212 2239 253 Ecclesias,
2256 214 2359 246 Eccle-

2392 214 2475 253 1318.

1283 251 1451 292 siasticasve,
1468 263 1514 284 aut
1530 261 1645 291 privatas
1661 252 1839 291 quascunque
1856 251 1999 289 Personas)
2017 253 2035 270 ³*
2047 250 2157 282 fuerunt
2170 252 2266 283 assueti
2275 263 2358 284 com-
2369 253 2435 280 Edv.
2456 263 2482 282 2.

1282 294 1408 331 mittere,
1427 302 1502 330 nunc
1526 294 1556 322 in
1579 291 1662 322 viridi
1681 292 1749 329 (hoc
1769 292 1828 329 est,
1845 291 1873 320 in
1897 289 2062 320 Romanam
2084 289 2257 330 Ecclesiam,
2274 291 2356 329 spon·-

1281 327 1339 375 sam
1355 331 1495 361 nostram:
1518 341 1580 369 quae
1589 330 1725 360 Domino
1737 329 1916 368 disponente,
1935 336 2018 366 caput
2032 327 2073 358 est
2088 327 2276 359 Ecclesiarum
2290 340 2356 360 orti-

1282 379 1363 399 nium
1377 370 1410 400 δι
1430 369 1580 407 Magistra)
1599 379 1659 399 non
1677 369 1838 406 expaverint
1852 375 2015 407 perpetrare.

1306 408 1427 452 ⁴Nuper
1442 410 1549 438 etenim
1564 417 1634 438 cum
1648 417 1715 445 nOS,
1732 407 1857 437 volentes
1888 406 1998 435 ravibus
2010 405 2124 436 obviare
2132 405 2278 444 periculis,
2292 417 2356 445 quae

1283 445 1422 477 discordia
1443 447 1521 489 inter'
1534 445 1670 476 <inediam
1688 446 1718 474 iri
1741 443 1858 475 Christo
1868 414 1978 473 gFiliam
1994 466 2004 482 ,
2029 443 2175 474 Nobilem
2198 444 2356 477 Mulierem

1283 483 1396 514 Maiam
1412 484 1613 522 Comitissam,
1630 484 1681 523 &,
1699 483 1836 514 dilectum
1860 482 1978 519 Filium,
1994 482 2136 512 Nobilem
2153 481 2256 513 Virum
2267 505 2276 520 ,
2294 483 2360 514 Ber-

1283 522 1402 566 nardum
1417 522 1567 553 Comitem
1583 522 1741 553 Arminiaci
1755 532 1788 552 ex
1808 521 1864 552 uni
1879 529 1972 559 parte,
1991 520 2024 550 &
2043 521 2176 553 dile&am
2194 522 2223 551 in
2238 520 2357 553 Christo

1284 558 1386 591 Filiam
1395 585 1411 607 ³.
1421 561 1566 591 Nobilem
1579 560 1754 599 Mulierem,
1771 560 1959 598 Margaritam
1973 557 2188 590 Commitiffam
2202 559 2357 592 Fuxensem

1284 609 1318 643 ex
1329 599 1433 643 altera,
1451 601 1487 630 ab
1502 598 1573 630 olim
1594 607 1703 637 exorta,
1883 612 1983 618 ——·
2002 598 2031 627 in
2054 606 2205 636 promptu,
2223 598 2360 631 dilectum

1285 637 1550 677 Filium„Fratrem
1565 637 1687 668 Isarmun
1701 636 1737 667 de
1753 635 1860 667 Monte
1867 635 1951 674 Alto,
1969 634 2150 666 Gardianum
2166 637 2290 668 Fratrum
2297 638 2360 669 Mi-

1286 686 1392 706 norum
1405 676 1598 720 dte—Agenno,
1616 675 1744 719 nostrum
1759 675 1794 706 &
1808 674 1983 712 Apostolicae
2005 673 2084 705 Sedis
2106 674 2277 715 Nuncium,
2295 685 2357 708 tan-

1287 724 1374 752 quam
1390 725 1465 752 pacis
1481 714 1646 751 Angelum,
1664 713 1830 743 misissemus
1845 713 1879 744 ad
1893 712 2062 744 Diffidentes
2079 712 2207 743 eosdem:

1324 753 1440 797 Ipseque
1455 752 1630 797 CardianuS,
1648 751 1682 782 ad
1695 762 1746 781 nos
1759 752 1878 790 rediens,
1903 751 2066 782 relationem
2079 751 2116 782 de
2138 753 2253 791 negotio
2266 753 2360 792 hujus-

1288 792 1384 834 modi,
1411 793 1462 821 sibi
1485 791 1657 835 commisso,
1675 790 1813 828 facturus,
1831 800 1901 820 cum
1922 789 2009 820 Socio
2032 791 2065 821 ὃς
2087 790 2202 822 Familia
2220 791 2272 822 suis
2308 803 2357 831 per

1287 829 1391 859 Villam
1407 828 1702 872 ValentiaeQDiocese
1724 828 1875 865 Agennen.
1899 828 2042 859 transitum
2058 827 2185 868 faciem,
2204 831 2234 859 in
2251 815 2357 869 Ciipel-

1288 867 1381 911 lanum
1398 867 1533 911 Ecclesiae
1548 867 1634 912 511&ae
1649 866 1751 905 Villae,
1766 876 1800 897 ac
1817 866 1930 897 Locum
1952 868 2009 904 ejus
2021 867 2202 907 Tenentem,
2222 868 2358 902 Procura-

1288 913 1396 936 tionem
1405 928 1414 944 ,
1432 907 1482 936 sibi
1495 906 1622 936 debitam
1633 928 1643 943 ,
1656 905 1690 935 ad
1705 904 1867 936 mandatum
1880 904 2008 935 nostrum
2028 905 2132 936 solvere
2154 911 2360 940 contumaciter

1289 945 1480 988 recusantem,
1499 944 1830 981 Excommunicationis,
1848 943 1882 974 &
1901 943 1931 972 in
1946 942 2102 974 Ecclesiam
2123 946 2264 978 interdicti
2298 950 2361 979 sen—

1289 990 1382 1013 tentiis
1396 983 1532 1014 achtorite
1545 981 1713 1021 Apostolicii
1750 980 1935 1019 romulgatis,
2271 970 2282 986 ²

1327 1021 1432 1060 Bajulus
1447 1022 1533 1065 didiae
1548 1020 1632 1052 Villce
1641 1043 1650 1058 ,
1668 1030 1701 1051 ac
1720 991 1884 1058 {apellanus
1898 1028 1965 1049 cum
1980 1018 2095 1051 Clerico
2109 1020 2174 1059 suo,
2189 1023 2359 1064 indignatio-

1289 1069 1324 1090 ne
1338 1060 1438 1104 forsam
1453 1060 1553 1090 exinde
1568 1058 1725 1098 concepta,
1743 1058 1857 1089 dietum
1869 1056 2048 1088 Gardianum
2063 1067 2138 1090 extra
2147 1061 2249 1092 Villam
2306 1067 2361 1097 uas,

1290 1108 1338 1135 per
1358 1100 1480 1143 inediam
1496 1099 1605 1129 leucam
1636 1097 1821 1136 insequentes,
1840 1097 1870 1126 in
1892 1106 1958 1127 eum
1994 1096 2028 1127 &
2047 1096 2168 1128 Socium
2188 1101 2244 1137 ejus
2257 1075 2305 1134 ’ἐξ
2327 1115 2362 1136 ue

1291 1136 1435 1182 Familiam
1444 1160 1462 1180 ³.
1479 1147 1548 1169 cum
1570 1136 1712 1167 nonnullis
1731 1135 1949 1174 complicibus,
1967 1119 2086 1166 blericis
2107 1136 2141 1167 ὅς
2163 1124 2261 1170 Laicis,
2292 1114 2360 1173 fulri-

1290 1176 1392 1220 bundis
1409 1177 1516 1207 ausibus
1530 1177 1679 1206 iri-uerunt:
1696 1175 1730 1206 &
1752 1174 1871 1205 Famulo
1886 1173 1957 1204 dieii
1979 1173 2117 1205 Gardiani
2135 1163 2273 1213 percusso,
2286 1182 2360 1218 quasi

1289 1213 1420 1259 letaliter:
1439 1225 1471 1245 ac
1489 1215 1547 1252 ipso
1563 1213 1711 1258 Gardiano
1728 1213 1762 1245 &
1776 1212 1880 1251 Socio,
1898 1212 2011 1252 probris
2030 1212 2064 1243 &
2083 1214 2223 1246 conviciis
2243 1221 2359 1257 turpiter

1290 1252 1434 1298 lacessitis,
1451 1253 1565 1297 tandem
1581 1263 1611 1296 iri
1627 1262 1675 1282 eos
1691 1261 1789 1283 manus
1809 1251 1954 1288 sacrilegas
1974 1251 2146 1291 injecerunt,
2162 1263 2196 1284 ac
2217 1255 2289 1293 ipsos
2322 1258 2360 1289 de

1289 1290 1394 1331 Equis,
1419 1293 1518 1330 quibus
1541 1291 1711 1329 insidebant,
1736 1290 1827 1321 viliter
1849 1288 1981 1328 impulsos
2001 1289 2035 1320 ad
2054 1298 2172 1329 terram,
2191 1280 2305 1330 captos,
2323 1297 2358 1327 ad

1290 1331 1412 1361 modum
1430 1330 1605 1370 Latronum,
1622 1340 1691 1360 curn
1706 1328 1836 1359 clamosis
1858 1327 2123 1367 vociferationibus,
2138 1330 2172 1360 ad
2188 1319 2304 1363 Villam²
2314 1345 2359 1366 re-

1289 1368 1427 1413 duxerunt
1446 1369 1585 1407 eandem,
1607 1369 1640 1400 &
1663 1369 1692 1397 in
1713 1367 1783 1398 illius
1802 1366 1900 1406 placei
1919 1367 2090 1405 communi,
2106 1376 2135 1398 ut
2158 1368 2359 1404 Malefadtores

1288 1408 1435 1447 publicos,
1454 1406 1622 1446 statuerunt,
1640 1405 1814 1444 Apostolicis
1831 1405 1947 1444 Literis,
1964 1403 2067 1444 Equis,
2082 1405 2116 1436 &
2130 1405 2229 1439 Rebus
2240 1419 2340 1443 eorum

1289 1457 1342 1485 pro
1354 1447 1438 1478 libito
1451 1447 1564 1484 direptis
1576 1447 1604 1476 in
1617 1445 1758 1483 praedam:
2347 1436 2359 1452 '

1324 1485 1472 1526 Ipsosque,
1490 1485 1529 1515 fic
1545 1493 1658 1523 captos,
1676 1483 1710 1514 ad
1724 1483 1882 1522 quendam,
1900 1491 2036 1515 vocatum
2049 1483 2164 1516 Petrum
2179 1486 2214 1517 de
2229 1487 2362 1521 Galecia-

1288 1536 1344 1570 iio,
1361 1534 1456 1563 tuum,
1474 1532 1503 1554 ut
1519 1523 1625 1562 fertur,
1640 1522 1853 1553 Thesaurarium
1867 1523 1896 1552 iri
1912 1522 2089 1561 Agennesio,
2107 1525 2184 1562 cujus
2198 1529 2314 1558 nomine
2332 1529 2359 1559 se

1290 1565 1340 1596 ista
1353 1563 1444 1595 facere
1465 1561 1618 1593 asserebant
1634 1570 1714 1603 ‘non
1736 1560 1836 1601 absque
1855 1561 1975 1592 vinculis
1999 1561 2188 1601 adduxissent,
2204 1564 2256 1595 nifi
2289 1566 2362 1598 dile-

1291 1603 1353 1634 &us
1365 1603 1464 1646 Filius,
1483 1600 1604 1631 Nobilis
1617 1584 1684 1638 uir,
1704 1599 1867 1631 Amanemrs
1888 1599 1925 1630 de
1947 1599 2068 1631 Foffico
2117 1599 2206 1633 Miles
2241 1588 2360 1636 L'ocum

1291 1650 1387 1673 tenens
1401 1643 1441 1673 tui
1455 1650 1486 1670 in
1506 1639 1647 1670 Vasconia
1667 1638 1831 1676 Senescalii,
1848 1637 2057 1678 superveniens,
2074 1623 2227 1680 homino}
2245 1650 2276 1674 ut
2296 1653 2358 1675 cre·

1291 1681 1400 1721 dimus,
1416 1680 1595 1721 disponente,
1613 1687 1711 1709 eorum
1727 1678 1828 1717 iniquis
1842 1677 2053 1714 contemptibus
2067 1677 2203 1710 obviaffet

1330 1720 1392 1759 Ipse
1413 1729 1479 1751 nam
1502 1726 1553 1762 ue,
1569 1725 1708 1761 tanquam.
1722 1714 1928 1759 benediffloms
1950 1715 2050 1754 Filius,
2067 1716 2195 1763 injurias,
2210 1702 2294 1750 iiobis
2327 1721 2362 1752 ὅτ.

1293 1759 1469 1799 Apostolicae
1501 1755 1563 1795 edi,
1581 1766 1608 1785 in
1625 1754 1754 1795 praedicti
1765 1753 1877 1785 Nuncii
1891 1753 1980 1784 nostri
1995 1753 2127 1793 persona,
2144 1764 2175 1786 ut
2197 1743 2343 1795 praeferiur

1291 1798 1393 1837 illatas,
1410 1797 1577 1833 abhorrens,
1595 1793 1763 1832 praedictos,
1781 1791 1967 1831 Capellanum
1989 1793 2023 1823 &
2037 1792 2179 1833 Bajulum,
2197 1797 2227 1825 in
2247 1783 2362 1829 excessu

1292 1837 1369 1875 quasi
1382 1836 1510 1874 flagranti
1522 1844 1551 1864 re
1572 1841 1662 1872 ertos,
1678 1833 1786 1863 caeteris
1806 1830 1833 1862 se
1848 1832 2094 1863 committentibus
2115 1832 2192 1869 fugae
2214 1836 2344 1872 praefidio

1292 1875 1468 1914 personaliter
1488 1843 1650 1905 arreiiavit:
1673 1871 1722 1909 &³
1742 1870 1846 1901 faciens
1866 1869 1954 1900 ablata
1974 1879 2023 1907 per
2043 1880 2090 1900 eos
2112 1870 2193 1902 dieto
2217 1859 2364 1905 Gardiand

1293 1914 1414 1953 restitui,
1431 1913 1544 1944 dietum
1562 1910 1690 1949 Bajulum
1709 1909 1828 1947 praefato
1847 1906 2000 1938 Senescallo
2034 1918 2067 1939 ac
2090 1908 2273 1947 Capellanum
2289 1923 2363 1950 prae-

1293 1953 1382 1997 fatum
1399 1952 1435 1984 ad
1455 1952 1552 1983 forum
1596 1947 1761 1981 venerabilis
1783 1946 1879 1979 Fratris
1899 1945 1986 1977 nostri
2007 1931 2140 1986 Episcopi
2161 1948 2307 1989 Agennen.
2325 1951 2366 1982 sui

1291 1991 1461 2029 Diocesani‚
1476 1973 1590 2021 remisit.

1331 2030 1368 2061 Et
1382 2031 1413 2060 in
1427 2030 1481 2059 hiis
1494 2028 1521 2059 se
1537 2026 1657 2065 geffiffet
1670 2025 1746 2056 idem
1761 2024 1877 2055 Locum
1899 2024 2030 2063 Tenens,
2049 2032 2080 2055 ut
2103 2025 2241 2065 creditur,
2257 2028 2347 2059 acrius

1293 2068 1314 2100 si
1337 2079 1397 2100 non
1418 2067 1610 2099 vicecomitis
1631 2065 1815 2101 Leomaniae,
1832 2071 1901 2093 tunc
1924 2073 1973 2101 per
1994 2062 2100 2094 Villam
2122 2064 2282 2096 transeuntis
2299 2051 2365 2098 ean3

1293 2107 1385 2179 ‹iiten-ii,
1396 2108 1429 2138 ὅ(
1446 2105 1594 2145 praedictos
1608 2102 1800 2135 dissimulantis
1813 2100 1955 2140 excessuS,
1970 2110 2051 2132 nutus
2071 2103 2288 2140 reprehensibilis
2307 2106 2362 2136 ob-

1323 2156 1352 2179 iti
1378 2155 1412 2178 et.

1329 2187 1422 2223 I-laec,
1439 2183 1578 2216 carissime
1590 2182 1642 2213 Fili
1650 2181 1706 2221 ,fic
1719 2179 1912 2218 Enormia,sic
1926 2178 2086 2217 plectenda,
2100 2179 2150 2210 sub
2157 2189 2207 2211 tuo
2214 2181 2366 2213 suntcom-

1296 2226 1378 2256 missa
1393 2224 1549 2255 Dominio:
1570 2222 1666 2253 talibus
1688 2220 1715 2250 se
1737 2218 1917 2256 immiscent,
1939 2227 1992 2254 pro
2012 2217 2159 2248 voluntatis
2178 2220 2308 2259 arbitrio,
2325 2223 2365 2253 tui

1294 2267 1324 2295 in
1340 2263 1479 2295 Vasconia
1491 2261 1620 2298 Subdiu,
1638 2269 1692 2290 nec
1706 2257 1748 2287 est
1763 2258 1810 2295 qui
1824 2264 1909 2287 errata
1923 2255 2064 2293 corrigat,
2080 2265 2139 2285 non
2154 2258 2202 2296 qui
2216 2268 2267 2295 pro
2287 2259 2365 2291 cultu

1288 2303 1403 2343 justitiae
1418 2301 1444 2331 se
1460 2309 1572 2330 murum
1586 2305 1728 2336 opponat,
1743 2302 1856 2334 propter
1870 2294 2112 2331 compaternitates
2129 2295 2162 2325 &
2173 2297 2309 2328 amicitias
2319 2298 2366 2336 ju-

1293 2341 1424 2372 stificatur
1438 2339 1560 2376 Impius,
1580 2337 1613 2368 ὅς
1629 2336 1769 2366 innocens
1783 2332 1926 2363 interdum
1943 2332 1999 2362 sine
2013 2331 2094 2363 causa
2105 2332 2278 2371 dampnatur.

1331 2379 1426 2415 Haec,
1444 2378 1514 2416 Fili,
1533 2385 1562 2407 te
1576 2374 1746 2405 dissimulare
1763 2382 1822 2402 non
1841 2370 1953 2409 expedit
1989 2380 2025 2400 ne
2051 2371 2082 2400 in
2103 2379 2131 2401 te
2148 2373 2230 2410 culpa
2249 2373 2344 2411 populi

1293 2418 1339 2450 vel
1356 2416 1536 2448 Officialium
1551 2412 1682 2445 desidiosa
1704 2411 1860 2450 malignitas
1877 2394 2094 2447 transfundatur,
2110 2409 2156 2440 sed
2172 2411 2256 2441 talem
2279 2398 2364 2443 debe}

1293 2458 1365 2487 inibi
1380 2456 1538 2486 Rediorem
1554 2452 1667 2483 statuere
1681 2451 1752 2481 loco
1765 2450 1822 2487 tui,
1840 2449 1888 2487 qui
1901 2448 1999 2479 Deum
2020 2448 2132 2477 timeat:
2145 2447 2285 2487 Justitiatn
2299 2451 2363 2481 dili-

1295 2505 1359 2533 gat:
1375 2494 1480 2525 nullam
1495 2495 1523 2523 in
1537 2492 1594 2530 ejus
1606 2490 1771 2521 executione
1785 2486 1919 2518 formidet
1933 2486 2038 2517 favoris
2054 2484 2212 2516 deXteram:
2229 2496 2276 2518 aut
2297 2489 2363 2519 fini-

1295 2535 1379 2565 stram
1394 2532 1454 2563 odii
1468 2531 1586 2568 nesciat,
1601 2530 1650 2568 qui
1670 2528 1773 2568 polleat
1795 2524 1937 2557 munditia
1958 2533 2111 2563 manuum,
2128 2525 2162 2556 &
2183 2527 2211 2556 in
2233 2527 2362 2565 persona-

1294 2583 1358 2604 rum
1372 2572 1539 2609 acceptione
1552 2578 1612 2598 non
1629 2574 1711 2597 erret.

1331 2611 1394 2649 Qui
1406 2611 1488 2649 igitur
1501 2605 1632 2638 Excessus
1645 2603 1797 2644 praedietos
1815 2602 1902 2640 (circa
1915 2611 2033 2640 quorum
2042 2603 2267 2643 corrediionern,
2276 2614 2364 2643 quan-

1294 2658 1352 2681 tum
1369 2649 1404 2679 ad
1419 2649 1520 2678 Laicos
1532 2645 1668 2684 pertinet,
1685 2643 1725 2673 tui
1739 2641 1870 2672 nondum
1894 2640 2049 2671 audivimus
2070 2640 2246 2678 diligentiam
2269 2643 2365 2674 Senes-

1295 2687 1370 2724 calli)
1390 2686 1509 2724 relinqui
1522 2693 1581 2714 non
1596 2682 1734 2713 convenit
1748 2679 1941 2717 incorrectos,
1956 2689 1992 2709 ne
2009 2678 2169 2710 deriventur
2189 2681 2219 2710 in
2234 2681 2301 2712 alios
2315 2693 2363 2720 per

1294 2727 1442 2767 impunitae
1455 2720 1670 2760 transgressionis
1684 2718 1857 2756 exemplare,
1873 2725 1988 2755 propter
2003 2717 2078 2755 quod
2091 2719 2124 2748 &
2140 2728 2191 2749 nos
2210 2720 2238 2749 in
2258 2720 2363 2758 Capel-

1294 2762 1578 2834 {ffumpsaedistum
1592 2760 1625 2791 &
1639 2759 1706 2790 alios
1719 2756 1846 2788 Clericos
1858 2755 2080 2788 animadvertere
2098 2767 2150 2795 pro
2165 2758 2254 2788 modo
2271 2760 2362 2797 culpae

1317 2814 1324 2833 1
1356 2812 1467 2833 onimus

1334 2813 1535 2872 {xcellentiam
1546 2837 1670 2875 Regiam
1685 2835 1852 2874 requirimus
1864 2834 1897 2865 &
1920 2842 2052 2871 rogamus
2064 2835 2184 2873 attente,
2202 2835 2235 2866 &
2257 2836 2286 2865 in
2305 2835 2362 2873 illo,

1297 2882 1345 2919 qui
1383 2890 1431 2918 per
1447 2878 1651 2916 Prophetarum
1672 2874 1826 2911 eximium,
1843 2872 1904 2903 illos
1920 2873 2013 2902 beatos
2034 2871 2140 2910 aflerit,
2159 2875 2207 2911 qui
2224 2873 2363 2912 Justitiam

1296 2922 1330 2951 &
1360 2919 1488 2950 udicium
1503 2918 1532 2946 in
1546 2915 1629 2945 omni
1641 2922 1770 2951 tempore
1782 2911 1904 2949 faciunt,
1922 2910 2098 2941 obsecramus
2111 2913 2252 2949 quatinus,

1357 2958 1486 2988 rudenter
1499 2962 1602 2986 attento
1617 2951 1700 2990 quod
1714 2950 1846 2983 Excessus
1862 2949 1990 2987 praedicii
2026 2948 2132 2979 nedum
2146 2950 2178 2978 in
2190 2949 2364 2986 Regisaeter-

1297 2998 1328 3027 ni
1363 2997 1396 3028 &
1418 2995 1559 3025 Romanae
1578 2991 1712 3022 Ecclesiae
1733 2988 1833 3019 Matris
1854 2996 1928 3026 tuae,
1946 2971 2123 3024 noiiramque
2143 2987 2365 3027 contumeliam,

1295 3020 1346 3066 secs
1360 3037 1393 3066 ὃς
1409 3037 1438 3066 in
1453 3030 1630 3063 Celsitudinis
1640 3038 1696 3060 tuae
1712 3027 1773 3066 (sub
1794 3027 1872 3065 cujus
1888 3026 2031 3056 Dominio
2044 3024 2167 3054 Personis
2188 3025 2364 3057 Ecclesiasti-

1297 3076 1355 3113 cis,
1373 3075 1406 3105 &
1420 3071 1571 3110 specialiter
1584 3067 1757 3107 Apostolicis
1769 3065 1892 3096 Nunciis
1903 3063 1961 3094 esse
1975 3062 2088 3092 deberet
2103 3061 2172 3093 liber
2191 3065 2313 3095 transitus
2330 3067 2364 3097 &

1297 3112 1416 3149 securus)
1436 3111 1566 3149 injuriam
1581 3108 1614 3138 &
1633 3102 1958 3146 comtemptumnaperte
1977 3100 2147 3140 redundant,
2164 3102 2284 3140 proinde
2305 3114 2364 3135 non

1297 3152 1359 3182 sunt
1373 3148 1591 3181 conniventibus
1604 3145 1692 3175 oculis
1704 3142 1868 3173 transeundl-

1335 3192 1354 3209 ³*
1372 3189 1421 3219 Sic
1436 3188 1511 3217 circa
1525 3186 1638 3215 illorum
1653 3180 1866 3218 castigationem
1883 3177 2026 3216 debitam,
2045 3186 2182 3216 quantum
2203 3179 2237 3210 ad
2259 3188 2287 3212 te
2302 3191 2365 3219 per-

1296 3229 1425 3265 tinuerit,
1444 3223 1584 3263 provideri
1599 3220 1712 3250 mandes
1719 3220 1758 3262 ¹&
1773 3218 1873 3254 faciaS,
1892 3216 1971 3255 quod
1985 3216 2128 3247 evidenter
2142 3227 2268 3255 appareat
2302 3219 2361 3251 uod

1298 3277 1348 3305 ea,
1366 3275 1429 3303 quae
1445 3265 1473 3293 in
1488 3272 1538 3292 nos
1552 3262 1585 3292 &
1597 3257 1792 3301 Apostolicatn
1801 3255 1902 3285 Sedem
1911 3277 1921 3293 ,
1939 3264 1988 3292 per
2003 3264 2065 3285 tuos
2075 3255 2208 3296 *praefatos
2220 3229 2363 3297 Subdstos,

1300 3304 1516 3335 committuntur
1535 3299 1671 3335 indigne,
1688 3305 1740 3327 tuis
1759 3294 1858 3324 infesta
1878 3293 1983 3323 cedunt
2006 3293 2170 3332 affectibus,
2185 3295 2219 3325 &
2241 3295 2365 3333 ipsorum

1299 3341 1460 3373 excessuum
1487 3338 1586 3380 Laici,
1609 3335 1776 3372 patratores,
1802 3332 1952 3370 Regium,
1967 3333 1997 3361 in
2017 3332 2089 3370 hiis,
2106 3333 2242 3363 timorem
2263 3333 2290 3364 se
2311 3334 2365 3364 do-

1301 3382 1371 3412 leant
1385 3377 1511 3410 habuisse
1524 3374 1700 3411 contemptui
1736 3372 1769 3402 &
1783 3372 1876 3402 caeteri
1892 3381 1907 3400 a
1922 3369 2054 3400 similibus
2066 3379 2219 3401 arceantur.

1339 3417 1406 3448 Dat.
1424 3416 1549 3447 Avinion
1565 3436 1575 3453 ,
1599 3412 1673 3443 sexto
1693 3395 1923 3448 Kalendasjulii,
1938 3408 2121 3440 Pontificatsis
2139 3408 2228 3439 nostri
2241 3418 2314 3440 anno
2331 3407 2370 3440 se-

1301 3457 1406 3489 cundo.

1554 3619 1613 3650 Pro
1639 3618 1826 3663 Margareta
1848 3613 1997 3660 Cominffit
2018 3614 2110 3646 Fuxi.

2391 290 2410 308 *Ξ
2427 292 2480 318 111.

2403 327 2470 365 706.

2393 3175 2408 3192 ⁰
2428 3175 2483 3202 111.

2410 3221 2474 3248 707.

1309 3715 1439 3787 REX
1458 3715 1527 3745 Sen‘
1533 3713 1611 3744 Tcallo
1632 3711 1680 3742 suo
1695 3710 1858 3748 Vasconiae,
1875 3711 1908 3741 &
1931 3704 2144 3739 Constabulario
2164 3702 2214 3733 suo
2228 3700 2370 3740 Burdega-
2381 3708 2454 3741 Am,
2467 3708 2510 3739 Dg

1390 3755 1451 3791 liae,
1469 3755 1516 3791 qui
1531 3761 1606 3783 nunc
1620 3750 1696 3788 sunt,
1708 3749 1756 3780 'vel
1771 3751 1819 3789 qui
1856 3759 1889 3779 ro
1904 3755 2030 3784 tempore
2042 3751 2138 3780 erunt,
2154 3741 2278 3772 salutem.

1348 3792 1518 3830 Supplicavit
1537 3791 1619 3821 nobis
1636 3788 1813 3827 Margaret-a,

1311 3832 1445 3899 Begnni,
1464 3829 1612 3859 Executrix
1626 3826 1804 3857 Testamenti

1313 3879 1448 3945 Angliig:

1314 3945 1524 3983 obligatorias,
1541 3945 1571 3973 in
1586 3942 1753 3981 diversispe

1314 3985 1408 4017 eidem
1430 3982 1616 4019 Guillielmo,
1631 3980 1703 4013 dum
1721 3980 1875 4016 vixit,·aut
1893 3973 2017 4014 praefatae
2039 3970 2232 4010 Margaretae,
2248 3977 2387 4039 tanqffi‘tg

1818 3823 1966 3856 Gullielmi
1980 3821 2016 3851 de
2028 3817 2153 3850 Garland
2162 3840 2173 3856 ,
2190 3816 2270 3855 quod
2278 3839 2288 3855 ,

1619 4044 1634 4059 t

2401 3749 2486 3788 13r8.

1857 3785 1978 3817 omitiffa
2000 3782 2087 3818 Fuxi,
2105 3780 2138 3811 &
2155 3777 2371 3810 vicecomitissa
2381 3790 2434 3814 Aa,
2453 3795 2495 3814 ῃ,

2384 3830 2412 3852 Ε.
2433 3835 2459 3853 2.

1471 3869 1557 3897 boiiae
1578 3867 1741 3903 memoriae,
1768 3864 1911 3894 Dominus
1933 3857 2107 3895 EdwarduS,
2134 3855 2280 3893 quondam
2307 3853 2372 3884 Rex
2386 3863 2453 3898 Vasa.
2477 3869 2518 3889 n,

1462 3905 1542 3937 Pater
1555 3904 1663 3942 noster,
1681 3904 1773 3934 eidem
1795 3898 1979 3935 Guillielmo,
1996 3905 2045 3935 per
2063 3894 2182 3925 diversas
2198 3894 2302 3923 Literas
2321 3893 2379 3923 suas
2393 3907 2422 3930 E.
2438 3911 2464 3928 2,
2481 3906 2520 3927 m,

1754 3941 1896 3971 cuniarum
1914 3936 2030 3966 summis
2045 3933 2204 3970 tenebatur,
2221 3931 2258 3962 de
2282 3932 2382 3969 quibus
2397 3950 2424 3975 9·
2439 3939 2464 3966 a,
