2562 4279
120 219 134 244 r
138 210 196 257 96

0 301 44 322 nn.
63 288 101 319 D.
120 289 237 327 deford,
255 287 439 318 Canonicum
456 279 590 315 Ecclesiae
606 279 832 315 Londoniensis,
850 278 884 308 δε
898 274 1057 319 Ricardum
1069 271 1184 318 Saham,

13 328 79 369 346-
120 329 283 363 Clericurn,
298 325 372 364 Juris
395 325 534 365 peritum,
552 320 754 351 Procuratores
775 316 902 353 nostros,
927 312 1124 352 conjunCtim,
1150 309 1184 339 &

59 377 84 403 3·
122 367 248 401 divisim,
266 363 462 394 constituimus
480 369 558 399 Juxta
580 360 698 395 seriem,
716 365 866 393 tenorem,
884 355 918 385 &
941 352 1084 389 sormam,
1102 348 1185 395 nobis

122 401 302 440 transmissae,
321 400 440 431 Cedulae
454 398 620 438 praelibant,
949 430 952 434 Ι
1026 428 1032 435 ⁴

159 443 243 481 Qos
252 465 260 477 ,
278 441 312 471 δε
326 448 427 469 eorum
443 437 612 476 quemlibet,
631 443 718 472 quem
731 432 765 462 ad
777 430 878 462 vestrae
892 428 1046 466 Maiestatis
1067 424 1186 466 praesen-

124 483 191 513 tiam
204 480 298 510 venire
314 477 333 497 *²
345 477 511 515 contigerit,
525 476 554 505 in
566 474 619 504 hac
634 481 712 510 parre
730 470 885 502 affeftione
905 467 985 498 solita
1004 473 1189 510 recommenu

122 520 200 550 datos
221 518 342 553 habere,
360 516 393 546 ὅτ.
416 514 570 551 benignius
584 510 730 548 exaudire,
744 510 850 546 velitis,
868 507 992 547 ipsosque
1015 505 1099 536 nobis
1119 511 1188 534 cum

123 558 260 589 celeritate
271 556 415 585 remittere
430 553 547 583 feliciter
563 549 717 588 expeditos.
1011 583 1016 588 Ι

161 593 340 633 Maiestatem
355 593 475 623 vestram
489 591 615 628 Regiam
628 589 677 619 diu
690 587 837 618 conservet
853 586 881 615 iri
897 583 1031 623 prosperis
1051 580 1190 612 Clemen-

122 636 157 666 tia
174 633 331 664 Salvatoris.

161 673 229 704 Dat.
248 672 277 701 in
291 669 397 701 Palatio
408 667 509 699 nostro
520 667 564 698 W
567 666 648 698 estm.
668 664 784 695 decimo
797 663 902 694 oiiavo
917 660 963 691 die
978 659 1085 690 Martii.

0 339 7 358 ῐ

0 370 26 396 lv

2 493 103 523 V.502.

407 799 512 830 Litera
531 793 616 840 miffiz
633 795 746 840 Reginae
762 789 898 834 Castellae.

3 907 49 928 nn.
61 895 101 926 D.

0 936 78 976 1346.

0 986 25 1002 n.
43 985 87 1002 20.

126 882 340 946 SErenislimae
363 881 521 919 Dominae,
540 878 673 910 Castellae
693 878 726 909 &
746 877 882 915 Legionis
903 873 1044 912 Reginae,
1063 871 1194 916 Consan-

166 920 171 924 ”
182 924 293 962 guineae
316 921 371 952 suae
394 919 558 957 carissimae,
578 917 748 954 Edwardus,
766 915 827 947 ἃς.
846 914 989 951 Salutem,
1008 913 1042 944 ὅ(
1064 911 1193 942 felicium

123 962 298 992 incrementa
313 960 507 997 successuum,
527 967 595 988 cum
609 956 701 987 salute.
1175 988 1180 994 ι

164 999 295 1030 Βίὶεξὶυε
319 998 448 1029 Clericus
467 996 579 1034 noster,
606 993 743 1034 Magister
765 991 890 1024 Andreas
913 990 950 1020 de
971 988 1099 1027 Offord,
1119 988 1194 1028 Juris

126 1036 227 1068 Civilis
248 1037 408 1076 Professor,
426 1036 461 1067 ad
484 1035 695 1066 Subliinitatem
711 1031 920 1068 vestrain,e&,
940 1026 1054 1059 Consan
1076 1028 1194 1058 uineum

125 1076 256 1107 nostrum
271 1075 462 1113 carissimum,
481 1073 511 1104 R
548 1084 595 1104 em
611 1071 762 1109 Castellae,
780 1068 990 1100 Conthoralem
1005 1077 1042 1114 ve
1068 1076 1134 1097 rum
1156 1065 1194 1096 Il-

125 1115 259 1152 lustrem,
279 1125 347 1145 cum
363 1114 464 1144 Literis
484 1113 586 1142 nosris
605 1121 695 1149 nuper
717 1107 904 1146 transmissus,
922 1115 1027 1144 quanta
1046 1106 1080 1137 &
1104 1114 1192 1144 quam

125 1153 232 1185 intensa
246 1153 398 1184 affectione
414 1151 535 1183 viscerali
551 1160 616 1190 erga
631 1149 778 1189 personam
791 1146 918 1177 nostram
931 1144 1032 1189 'vestra
1052 1143 1192 1175 Serenitas

126 1193 167 1223 est
180 1192 298 1230 affec'l‘a,
317 1192 426 1222 nedum
439 1200 488 1229 per
505 1189 613 1221 Literas
629 1187 732 1219 vestras
742 1212 751 1225 ,
770 1187 853 1217 nobis
867 1184 986 1227 placidas
999 1184 1033 1214 ὃς
1044 1191 1192 1220 acceptas,

125 1232 163 1263 set
182 1232 312 1270 operibus
335 1229 520 1261 effe&ualiter
540 1227 720 1268 perexperta,
739 1225 898 1263 quant-ique
921 1223 1076 1253 sinceritate
1095 1222 1193 1252 hono—

125 1280 187 1300 rem
212 1270 339 1300 nostrum
360 1269 393 1300 ὅ(
417 1268 590 1299 Liberorum
606 1265 768 1297 nostrorum
790 1263 920 1302 diligitis,
940 1270 1098 1299 quantaque
1121 1267 1193 1297 quot

126 1308 252 1339 Consilia
272 1309 306 1339 ὃς
332 1307 443 1338 Auxilia
465 1308 541 1338 circa
566 1305 806 1340 Matrimonium,
830 1303 921 1339 inter,
938 1300 1073 1331 Inclitum
1096 1298 1193 1329 Infan-

126 1355 202 1386 tem,
222 1347 326 1378 filium
349 1346 475 1377 vestrum
493 1344 740 1384 Primogenirum,
757 1342 790 1372 δε
809 1339 990 1383 Johannam,
1016 1337 1116 1368 Filiam
1137 1347 1193 1367 no-

126 1386 210 1416 stram
234 1385 421 1422 carissimam,
440 1384 683 1418 contrahendum,
707 1381 743 1411 de
766 1380 955 1418 benignitate,
979 1377 1062 1408 vobis
1082 1375 1195 1414 innata,

125 1425 251 1464 gnaviter
271 1423 462 1464 impendistiS,
481 1423 564 1452 nobis
586 1419 710 1452 seriosius
732 1419 889 1454 intimavit,
908 1427 962 1453 pro
983 1416 1100 1458 quibus,
1126 1425 1196 1445 nec-

126 1473 187 1494 non
201 1473 255 1501 pro
268 1463 410 1493 immensis
424 1461 597 1499 honoribus,
610 1460 703 1490 eidem
720 1457 841 1488 Clerico
855 1455 955 1486 nostro
965 1478 974 1493 ,
987 1457 1020 1486 δε
1036 1454 1092 1485 aliis
1108 1453 1198 1484 Nun-

129 1503 182 1533 ciis
201 1501 319 1540 nostris,
335 1502 430 1532 secum
453 1499 605 1538 adjunffis,
625 1508 673 1537 per
696 1495 928 1527 Munificentiam
942 1492 1064 1523 vestram
1078 1492 1198 1523 liberali-

129 1543 171 1572 ter
186 1541 319 1580 elargitis,
339 1539 508 1571 Sublimitati
523 1537 624 1567 vestrae
641 1544 729 1571 grates
745 1534 892 1566 referimus
905 1532 1047 1564 cordiales.

168 1578 204 1610 Et
219 1579 284 1610 licet
297 1578 446 1609 Summam
461 1577 609 1614 Pecuniae,
627 1575 715 1606 Dotis
729 1574 864 1611 nomine,
883 1582 931 1610 per
945 1570 1039 1602 dictos
1062 1569 1197 1601 Nuncios

130 1617 240 1648 nostros
254 1616 452 1654 constitutam,
472 1615 580 1646 nedum
595 1622 709 1653 propter
732 1612 812 1651 ipsius
835 1612 1036 1649 quantitatem,
1052 1608 1091 1639 set
1111 1619 1199 1648 prop-

130 1666 172 1687 ter
185 1656 339 1687 Terminos
355 1655 528 1692 Solutionis,
544 1654 643 1684 breves
656 1652 781 1683 nimium
793 1652 826 1682 &
842 1650 958 1681 festinos
982 1649 1105 1685 (attentis
1126 1657 1199 1686 prae-

130 1696 224 1726 sertim
238 1694 370 1732 Expensis
383 1693 526 1725 immensis
539 1694 569 1722 in
585 1692 703 1723 Guerris
719 1689 822 1721 nostris
835 1687 966 1728 impensis
981 1688 1014 1718 &
1029 1686 1199 1723 impenden-

130 1733 183 1770 dis)
207 1734 348 1764 exsolvere
367 1733 451 1763 nobis
469 1731 595 1763 videatur
613 1729 786 1766 onerosum;
805 1726 915 1768 pensata
935 1736 1031 1757 tamen
1045 1724 1199 1756 affeffione

131 1772 246 1810 grandi,
265 1782 351 1810 quam
365 1782 418 1802 vos
433 1771 466 1801 &
480 1770 609 1809 praefatus
625 1767 859 1807 Consanguineus
884 1765 998 1803 noster,
1017 1764 1204 1795 Conthoralis

132 1810 241 1849 vester,
255 1811 289 1841 ad
299 1810 367 1841 Nos
380 1810 414 1841 δε
430 1809 565 1839 Domum
578 1807 705 1838 nostram
719 1806 839 1845 Regiam
855 1805 961 1835 sincere
974 1804 1085 1843 geritis,
1103 1804 1201 1833 omni-

131 1851 184 1880 bus
200 1850 234 1880 &
258 1849 383 1886 singulis,
402 1850 431 1878 in
450 1847 529 1878 dieto
550 1847 688 1877 Tra&atti
702 1846 818 1882 habitis,
836 1843 1043 1881 consentimus,
1062 1842 1200 1879 sperantes

131 1887 212 1926 quod
246 1887 311 1926 post
332 1886 476 1917 firmatum
496 1885 664 1917 Traetatum
679 1882 857 1922 hujusmodi,
871 1881 1029 1912 Terminos
1043 1880 1200 1911 Solutionis

131 1925 205 1958 diffu
218 1936 306 1964 iores,
332 1926 401 1957 cum
424 1925 501 1963 super
521 1925 578 1955 hoc
603 1924 749 1954 Serenitati
769 1921 871 1954 vestrae
890 1920 1095 1959 scripserimus,
1118 1920 1201 1950 nobis

133 1966 263 1997 curabitis
274 1973 433 2003 procurare.

170 2003 208 2034 Et
231 2004 265 2034 ad
287 2003 459 2034 firmandum
479 2012 510 2033 ea
528 2024 538 2039 ,
565 2011 630 2040 quae
651 2001 682 2031 in
702 1999 857 2037 Tra-statu,
884 2000 955 2029 inter
979 1996 1202 2029 Commissarios

132 2042 239 2082 praefati
253 2041 436 2073 Conthoralis
450 2041 535 2072 vestri
547 2041 581 2072 ὃς
597 2040 709 2071 nostros
721 2039 836 2076 habito,
856 2036 990 2075 suffragio
1003 2036 1098 2067 vestro
1119 2037 1199 2067 bono

131 2081 287 2120 mediante,
304 2079 478 2111 concordata
497 2079 561 2111 sunt
581 2079 615 2110 &
633 2077 782 2117 consensa,
806 2076 915 2108 Fideles
936 2077 970 2107 &
992 2075 1124 2106 Dilectos
1144 2086 1201 2106 no-

131 2120 203 2151 stros
213 2145 222 2158 ,
239 2119 441 2150 Venerabilem
456 2118 590 2156 Patrem,
605 2117 722 2147 Petrum
733 2115 908 2155 Episcopum
926 2114 1128 2153 Baionensem,
1148 2116 1200 2153 &‚

130 2158 310 2197 Religiosum
328 2157 446 2195 Virum,
464 2156 496 2187 P.
517 2156 660 2188 Abbatem
679 2155 794 2187 Sandiae
815 2153 920 2186 Crucis
941 2153 1130 2192 Burdegaliae,
1149 2163 1200 2192 ac,

131 2197 278 2228 Discretos
299 2197 401 2236 Viros,
422 2195 590 2235 aslagistrQ
608 2194 768 2226 Geraldum
787 2193 823 2225 de
841 2192 953 2232 Podio,
970 2191 1121 2223 Sacristam
1141 2191 1202 2223 Ec-

132 2236 224 2267 clefiae
239 2235 330 2267 Burde
349 2235 460 2273 alensis,
477 2235 611 2275 Judicem
624 2233 754 2264 nostrum
770 2232 937 2270 Vaseoniae,
954 2231 1149 2262 Willielmum
1164 2231 1202 2262 de

134 2275 302 2312 Ludeford,
350 2276 506 2306 anonicum
525 2273 659 2305 Ecclesiae
682 2271 907 2309 Londoniensis,
925 2272 959 2302 &
983 2269 1141 2301 Ricardum
1163 2269 1200 2301 de

134 2313 256 2352 Saliam,
275 2313 437 2352 Clericum,
450 2312 526 2352 Juris
546 2313 686 2352 peritum,
702 2310 904 2342 Procuratores
923 2309 1034 2340 nostros
1055 2309 1088 2340 &
1110 2308 1201 2340 Nun-

134 2353 196 2384 cios
214 2353 358 2391 speciales,
388 2351 588 2391 conjunctim,
610 2351 644 2382 δι
663 2349 791 2387 divisim,
811 2348 1023 2385 ordinavimus;
1048 2358 1139 2387 quos,
1165 2349 1199 2380 &

131 2400 235 2422 eorum
249 2391 425 2430 quemlibet,
444 2400 530 2429 quem
545 2389 580 2421 ad
598 2389 719 2421 vestram
741 2388 924 2419 Serenitatem
946 2388 1043 2418 venire
1066 2389 1202 2424 contige-

134 2431 188 2467 rit,
203 2431 232 2461 in
245 2431 297 2461 hac
314 2437 390 2469 parte
401 2429 555 2460 affestione
572 2427 667 2466 solita,
686 2427 704 2458 fi
718 2427 826 2466 placet,
844 2425 1093 2457 recommendatos
1114 2426 1201 2456 habe-

135 2477 183 2506 re,
202 2468 317 2507 ipsisque
331 2467 479 2505 Consiliis,
497 2467 531 2499 &
546 2466 665 2498 Auxiliis
677 2466 834 2503 consuetis,
852 2465 1005 2502 benignius
1016 2464 1139 2495 assistere
1152 2474 1205 2496 ve-

135 2506 205 2544 litis,
220 2515 268 2546 ut,
285 2506 416 2547 suffragio
437 2505 533 2537 vestro
554 2505 711 2543 mediante,
729 2514 800 2535 cum
819 2503 962 2534 celeritate
981 2503 1071 2534 redire
1090 2504 1202 2535 valeant

135 2544 255 2576 feliciter
269 2545 400 2583 expediti.

175 2582 326 2614 Caetei·1.im
341 2583 483 2621 (Domina
495 2581 684 2619 Serenislima)
702 2581 850 2619 conceptis
865 2591 955 2619 nuper
969 2590 1017 2619 per
1033 2590 1085 2611 nos
1101 2580 1202 2611 Literis

137 2621 253 2660 vestris,
271 2623 354 2652 nobis
376 2621 477 2660 missis,
504 2621 731 2658 continentibus,
755 2621 828 2650 inter
845 2619 913 2658 alia,
936 2619 1104 2650 desiderium
1124 2619 1203 2657 quod

138 2660 248 2691 habetis
259 2660 294 2691 de
309 2659 515 2698 Matrimonio,
531 2659 727 2690 contrahendo
740 2659 810 2688 inter
824 2657 1052 2698 Primogenitum
1073 2657 1203 2688 nostrum

138 2700 172 2729 &
187 2698 362 2729 Germanam
376 2698 513 2737 vestram,
531 2698 646 2736 Filiam,
662 2695 835 2727 Serenissimi
850 2696 1003 2734 Principis,
1021 2696 1112 2733 Regis
1132 2696 1205 2726 Por-

139 2738 265 2777 tugasiae,
283 2737 372 2768 Patris
393 2736 493 2774 vestri,
512 2735 631 2767 dilectos
652 2734 782 2766 Clericos
800 2734 929 2772 nostros,
947 2734 1122 2772 Magistros,
1149 2733 1204 2764 Ri-

140 2776 257 2819 cardum
272 2776 307 2806 de
322 2776 441 2814 Saham,
459 2777 492 2807 &
507 2774 670 2813 Philippum
685 2774 720 2804 de
737 2773 859 2804 Bartone
893 2773 927 2804 ad
948 2772 1147 2803 Tractandum
1167 2772 1204 2803 de

139 2813 298 2847 huiusmodi
314 2814 504 2844 Matrimonio
518 2814 600 2844 vobis
614 2811 813 2843 transmisimus
825 2813 853 2842 in
867 2821 1001 2843 ormatos.

158 2891 162 2895 ²
180 2851 288 2891 Unde,
307 2854 370 2891 quia
392 2854 556 2890 ignoramus
573 2851 702 2889 nunquid
725 2850 817 2880 adhuc
833 2850 920 2889 dieti,
938 2850 1076 2881 Ricardus
1089 2850 1123 2881 δε
1137 2849 1206 2880 Phi-

142 2889 253 2930 lippus,
271 2891 305 2922 ad
324 2890 444 2922 vestram
467 2890 639 2928 prcesentiam
659 2890 787 2920 venerint
802 2899 853 2926 pro
868 2888 1033 2927 praemissis,
1048 2897 1082 2918 ex
1095 2889 1205 2919 habun-

142 2928 235 2967 danti,
259 2929 393 2960 dilectum
415 2929 563 2959 Clericum
585 2928 715 2958 nostrum
728 2952 738 2965 ,
758 2927 932 2965 Magistrum
954 2927 1148 2958 Willielmum
1170 2926 1207 2957 de

143 2967 308 3005 Ludeford,
323 2967 508 2998 Canonicum
527 2966 759 2997 Londoniensem
794 2965 959 3003 mediatum,
980 2966 1118 2996 Latorem
1134 2975 1208 3004 prae-

141 3005 278 3045 sentium,
296 3006 514 3036 informavimus
526 3005 560 3034 ad
574 3004 749 3036 traeiandum
784 3014 799 3034 e
813 3004 916 3035 eodem
935 3003 1143 3042 Matrimoni03
1161 3005 1208 3034 cui

142 3044 222 3112 sutigr
233 3045 285 3075 hiis
301 3044 388 3113 iisdem
402 3043 469 3075 velit
483 3042 573 3076 vestra
585 3044 722 3074 Serenitas
737 3043 885 3074 indubiam
901 3042 1040 3073 adhibere.

213 3091 248 3114 at.
267 3092 298 3114 ut
323 3093 397 3121 upra.

0 1033 74 1080 idssm.

0 3228 128 3266 .⁵V·503·
169 3199 172 3201 Ι
194 3211 222 3239 ’Ῑὲ
248 3216 354 3269 Lirem
373 3214 457 3260 missa
474 3214 628 3248 fernando
644 3213 768 3249 Sanshii
787 3213 822 3246 de
838 3215 923 3247 Valle
943 3215 1024 3248 Oleti
1037 3216 1156 3250 Militi.

1 3304 78 3336 Ami.
88 3303 130 3334 D.
150 3298 282 3357 REX,
298 3298 405 3344 Nobili
416 3300 490 3344 Viro
505 3300 538 3330 &
553 3299 690 3344 discreto,
705 3298 853 3330 Fernando
869 3298 983 3329 Sanchii
997 3299 1032 3330 de
1047 3298 1126 3331 Valle
1139 3300 1212 3331 Ole-

23 3343 106 3380 1346.
221 3346 241 3369 ti
257 3337 345 3382 Militi
353 3360 366 3382 ›.
381 3337 485 3376 Majori
501 3337 627 3369 Notario
641 3337 789 3377 Castellae,
805 3339 911 3369 Amico
925 3337 975 3369 suo
989 3338 1116 3378 dilecto,
1133 3339 1213 3371 Salu-

1 3384 55 3408 An.
71 3391 114 3409 20.
152 3383 211 3407 tem
227 3377 260 3407 &
274 3376 457 3407 dileetionem
472 3377 618 3406 sinceram.

1 3422 40 3461 Ε..
56 3428 81 3455 3.
186 3414 228 3459 Ex
242 3414 390 3459 relatione,
404 3415 502 3459 dilecti
515 3413 620 3445 Clerici
633 3414 738 3453 nostri,
756 3413 890 3453 Magistri
906 3413 1028 3446 Andreae
1041 3415 1078 3446 de
1090 3415 1215 3456 Offord,

4 3455 66 3486 lbtd.
149 3452 223 3491 Juris
236 3452 335 3483 Crvrlis
349 3453 533 3490 professoris,

189 3491 236 3522 Ad
249 3491 445 3535 praesentiam,
462 3490 594 3522 carissimi
613 3490 823 3530 Consanguinei
847 3491 954 3530 nostri,
973 3491 1064 3530 Regis
1084 3491 1215 3524 Castellae

155 3529 285 3568 Illustris,
303 3529 428 3560 Domini
447 3529 549 3568 vestri,
564 3539 617 3566 pro
635 3530 772 3560 TraCtatu
795 3529 994 3569 Matrimonii,
1011 3532 1101 3569 inter,
1126 3531 1215 3562 Incli-

155 3574 218 3609 tnm
234 3567 391 3606 Infantem,
409 3567 636 3608 Primogenitum
657 3568 780 3599 eiusdem
801 3567 904 3607 Regis,
920 3569 953 3599 &
969 3569 1149 3608 johannam,
1167 3570 1215 3600 Fi-

157 3604 221 3634 liam
236 3606 363 3636 nostram
378 3606 562 3643 carissimam,
580 3606 782 3644 contrahendi,
801 3616 891 3644 nuper
905 3607 1065 3646 transmisli,

181 3643 284 3686 'Plene
303 3644 453 3675 didicimus
475 3644 555 3682 qued
578 3655 630 3675 vos
645 3646 791 3682 (tanquam
804 3644 850 3674 ille
863 3646 891 3675 in
907 3655 966 3683 quo
978 3646 1110 3676 discretio
1122 3645 1216 3677 lauda-

160 3679 219 3709 bilis
232 3682 264 3711 &
277 3683 444 3718 experientia
457 3682 600 3713 fasiorum
616 3683 744 3722 longaeva
765 3684 860 3720 vigere
882 3684 1047 3721 noscuntur)
1071 3685 1126 3714 una
1146 3695 1214 3715 cum

159 3727 266 3748 coeterls
280 3720 515 3758 Tradiatoribus,
529 3731 582 3759 pro
603 3730 678 3759 parte
697 3721 767 3750 dieti
790 3721 913 3751 Domini
935 3721 1025 3759 Regis
1044 3723 1215 3761 praedileffi,

159 3755 299 3786 honorem
320 3758 447 3801 nostrum
464 3759 607 3797 zelantes,
634 3769 687 3789 vos
708 3759 737 3788 iri
764 3759 898 3789 Trad’tatu
927 3760 1084 3798 hujusmodi
1113 3763 1194 3791 nobis
1208 3784 1218 3800 ,

161 3801 297 3837 quantum
312 3795 388 3838 salvis
402 3797 513 3826 honore
526 3798 559 3827 &
573 3797 735 3827 commodo
746 3797 868 3834 ejusdem
883 3796 1007 3828 Domini
1021 3798 1104 3828 vestri
1124 3801 1218 3836 potui-

163 3831 210 3876 stis
219 3854 228 3868 ,
236 3831 415 3863 favorabilem
424 3835 618 3872 &propitium
633 3836 780 3873 exhibere,
789 3835 936 3873 ipsumque
945 3846 992 3872 ,ac
1004 3846 1122 3867 caeteros
1132 3837 1221 3867 Nun-

163 3880 224 3913 cios
241 3868 369 3912 nostros,
385 3871 480 3902 secum
501 3873 665 3912 adjunCtos,
683 3874 839 3904 honoribus
862 3874 956 3904 multis
972 3877 1126 3912 praevenire
1139 3876 1221 3906 cura-

164 3907 229 3943 stis,
248 3908 284 3938 de
299 3908 399 3944 quibus
413 3910 494 3939 vobis
505 3910 648 3941 referimus
663 3920 751 3950 grates
765 3912 864 3942 multas

200 3946 262 3976 Vos
283 3953 413 3988 rogantes
431 3949 559 3978 attentius
582 3959 716 3986 quatenus
736 3950 960 3980 benivolentiam
980 3950 1103 3981 vestram
1126 3953 1221 3982 conti-

164 3993 298 4027 nuantes,
314 3983 421 4027 Fideles
432 3984 465 4013 &
480 3985 606 4015 Diiestos
620 3987 746 4024 nostros,
765 3987 963 4018 Venerabilem
978 3988 1110 4027 Patrem,
1128 3989 1162 4020 P.
1182 3990 1222 4021 E-

178 4022 312 4066 ·iscopum
327 4021 526 4065 Baionensem,
543 4023 659 4054 Petrum
672 4026 815 4056 Abbatem
831 4026 942 4056 sanet-„e
956 4025 1058 4056 Crucis
1080 4027 1222 4058 Burdeoa-

176 4070 227 4098 iae,
245 4070 294 4104 ac,
313 4059 444 4089 discretos
458 4058 556 4096 Viros,
579 4061 746 4100 Magistros,
765 4063 920 4094 Geraldum
945 4065 982 4094 de
1002 4064 1112 4102 Podio,
1131 4053 1223 4097 saco-ri-

166 4098 235 4128 stam
254 4097 386 4129 Ecclesiae
405 4093 835 4137 BurdogalensiS,Willielmum
855 4102 892 4132 de
913 4101 1074 4142 Ludeford,
1093 4104 1227 4136 Canoni-

541 179 1341 238 CONVENTIONES‚

1410 177 1795 230 LITERAE,

1222 277 1292 298 cum
1313 265 1448 297 Ecclesiae
1469 263 1693 302 Londoniensis,
1709 265 1742 296 &
1765 262 1924 294 Ricardum
1948 261 1985 293 de
1999 262 2208 302 Saham31uris
2220 266 2293 303 peri·
2308 260 2438 292 Ann.¹D.

1220 314 1283 337 tum
1293 327 1302 343 ‚
1321 306 1354 336 ὃς
1369 304 1524 343 quemlibet
1535 303 1668 341 illorum,
1687 312 1774 341 quem
1786 302 1820 332 ad
1836 312 1888 333 vos
1903 302 2000 332 venire
2015 303 2185 342 contigerit,
2197 305 2226 334 in
2238 298 2293 335 l'iac
2336 301 2438 340 1346?-
2451 335 2455 338 Δ

1222 352 1300 381 parte
1314 344 1398 382 (quos
1411 342 1613 374 Procuratores
1627 340 1740 371 nostros
1753 340 1787 370 ad
1809 340 1982 371 firmandum
2004 348 2139 372 contenta
2159 343 2190 372 in
2211 342 2294 374 dicto
2311 341 2376 369 Edu.
2398 349 2424 377 3-
2454 352 2456 355 ·

1222 382 1377 420 Tradiatu,
1394 384 1472 420 juxta
1486 381 1610 411 formam
1625 379 1768 418 cujusdam
1784 377 1978 410 Procuratorii
1987 401 1997 418 ,
2014 379 2098 409 nobis
2111 389 2147 410 ex
2160 388 2237 419 parte
2251 381 2295 412 di-

1225 421 1265 452 cti
1287 419 1378 458 Regis
1395 418 1558 456 transmissi,
1576 418 1756 455 conjunffim
1782 418 1977 448 ordinavimus
1988 418 2022 449 &
2038 417 2164 456 divisim)
2180 428 2295 450 recom-

1224 458 1372 490 mendatos
1386 459 1506 497 habere,
1518 457 1654 488 Consiliis
1669 457 1702 487 δε
1721 457 1837 487 Auxiliis
1849 455 1947 487 vestris
1962 457 2047 494 gratis
2060 456 2183 489 assistere
2196 458 2298 497 velitis,

1224 507 1256 528 ut
1270 496 1304 527 ad
1320 507 1374 528 nos
1388 507 1458 527 cum
1470 497 1610 527 celeritate
1622 495 1714 526 redire
1727 495 1836 526 valeant
1848 494 1958 525 felicius
1971 494 2092 533 expediti
2100 507 2110 534 ς
2119 498 2204 535 parati
2217 499 2299 528 enim

1224 535 1320 604 reric?
1342 537 1446 580 erimus
1467 545 1498 566 ea
1520 535 1627 572 facere,
1646 544 1710 573 quie
1729 533 1910 572 beneplacitis
1931 532 2030 565 vestris
2050 534 2152 567 cedere
2163 543 2302 576 poterunt>

1227 585 1264 606 ve
1313 584 1407 605 onori.

1264 612 1334 644 Dat.
1354 621 1384 644 ut
1400 613 1488 651 supra.

1251 693 1360 725 Litera
1379 690 1464 736 miffiz
1485 687 1710 737 Archiepistopo
1728 691 1864 724 Toletan.
1899 693 1990 723 totius
2004 690 2106 738 Ipsc‘m.
2131 694 2277 726 Primati.

1340 779 1447 810 Litcra
1461 776 1546 823 miffic
1563 774 1707 823 Johanni
1724 776 1864 810 Furcado
1884 776 1921 811 de
1940 775 2088 811 Mendoce
2103 777 2186 812 Mil.

1267 865 1368 894 Litera
1383 863 1414 909 (ie
1426 864 1535 909 Gratiis
1550 860 1626 907 miffiz
1641 861 1756 891 Abbati
1769 863 1878 892 Sanan
1892 866 1983 892 Crucis
1996 862 2172 902 Burdegaliae
2191 872 2242 904 pro
2261 863 2306 895 la-

1232 901 1337 934 boribus
1345 903 1420 941 Juts,
1438 913 1467 931 m
1480 900 1663 941 Profi’cuttone
1677 900 1826 930 Tractattis
1841 905 2018 932 illatrimom'i
2030 904 2166 941 praedic'li.

1263 1026 1322 1061 Ad
1337 1030 1448 1075 Regem
1468 1028 1654 1073 Hungariae,
1673 1024 1766 1070 sttper
1783 1022 1906 1072 lugubri
1920 1027 2029 1058 Morte
2049 1029 2136 1072 Regis
2151 1029 2270 1061 Sicilire.

1232 1112 1444 1174 MAgnisico
1468 1112 1613 1149 Principi,
1638 1109 1774 1141 Domino
1798 1109 1964 1142 Lodowico
1978 1135 1988 1149 ,
2017 1110 2077 1142 Dei
2093 1112 2203 1152 gratia,
2227 1113 2303 1154 Regi
2319 1107 2393 1138 Anii.
2412 1108 2452 1140 D.

1326 1152 1484 1191 Hungariae
1499 1150 1617 1188 Illustri,
1636 1148 1858 1189 consanguineo
1881 1149 1931 1180 suo
1952 1149 2113 1188 carissimo,
2132 1151 2304 1192 Edwardus,
2342 1148 2426 1187 1346·

1230 1190 1331 1221 eadem
1353 1190 1456 1231 gratia,
1474 1189 1541 1220 Rex
1564 1189 1689 1219 Franciae
1713 1189 1746 1219 ὃς
1770 1187 1901 1226 Angliae,
1919 1190 1952 1219 ὃ(
1974 1187 2122 1220 Dominus
2139 1189 2370 1230 Hiberniam-
2391 1197 2436 1214 20-

1230 1229 1372 1268 Salutem,
1392 1230 1426 1260 &
1440 1229 1544 1260 votivis
1557 1227 1667 1265 semper
1682 1226 1851 1258 successibus
1865 1228 1990 1266 gloriari.
2316 1230 2347 1252 E.
2370 1234 2381 1261 3

1269 1267 1425 1299 Serenitatis
1441 1267 1542 1298 vestrae
1557 1266 1661 1297 Literas
1671 1288 1681 1303 ,
2318 1264 2457 1301 Clavus-20·

1270 1306 1359 1345 Super
1382 1306 1484 1337 Morte
1503 1305 1640 1345 probrosa
1659 1305 1692 1335 δε
1714 1303 1848 1343 lugubri,
1875 1303 1957 1334 clarae
1980 1306 2153 1344 memoriae,
2183 1305 2306 1337 Andreae
2323 1307 2349 1329 E.
2363 1309 2457 1339 3·1>·¹·

1234 1344 1322 1414 Regis
1346 1345 1463 1383 Siciliae,
1484 1344 1584 1375 Fratris
1606 1342 1708 1381 vestri,
1728 1353 1794 1381 per,
1813 1343 2005 1374 venerabilem
2021 1343 2142 1382 Virum,
2160 1344 2310 1376 Siffridum
2323 1351 2359 1368 m·
2380 1350 2420 1376 1)·-

1234 1383 1282 1414 Ab
1304 1393 1379 1415 atem
1401 1382 1498 1414 Saneti
1518 1381 1665 1413 Benedid'ti
1682 1382 1760 1420 juxta
1781 1380 1917 1412 Fluvium
1935 1382 2052 1414 Goron.
2072 1383 2312 1416 Ambaffiatorern
2324 1379 2385 1415 dors.

1233 1421 1361 1454 vestrum
1384 1423 1496 1461 mislas,

1273 1461 1450 1500 Recepimus
1459 1484 1469 1499 ,
1488 1461 1521 1491 &
1535 1469 1600 1496 quae
1613 1459 1698 1489 ditstae
1716 1459 1822 1489 Literae
1834 1459 2036 1498 continebant,
2055 1461 2089 1491 &
2101 1470 2167 1499 quae
2180 1462 2313 1500 praefatus

1238 1500 1335 1531 Abbas
1347 1509 1381 1530 ex
1397 1508 1472 1540 parte
1486 1498 1669 1530 Sublimitatis
1683 1498 1784 1528 vestrae
1800 1497 1953 1536 prudenter
1967 1500 2001 1530 ὃς
2015 1499 2108 1538 sapide
2124 1500 2208 1531 nobis
2224 1510 2314 1539 expo—

1236 1540 1288 1570 suit
1307 1538 1354 1577 (de
1371 1548 1431 1578 quo
1444 1537 1536 1576 ipsum
1551 1537 1710 1578 plurimum
1726 1536 1976 1575 commendamus)
2000 1538 2171 1570 attendimus
2194 1539 2313 1580 diligen-

1237 1587 1279 1609 ter

1276 1601 1315 1647 Igt
1335 1615 1470 1655 quidem,
1488 1613 1637 1646 intelleffis
1658 1613 1759 1644 Novis
1778 1613 1815 1644 de
1837 1623 1932 1646 morte
1953 1614 2105 1655 praedieta,
2123 1616 2158 1647 &
2177 1616 2214 1647 de
2231 1617 2312 1649 faeto

1239 1657 1300 1686 tam
1323 1656 1497 1693 inhumano,
1526 1657 1555 1684 in
1578 1662 1678 1683 eorum
1698 1653 1924 1685 consideratione
1943 1655 2089 1685 concaluit
2108 1665 2163 1686 cor
2182 1655 2316 1687 nostrum

1240 1696 1311 1725 intra
1327 1703 1398 1732 nos,
1417 1694 1450 1724 &
1465 1694 1493 1723 in
1510 1691 1694 1723 meditatione
1708 1691 1804 1722 nostra
1819 1692 1968 1723 exardescit
1984 1694 2075 1732 ignis,
2092 1693 2164 1725 dum
2180 1693 2315 1733 Regem,

1240 1734 1298 1763 tam
1319 1742 1417 1771 aptum
1440 1734 1474 1764 &
1495 1732 1644 1769 inclitum,
1662 1730 1697 1761 &
1715 1731 1750 1760 ad
1770 1731 1907 1770 magnalia
1928 1730 2111 1772 dispositum,
2126 1734 2316 1771 conspicimus

1240 1773 1277 1802 ab
1299 1771 1427 1802 humanis
1449 1769 1675 1808 proditionaliter
1698 1768 1736 1799 sic
1756 1778 1938 1807 exemptum,
1956 1772 1990 1801 &
2013 1780 2047 1801 ex
2061 1772 2119 1802 hoc
2142 1771 2318 1811 Exemplum

1243 1819 1363 1849 pravum
1381 1809 1412 1847 (si
1427 1809 1570 1848 condigna
1583 1818 1643 1838 non
1659 1806 1785 1845 sequatur
1799 1808 1881 1846 ultio)
1897 1808 1931 1840 ad
1945 1809 2013 1839 alios
2025 1810 2194 1841 derivatum.

1278 1849 1399 1887 Propter
1414 1847 1510 1885 quod,
1528 1846 1562 1877 ad
1578 1845 1780 1876 vindicandum
1796 1855 1905 1877 tantum
1929 1846 2041 1887 Scelus,
2061 1850 2090 1879 in
2112 1859 2172 1888 quo
2192 1849 2316 1882 versatur

1240 1896 1397 1918 cuntorum
1414 1886 1535 1923 Regum
1553 1885 1691 1916 Fidelium
1706 1885 1897 1921 obprobrium
1908 1908 1918 1924 ,
1936 1886 2064 1918 daremus
2089 1887 2208 1922 libenter
2231 1887 2316 1919 Con-

1240 1927 1334 1957 filium
1349 1927 1380 1957 ὃς
1393 1926 1552 1965 juvamen:
1573 1925 1605 1955 δε
1621 1924 1687 1954 ideo
1704 1924 1868 1954 ordinatum
1883 1924 2039 1963 affectum,
2078 1937 2144 1957 uem
2166 1927 2260 1966 geritis
2280 1926 2317 1956 ad

1240 1965 1437 1996 ulciscendum
1453 1972 1579 1994 mortem
1592 1962 1775 2001 praedietam,
1796 1963 1900 1994 merito
1919 1936 2165 1996 commendamus.

1279 2004 1370 2042 Super
1384 2005 1436 2034 hiis
1449 2011 1544 2033 autern
1560 2003 1594 2033 &
1613 2001 1688 2039 aliis,
1707 2011 1756 2039 per
1771 2002 1941 2039 praedictum
1955 2002 2100 2034 Abbatem
2121 2004 2206 2034 nobis
2226 2007 2317 2042 expo—'

1242 2043 1316 2082 sitis,
1333 2042 1440 2073 dilecto
1455 2041 1536 2071 nobis
1548 2042 1575 2071 in
1599 2039 1733 2078 Christo,
1755 2039 1840 2070 Fratri
1862 2040 1996 2072 Waltero
2017 2041 2055 2072 de
2075 2041 2179 2079 Mora,
2197 2041 2318 2074 Ordinis

1241 2082 1371 2112 Fratrum
1395 2080 1637 2117 Praedicatorum,
1661 2079 1821 2119 aperuimus
1843 2079 1952 2117 plenius
1973 2089 2101 2111 mentem
2123 2081 2267 2119 nostram,
2294 2082 2314 2102 ²¹¹²
2334 2072 2469 2110 “Vq-04„

1241 2130 1330 2159 quem
1350 2119 1384 2150 ad
1406 2119 1592 2150 sublimitatis
1611 2117 1713 2148 vestrae
1732 2117 1927 2158 praesentiam,
1944 2119 1974 2149 in
1988 2118 2141 2151 Comitin
2157 2119 2241 2158 ipsius
2253 2120 2316 2151 Ab·

1241 2161 1327 2198 batis,
1346 2160 1482 2189 mittimus
1495 2166 1529 2187 ex
1542 2158 1596 2187 hac
1620 2155 1712 2187 causa.
2312 2157 2315 2159 '

1278 2198 1425 2228 Serenitati
1440 2196 1542 2227 vestrae
1556 2195 1661 2233 Regiae
1674 2194 1812 2225 arrideant
1823 2194 1977 2226 diutissime
1991 2195 2050 2227 dies
2064 2195 2129 2226 laeti.

1256 2276 1270 2282 ..
1280 2236 1350 2268 Dat.
1366 2238 1395 2267 in
1408 2234 1516 2266 Palatio
1530 2233 1631 2266 nostro
1643 2233 2036 2274 Westmonastei·ii,decimo
2049 2235 2158 2268 oc'tavo
2171 2235 2218 2267 die
2232 2236 2316 2275 Mar-j

1240 2284 1281 2307 tii.

1462 2400 1523 2434 Ad
1535 2403 1645 2449 Regem
1657 2401 1836 2449 praefatum,
1863 2400 1900 2434 de
1914 2391 2084 2436 Credentiaei.

1242 2484 1573 2554 MAffinffim-P‘ind
1597 2487 1624 2532 i,
1649 2487 1786 2519 Domino
1809 2486 1993 2526 Lodowico,
2019 2486 2077 2518 Dei
2097 2488 2210 2526 gratia,
2233 2487 2310 2527 Regi
2331 2485 2406 2516 Ann.
2422 2486 2464 2518 D.

1323 2564 1328 2568 η
1373 2534 1497 2570 ungariae
1513 2525 1565 2556 Illu
1577 2527 1632 2564 tri,
1650 2525 1873 2566 Consanguineo
1888 2525 1939 2558 suo
1960 2525 2119 2564 carissimo,
2136 2525 2313 2565 Edwardus,
2352 2526 2438 2565 1346.

1240 2563 1302 2593 &c.
1321 2573 1350 2592 in
1364 2563 1534 2594 desolatione
1548 2564 1677 2595 solatium
1692 2574 1760 2596 cum
1777 2564 1878 2595 Salute.
2328 2567 2380 2592 An.
2401 2575 2447 2592 20.

1277 2601 1440 2646 Serenitatis
1454 2602 1556 2633 vestrae
1571 2603 1696 2642 Literas,
1714 2601 1776 2638 &c.
1794 2610 1826 2632 ut
1833 2604 1919 2642 supra
1934 2601 2013 2640 usque
2027 2600 2080 2639 ibi,
2100 2611 2187 2640 quem
2202 2602 2237 2633 ad
2259 2603 2312 2634 Su·
2330 2607 2358 2631 Ε.
2383 2612 2407 2638 3·

1243 2640 1385 2684 blimitatis
1398 2640 1500 2671 vestrae
1514 2641 1690 2679 praesentiam
1713 2643 1852 2672 mittimus
1874 2649 1908 2670 ex
1931 2639 1985 2670 hac
2008 2640 2102 2678 causa,
2121 2640 2160 2674 ὠ·
2180 2648 2244 2671 tunc
2257 2642 2313 2683 fic,
2329 2642 2394 2669 lo'id.

1245 2688 1292 2708 cui
1306 2679 1386 2716 super
1401 2679 1528 2709 dicendis
1541 2688 1575 2709 ex
1588 2687 1665 2717 parte
1680 2679 1778 2709 nostra
1790 2678 1924 2714 dignetur
1941 2678 2086 2717 (petimus)
2107 2678 2199 2709 vestra
2218 2681 2314 2720 regalis

1245 2716 1419 2747 Excellentia
1431 2716 1496 2747 dare
1513 2717 1628 2755 Fidem,
1645 2717 1679 2748 &
1694 2717 1778 2746 nobis
1791 2716 1936 2746 remittere
1951 2715 2051 2748 vestrae
2065 2717 2216 2749 voluntatis
2228 2719 2317 2750 bene-

1245 2755 1344 2792 placita
1357 2765 1406 2792 per
1421 2755 1553 2784 eundem.

1247 2830 1265 2861 s
1285 2791 1318 2860 lg
1333 2794 1439 2824 votivis
1450 2793 1484 2824 &
1500 2791 1658 2824 victoriosis
1673 2791 1851 2824 Succeffibus
1864 2791 2020 2824 diutissime
2034 2793 2125 2826 vestra
2142 2795 2230 2827 valeat
2246 2795 2318 2827 Cel·

1259 2839 1296 2861 itu
1317 2841 1345 2861 o.

1284 2869 1354 2900 Dat.
1373 2879 1404 2901 ut
1420 2869 1506 2909 supra.

1402 2992 1462 3028 Ad
1478 2995 1624 3040 Reginam
1644 2994 1769 3036 Sicilia,
1787 2993 1880 3040 fhper
1902 2997 2010 3028 Morte
2021 2995 2161 3041 praefata.

1300 3077 1567 3110 EamusstinA
1590 3078 1789 3116 DOMINA,
2332 3083 2408 3114 Ann.
2425 3083 2467 3116 D.

1287 3157 1292 3161 Π
1328 3117 1463 3161 Receptis
1483 3117 1665 3148 Sublimitatis
1686 3117 1788 3148 vestrae
1815 3117 1915 3148 Literis
1930 3117 1966 3148 de
1982 3117 2082 3149 Morte
2096 3119 2123 3150 lu
2146 3120 2225 3159 ubri,
2243 3121 2318 3152 cele·
2354 3124 2439 3162 1346.

1249 3157 1306 3186 bris
1320 3165 1484 3200 memoriae,
1504 3156 1647 3194 Andreae,
1662 3154 1816 3194 Jerusalem
1831 3156 1863 3186 &
1875 3156 1981 3186 Siciliae
2003 3155 2111 3197 Regis,
2153 3159 2192 3189 ilii
2214 3160 2301 3190 vestri
2333 3165 2385 3190 An.
2401 3157 2448 3191 ae.

1250 3195 1289 3238 δε-
1306 3194 1405 3238 auditis
1426 3204 1508 3233 quae,
1527 3195 1692 3225 venerabilis
1708 3193 1778 3233 Vir,
1798 3193 1956 3233 Suffridus,
1974 3194 2072 3226 Abbas
2086 3196 2184 3227 Santsti
2199 3185 2319 3229 Benedi3
2336 3204 2364 3227 Ε.
2385 3210 2412 3236 3.

1251 3233 1291 3262 <sti
1304 3242 1382 3271 Juxta
1397 3232 1531 3263 Fluvium
1548 3232 1666 3263 Goron.
1684 3232 1768 3262 nobis
1784 3241 1818 3262 ex
1839 3232 1910 3263 osuit
1922 3235 1951 3263 in
1965 3233 2018 3264 hac
2031 3244 2126 3273 parte,
2143 3236 2210 3266 taffl
2225 3238 2319 3269 sumus
2334 3238 2400 3267 thid.

1251 3270 1352 3301 dolore
1369 3271 1462 3301 cordis
1483 3271 1667 3309 intrinsecus,
1693 3271 1727 3301 &
1750 3280 1807 3300 con
1834 3272 1920 3301 ernari
1939 3273 2023 3303 nimis
2047 3275 2076 3302 in
2095 3274 2322 3307 consideratione

1253 3311 1321 3340 tanti
1336 3310 1494 3346 Facinoris,
1509 3309 1544 3339 ad
1559 3309 1637 3347 quod
1650 3308 1852 3339 vindicandum
1862 3333 1870 3347 ,
1891 3311 1961 3341 etim
1977 3312 2006 3340 in
2020 3321 2057 3342 eo
2076 3312 2197 3344 versetur
2218 3323 2322 3346 cunto-

1254 3357 1319 3391 rum
1335 3347 1453 3391 Regum
1465 3348 1674 3391 obprobrium,
1691 3347 1748 3385 ejus
1762 3347 1934 3385 Exemplum
1951 3349 2107 3380 ministrare
2122 3351 2207 3389 poslit
2224 3353 2323 3384 incen-

1253 3395 1343 3416 tivum
1360 3385 1560 3423 delinquendi,
1581 3388 1599 3415 si
1621 3385 1659 3416 sic
1675 3386 1797 3416 transiret
1821 3388 2013 3426 impunitum,
2031 3388 2160 3420 daremus
2177 3390 2323 3423 libentissi-

1257 3426 1305 3454 me
1319 3423 1480 3455 Consilium
1497 3425 1530 3455 &
1545 3423 1699 3463 juvamen.

1290 3463 1381 3507 Super
1402 3463 1453 3492 hiis
1473 3470 1568 3493 autem
1590 3463 1624 3494 &
1637 3462 1708 3501 aliis,
1725 3473 1776 3501 per
1791 3463 1960 3501 praedietum
1975 3463 2122 3496 Abbatem
2136 3467 2219 3498 nobis
2231 3477 2322 3506 expo-

1255 3501 1326 3538 sitis,
1346 3501 1452 3531 dsieeto
1466 3501 1549 3545 nobis
1562 3502 1591 3531 in
1608 3500 1745 3538 Christo,
1763 3501 1853 3532 Fratri
1866 3502 1998 3533 Waltero
2020 3504 2057 3534 de
2078 3503 2183 3543 Mora,
2203 3505 2322 3538 Ordinis

1255 3540 1386 3570 Fratrum
1400 3539 1637 3578 Praedicatorum,
1645 3541 1805 3578 aperuimus
1817 3541 1927 3578 plenius
1939 3550 2066 3572 mentem
2079 3543 2205 3574 nostram
2213 3567 2223 3582 ‚
2231 3554 2321 3583 quem

1255 3578 1289 3623 ad
1304 3577 1463 3608 serenitatis
1477 3577 1577 3608 vestrae
1593 3579 1785 3616 praesentiam,
1802 3579 1830 3608 in
1848 3578 1997 3610 Comitivai
2008 3580 2089 3618 ipsius
2101 3581 2238 3622 Abbatis,
2251 3585 2320 3614 mit—

1256 3626 1340 3661 timus
1364 3625 1399 3646 ex
1417 3617 1472 3646 hac
1495 3616 1591 3653 causa,
1611 3618 1656 3648 cui
1676 3617 1756 3654 super
1777 3616 1904 3647 dicendis
1925 3627 1959 3648 ex
1981 3628 2059 3656 parte
2075 3619 2172 3651 nostra
2188 3620 2319 3659 dignetur

1259 3656 1406 3698 (petimus)
1418 3653 1520 3684 vestrae
1535 3654 1694 3685 Serenitatis
1709 3655 1880 3686 Excellentia
1893 3656 1958 3686 dare
1981 3656 2099 3696 Fidem,
2117 3659 2152 3690 ὃς
2170 3659 2255 3691 nobis
2276 3669 2319 3690 re-

1257 3702 1372 3761 miffiert}
1382 3692 1482 3723 vestrae
1497 3693 1646 3724 voluntatis
1659 3694 1832 3734 beneplacita
1845 3704 1894 3732 per
1907 3694 2038 3725 eundem.

1332 3741 1343 3761 t
1367 3740 1444 3769 upra.

1288 3860 1338 3891 De
1360 3860 1515 3890 conventis
1530 3863 1607 3892 inter
1624 3861 1744 3916 Ducem
1761 3863 1797 3897 ὠ·
1816 3862 1982 3906 Magnam
1999 3861 2190 3894 Normanniae
2203 3862 2294 3908 fhper
2338 3881 2456 3914 Anu-D

1613 3909 1730 3955 Anglta
1746 3907 1969 3954 conqucstanda.
2359 3923 2445 3961 1346,
2457 3906 2466 3914 ⁹

1262 3989 1575 4049 PRIMEREMENT,
1590 4003 1643 4030 pur
1654 3993 1775 4023 l’amour
1789 4002 1845 4031 que
1859 4002 1932 4024 ceux
1944 3992 1982 4036 du
1997 3991 2061 4023 Pais
2079 3991 2115 4022 de
2137 3993 2321 4026 Normandie
2333 3965 2418 4035 „5132
2423 3971 2450 3988 ο·

1326 4038 1396 4059 ount
1416 4040 1515 4073 envers
1527 4032 1554 4060 le
1566 4031 1636 4070 Roy
1651 4032 1683 4062 ὃς
1699 4032 1725 4061 le
1741 4031 1810 4061 Duc
1826 4031 1889 4061 lour
1905 4031 2059 4068 seigneur,
2077 4031 2111 4061 &
2125 4043 2178 4070 pur
2190 4034 2229 4064 les
2249 4035 2322 4064 cho·
2335 4036 2471 4065 Rot.Parl.

1262 4066 1301 4095 ses
1315 4067 1513 4107 desouzditez,
1531 4079 1603 4099 ceux
1619 4070 1657 4099 du
1671 4069 1734 4099 Pais
1755 4069 1791 4098 de
1814 4069 1997 4098 Normandie
2034 4068 2148 4101 Nobles
2161 4072 2195 4102 &
2215 4081 2323 4109 autres,
2340 4085 2385 4103 20.
2401 4079 2428 4103 Ε,
2443 4084 2469 4112 3.

1263 4103 1375 4136 devient
1390 4106 1495 4145 passer,
1513 4116 1547 4137 en
1563 4107 1589 4138 le
1606 4106 1797 4147 Compaignie
1811 4107 1837 4137 le
1851 4107 1890 4137 dit
1912 4091 2062 4138 Monsieur
2082 4107 2108 4139 le
2130 4108 2220 4149 Duc,
2237 4120 2324 4178 c<l³tne
2339 4123 2365 4142 n.
2385 4112 2412 4140 8.

2271 4156 2325 4179 our
