2562 4279
198 150 276 200 148

38 231 116 270 Ann.
129 231 171 262 D.
190 233 245 271 di,
264 234 297 264 ὃς
315 243 379 271 quas
404 242 450 270 per
474 233 551 270 Vos,
566 231 610 262 vel
631 231 714 261 Duos
735 230 880 270 vestrum,
899 232 927 261 in
943 230 1091 262 Comitatu
1108 229 1248 270 praedidto

32 271 34 274 '
60 271 146 311 1336.
192 272 314 309 affideri,
333 271 365 302 &c
380 272 413 300 :id
426 281 497 308 opus
513 269 643 300 nostrum
659 269 745 299 levari
758 270 969 308 mandavimus,

37 312 106 340 Ἐάν.
125 319 151 347 3.
231 310 264 340 In
283 319 388 348 partem
410 309 562 339 Solutionis
583 308 789 347 Expensarum,
807 319 861 347 pro
881 308 1010 348 Pasiagiis
1024 308 1182 347 praedidis,
1199 316 1250 345 per

191 349 282 386 ipsum
299 347 488 377 Alexandrum
503 347 657 384 fac‘larum,
675 346 800 385 solvatis3
821 347 984 386 recipientes
1005 356 1021 376 a
1045 346 1161 384 praefato
1182 346 1251 376 Ale—

191 385 316 423 xandro,
342 385 386 415 vel
407 386 456 415 suo
476 385 554 415 dieto
573 384 742 423 Attornato,
761 386 878 416 Litteras
893 386 1117 424 Acquietantiae,
1135 384 1251 422 Recep—

190 426 300 455 tionem
314 423 451 453 dietarium
469 423 597 454 Centum
615 422 778 454 Marcarum
794 424 1007 461 Testificantes,
1025 425 1058 455 ὃς
1081 424 1150 454 Nos
1170 423 1252 453 vobis

187 462 270 500 inde,
295 463 323 491 in
345 461 496 500 Compoto
517 461 613 493 vestro
627 484 637 500 ,
661 461 787 493 debitam
809 463 1022 493 Allocationem
1044 463 1147 494 habere
1165 461 1251 493 facie-

185 510 256 532 mus.

228 537 318 569 Teste
331 537 414 579 Rege
428 539 501 577 apud
515 537 713 578 VVyndesore,
726 538 804 570 sexto
817 539 862 570 die
877 539 960 570 Maii.

662 619 716 645 Per
727 615 810 657 ipficm
825 619 922 654 Regem
936 614 974 652 ό
988 616 1140 646 Concilium.

246 743 305 774 Pro
322 742 436 772 Comite
455 738 490 772 de
506 739 646 784 Murref
655 743 685 771 in
709 737 808 783 Castro
828 740 982 773 Wintoniae
999 737 1193 782 custodiendo.

192 824 309 881 REX
319 849 328 862 ‚
346 824 464 855 Dilecto
479 825 544 862 fibi,
562 823 690 854 Thomae
704 823 740 854 de
754 823 860 863 Foxle,
875 822 1095 855 Constabulario
1108 823 1201 855 Castri
1214 824 1254 856 sui

58 865 142 904 1336.
271 863 306 894 de
320 863 517 904 Wyndesore,
536 863 669 894 Salutem.

34 909 87 934 Aa.
107 913 149 933 io.
228 901 400 933 Maiidamus
413 903 497 932 vobis
511 901 591 941 quod
600 901 762 940 Johannem
778 900 930 931 Comitem
946 900 982 931 de
998 899 1116 931 Murref
1124 899 1159 932 de
1179 901 1254 933 Sco-

35 948 65 971 Ε.
85 953 109 980 3,
189 940 246 979 tia,
265 951 355 978 nuper
367 940 402 970 de
416 940 529 971 Guerra
544 949 643 971 contra
658 939 725 969 Nos
741 940 770 969 in
791 939 913 976 partibus
934 939 986 970 illis
1005 938 1147 978 Captum,
1167 940 1201 971 &
1223 942 1253 971 in

35 983 169 1017 elaustro.
191 979 333 1010 Custodia
347 978 438 1010 vestra
450 981 478 1009 in
493 979 596 1010 Castro
612 977 750 1016 praedieto
765 977 802 1007 de
814 977 946 1008 mandato
960 976 1060 1009 nostro
1074 978 1254 1018 existentem,

37 1026 66 1048 E.
88 1031 112 1057 3.
130 1030 169 1049 m.
191 1018 276 1057 usque
296 1018 506 1057 Wyntoniam‚
524 1019 552 1047 in
574 1015 676 1047 Castro
695 1015 796 1046 nostro
816 1016 1004 1056 wyntoniae,
1018 1016 1053 1046 ad
1074 1017 1253 1048 voluntatem

33 1061 82 1088 26.
191 1057 317 1088 nostram
327 1080 336 1095 ,
356 1066 424 1094 per,
442 1056 592 1087 Diledmm
605 1056 638 1086 &
654 1054 780 1085 Fidelem
795 1054 942 1092 nostrum,
957 1055 1119 1094 Johannem
1130 1055 1166 1086 de
1187 1056 1253 1088 Stu-

191 1106 252 1135 res,
278 1096 491 1126 Vicecomitem
513 1093 642 1124 nostrum
668 1093 912 1131 Suthamptoniae,
930 1092 1165 1133 custodiendum,
1183 1105 1252 1126 cum

190 1135 273 1165 omni
297 1133 490 1171 festinatione,
507 1132 563 1170 qua
583 1133 725 1171 poteritis,
739 1131 862 1170 ducatis,
880 1134 913 1163 ὃς
932 1132 1026 1170 Ipsum
1049 1132 1142 1163 eidem
1166 1133 1252 1164 Vice-

189 1173 309 1217 comiti,
328 1182 377 1209 per
393 1171 590 1210 Indenturarn,
608 1173 637 1202 in
651 1171 703 1201 hac
719 1180 812 1210 parte,
830 1172 902 1202 inter
917 1181 968 1202 vos
989 1171 1164 1210 faciendam,
1182 1172 1253 1203 libe-

188 1221 261 1242 retis.

226 1248 428 1279 Mandavimus
442 1250 519 1279 enirn
535 1248 653 1286 praefato
667 1248 857 1286 vicecomiti,
875 1247 956 1286 quod
968 1247 1058 1288 ipsum
1073 1247 1222 1280 Comitem
1236 1259 1252 1280 a

188 1288 274 1320 vobis
289 1289 421 1325 recipiat,
437 1287 656 1318 custodiendum
672 1288 701 1316 in
715 1286 811 1316 formai
827 1286 991 1326 supradicla.

228 1326 265 1356 Et
286 1326 322 1356 de
345 1325 508 1364 Custubus,
526 1336 597 1364 quos
618 1327 646 1354 in
660 1324 968 1363 ductione‘hujusmodi
984 1325 1183 1355 rationabiliter
1201 1336 1252 1364 ap-

190 1365 352 1406 posueritis,
367 1366 449 1395 vobis
463 1365 579 1395 satisfieri
595 1363 745 1400 faciemus;
763 1363 800 1393 Et
816 1363 874 1394 hoc
890 1363 1044 1394 nullatenus
1057 1365 1202 1395 omittatis.

197 1408 201 1413 ’
228 1403 317 1435 Teste
329 1403 411 1443 Rege
425 1404 496 1442 apud
510 1401 691 1440 Wodestok,
710 1402 848 1433 vicesimo
862 1403 962 1440 quinto
974 1401 1019 1432 die
1034 1402 1115 1432 Maii.

36 825 113 857 Ann.
123 824 164 856 D.

872 1481 926 1509 Per
938 1478 1020 1518 ipsimi
1037 1483 1140 1517 Regem.

189 1556 280 1618 ET
295 1556 464 1601 Mandatum
480 1556 522 1587 est
537 1556 655 1601 prsefatq
666 1555 792 1600 Johanni
806 1555 842 1586 de
854 1556 963 1593 Stures,
982 1556 1060 1600 quod
1073 1557 1165 1602 *ipsum
1187 1558 1252 1605 CO?

266 1605 366 1641 mitem
381 1607 397 1627 a
410 1596 527 1634 praefato
538 1595 659 1626 Thoma
672 1603 803 1633 reeipiat,
821 1596 854 1626 &
868 1594 1013 1625 Custodiri
1026 1595 1108 1627 faciat
1123 1596 1253 1627 informa

189 1633 365 1711 smiliiquiigd
388 1672 480 1704 eidem
499 1672 631 1709 Comiti‚
649 1681 664 1701 a
686 1679 816 1710 tempore
829 1681 889 1709 quo
901 1671 937 1702 ad
950 1672 1042 1712 ipsum
1054 1674 1180 1712 venerit,
1199 1674 1226 1704 V
1229 1675 1251 1704 i-

191 1712 263 1748 ginti
278 1712 387 1742 Solidos
402 1722 455 1749 pro
471 1711 593 1749 qualibet
608 1710 786 1748 Septimana,
805 1720 858 1749 pro
876 1710 1009 1748 Expensis
1028 1711 1095 1749 suis,
1114 1713 1252 1750 quamdiu

190 1751 199 1780 i
212 1751 279 1789 ,sum
296 1750 446 1781 Comitem
463 1760 573 1780 moram
590 1749 697 1779 ibidem
711 1749 803 1779 facere
815 1750 981 1789 contigerit,
999 1749 1035 1779 de
1049 1749 1176 1781 Exitibus
1191 1751 1253 1781 Bal—

195 1799 257 1832 ¹ivae
278 1789 331 1819 suae
354 1789 502 1832 ministrari
523 1789 625 1827 faciat,
641 1787 691 1818 nisi
709 1786 783 1818 aliud
795 1788 814 1807 ³¹²
829 1787 910 1825 super
925 1788 982 1818 hoc
998 1799 1013 1818 a
1027 1787 1113 1826 Rege
1125 1790 1253 1821 habuerit

193 1828 397 1896 inxrlnualitideassiisffi
418 1866 481 1896 Rex
496 1864 588 1895 eidem
604 1863 799 1902 vicecomiti,
817 1866 847 1895 in
863 1863 1016 1902 Compoto
1030 1866 1096 1904 suo,
1114 1865 1149 1897 ad
1164 1866 1252 1898 Scae-

187 1906 296 1936 carium
314 1904 416 1944 Regis,
431 1904 557 1935 debitam
572 1903 638 1934 inde
654 1903 713 1935 fieri
727 1903 820 1934 facere
834 1903 1057 1935 Allocationem.

225 1942 315 1973 Teste
327 1951 356 1973 ut
373 1943 458 1982 supra.

36 1802 52 1819 ⁸
74 1803 126 1830 iv.

35 1849 100 1876 701.

372 2069 430 2104 Ad
449 2072 567 2104 Ducem
584 2068 732 2114 Austriae,
746 2069 840 2116 siaeper
857 2067 1056 2115 Sponstzlibus.

34 2160 110 2192 Ami.
121 2159 163 2190 D.
191 2155 327 2212 REX,
344 2155 452 2187 Nobili
467 2157 500 2188 &
514 2156 628 2187 Potenti
642 2155 732 2194 Viro,
750 2155 831 2186 Duci
843 2154 986 2199 'Au‘striae,
1006 2154 1114 2188 Amico
1131 2155 1182 2188 suo
1203 2167 1250 2189 ca-

61 2200 146 2239 1336,
268 2195 392 2233 riffimo,
410 2195 550 2234 Salutem,
568 2196 601 2227 ὃς
618 2195 732 2225 sincerae
743 2193 913 2225 Dilectioms
925 2193 1073 2225 affectum.

31 2242 86 2266 Aa.
107 2248 148 2265 io.
224 2231 347 2271 Propter
357 2234 445 2272 aliqua
460 2235 586 2273 negotia,
605 2234 664 2264 tam
680 2233 840 2265 tractatum.

33 2281 63 2304 Ε.
84 2286 109 2312 3.
201 2301 204 2304 Δ
226 2270 303 2304 Inter
316 2272 377 2304 Vos
391 2274 424 2303 &
441 2282 533 2303 certos
548 2272 749 2303 Procuratores
760 2271 887 2310 nostrOS,
906 2271 940 2301 ad
954 2281 1007 2302 vos
1028 2282 1066 2303 nu
1136 2272 1250 2312 miffos,

32 2314 169 2352 Claufiio,
189 2310 269 2348 super
283 2311 476 2351 Sponsalibus,
494 2312 564 2342 inter
588 2311 780 2349 Fridericum,
800 2310 903 2340 Filium
921 2310 1047 2342 vestrum
1096 2313 1252 2350 rimogeni-

34 2357 65 2380 ε,
82 2363 106 2389 3·
128 2363 164 2382 m.
187 2358 254 2418 ltlugi
267 2373 277 2388 ,
300 2352 333 2382 &
349 2350 510 2389 Johannam
534 2349 635 2381 Filiam
654 2349 781 2381 nostram
798 2348 985 2380 chariffimam
999 2373 1009 2388 ,
1034 2351 1251 2390 contrahendis,

208 2398 222 2418 a
245 2398 315 2419 itum

227 2412 333 2466 Q‘am’
349 2426 480 2464 quaedam
502 2426 570 2464 alia,
585 2425 656 2456 Nos
676 2427 710 2458 &
732 2426 843 2457 Statum
868 2426 998 2457 nostrum
1013 2428 1115 2458 intime
1129 2438 1252 2458 concer-

189 2467 284 2495 nentia
299 2489 309 2502 ,
333 2465 437 2495 auditui
458 2464 552 2494 vestro
575 2464 643 2494 viva
667 2474 742 2495 voce
758 2464 949 2502 ostendenda,
974 2465 1108 2496 Latorem
1131 2468 1252 2503 praesen-

187 2504 281 2571 gum,
314 2503 380 2532 inde
403 2502 512 2541 plenius
535 2501 722 2533 informatum
736 2525 745 2541 ‚
776 2502 811 2533 ad
833 2513 886 2535 vos
906 2502 1036 2534 duximus
1063 2505 1250 2536 transmitten-

210 2551 275 2571 um:

228 2578 319 2617 Cujus
335 2578 476 2610 Relationi
492 2579 593 2609 Fidem
605 2578 758 2609 Credulam
773 2580 801 2609 in
813 2580 865 2610 hiis
881 2582 1001 2618 petimus
1024 2580 1167 2621 adhiberi,
1185 2582 1251 2613 scri-

187 2619 288 2649 bentes
302 2617 401 2648 Nobis
415 2628 483 2648 cum
498 2617 616 2654 fiducia,
634 2627 682 2654 per
696 2618 838 2656 eundem,
856 2619 876 2648 fi
890 2629 954 2656 quae
969 2629 1018 2656 per
1031 2630 1083 2650 nos
1097 2620 1155 2650 fieri
1169 2631 1251 2658 pote-

191 2666 256 2687 runt
267 2657 448 2694 acceptabilia
461 2658 534 2687 votis
550 2655 664 2694 vestris,
682 2656 716 2686 ad
730 2666 793 2694 quae
809 2667 861 2687 nos
874 2657 981 2694 semper
995 2658 1132 2689 habebitis
1146 2660 1250 2690 volun-

188 2696 271 2726 tarios
287 2695 319 2725 ὃ(
335 2705 452 2732 paratos.

226 2733 294 2764 Dat.
314 2734 387 2770 apud
402 2734 442 2763 W
445 2732 600 2772 odestoke,
619 2741 717 2771 quarto
732 2733 778 2763 die
788 2732 872 2772 Junii.

33 2399 79 2425 27.
95 2392 121 2420 d.

318 2858 368 2890 Dc
384 2859 513 2890 Nunciis
531 2861 617 2905 Regis
634 2861 765 2891 Franciae
784 2857 828 2890 ad
837 2862 960 2905 propria
976 2859 1129 2892 redituris.

35 2931 165 2965 Anu-D·
253 2941 329 2981 EX,
347 2942 465 2973 Dnecto
487 2943 520 2973 δι
544 2943 630 2973 Fiden
653 2943 719 2981 suo,
737 2942 899 2973 willielmo
911 2943 946 2975 <ie
960 2944 1107 2984 Ciynton,
1124 2945 1250 2976 Consta-

56 2973 142 3010 1336.
270 2981 377 3011 bulario
400 2980 492 3010 Castri
514 2980 551 3011 sui
572 2981 743 3018 Dovorriae,
762 2982 795 3011 &
816 2980 939 3012 Custodi
955 2983 1094 3021 Quinque
1109 2984 1250 3016 Portuum

34 3014 87 3039 An.
107 3021 150 3038 ¹0·
189 3020 322 3057 suorum,
341 3019 387 3049 vel
410 3020 467 3054 eius
492 3019 607 3050 Locum
620 3021 723 3050 tenenti
739 3019 860 3058 ibidem,
879 3030 933 3051 nec
948 3031 1007 3051 non
1025 3022 1149 3062 Majori,
1168 3024 1250 3054 Balli-

34 3053 160 3122 {histro
190 3058 250 3095 vis,
267 3068 300 3088 ac
319 3058 375 3088 aliis
396 3057 571 3088 Custodibus
592 3058 710 3095 Paisagii
727 3057 816 3088 nostri
829 3060 857 3087 in
873 3058 961 3090 Portu
978 3059 1151 3101 Dovorriae‚
1171 3063 1251 3093 Salu-

116 3109 121 3114 ·
164 3109 170 3116 ⁴
189 3104 256 3127 tem.

34 3129 66 3153 Ε·
89 3134 115 3161 3·
229 3134 402 3165 Mandarnus
425 3135 507 3165 vobis
529 3134 627 3172 quod,
644 3133 779 3166 discretos
798 3134 896 3173 Viros,
911 3135 1071 3173 Johannem
1088 3139 1124 3169 de
1146 3139 1251 3178 PratiS,

36 3172 73 3192 ''¹-
89 3163 170 3201 25·d·
191 3172 346 3203 Decanum
367 3173 503 3204 Ecclesia:
522 3173 695 3205 Belvacensis
713 3197 723 3212 ,
752 3175 785 3205 δε
805 3173 969 3211 johannem
989 3176 1025 3206 de
1047 3176 1153 3208 Castell
1170 3178 1252 3208 Mili-

191 3219 250 3242 tem

230 3235 331 3290 Q’JOS,
343 3249 594 3281 Excellentiffimus
611 3249 764 3289 Princeps,
778 3250 921 3289 Philippus
935 3251 1000 3282 Rex
1015 3252 1155 3292 Franciae,
1170 3254 1252 3284 Con-

189 3289 353 3331 sanguineus
367 3289 462 3319 noster
477 3289 643 3326 carissimus,
662 3289 696 3319 ad
713 3289 782 3320 Nos
795 3291 825 3319 in
840 3290 969 3329 Angliam
985 3292 1014 3320 in
1028 3291 1185 3322 Nuncium
1199 3304 1252 3323 nu-

192 3337 244 3365 per
259 3329 347 3364 milit,
365 3329 399 3358 &
415 3328 476 3366 Qi
487 3327 521 3358 ad
538 3328 650 3365 propria
662 3329 719 3366 jam
736 3327 797 3358 sunt
811 3328 927 3359 redituri
942 3330 970 3358 in
987 3328 1136 3367 Navibus,
1155 3341 1222 3369 quas
1237 3342 1252 3362 a

191 3367 314 3402 partibus
327 3365 513 3397 Whitsandiae
528 3366 561 3395 ad
577 3366 698 3396 Portum
713 3365 887 3403 Dovorriae,
906 3376 958 3404 pro
978 3366 1107 3407 Passagio
1126 3369 1176 3399 suo
1198 3370 1253 3399 ibi-

191 3403 276 3443 dem,
294 3404 381 3442 usque
394 3404 428 3434 ad
442 3412 530 3442 partes
545 3403 771 3443 Transmarinas,
788 3404 854 3435 duci
868 3405 1012 3443 fecerunt,

229 3441 265 3472 In
287 3444 390 3473 eodem
411 3442 519 3481 Portu,
537 3452 604 3473 cum
626 3443 735 3473 ibidem
750 3444 895 3480 venerint,
912 3444 1018 3483 libere,
1036 3446 1069 3475 &
1082 3446 1186 3484 absque
1204 3446 1253 3476 ali-

192 3489 253 3523 quo
274 3480 500 3520 impedimento,
515 3479 549 3512 ad
571 3480 659 3512 distas
681 3490 768 3519 partes
782 3481 992 3513 Transmarinas
1006 3484 1119 3515 transire
1138 3486 1254 3522 permit-

193 3526 269 3549 tatis:

231 3556 268 3599 Et
277 3580 286 3595 ,
300 3557 318 3587 si
333 3557 432 3588 Naves
466 3557 588 3589 raedistae
601 3558 635 3589 ad
651 3557 770 3589 Portum
785 3559 953 3596 praedi&um
970 3567 1038 3591 tunc
1051 3560 1181 3591 adduffle
1194 3570 1253 3590 non

196 3594 314 3639 fuerint,
333 3604 400 3627 tunc
415 3568 534 3635 eiidem,
547 3597 670 3634 Johanni
683 3598 715 3627 &
727 3597 866 3636 Johanni,
875 3597 974 3628 Naves
988 3608 1186 3636 competentes
1199 3608 1254 3636 pro

197 3631 324 3675 Paflagio
339 3634 402 3672 suo,
421 3636 450 3665 iri
466 3636 558 3666 forma
573 3635 722 3673 praedicta,
741 3635 775 3665 ad
789 3645 877 3673 partes
897 3636 1081 3676 supradictas,
1097 3637 1150 3667 suis
1170 3637 1255 3667 Sum-

197 3671 306 3709 ptibus,
324 3682 392 3702 cum
408 3674 490 3704 omni
505 3673 663 3712 celeritate,
680 3674 783 3705 habere
798 3675 920 3714 faciatis,

236 3707 274 3738 Et
286 3709 344 3739 hoc
360 3711 513 3741 nullatenus
525 3713 666 3743 omittatis.

274 3745 362 3777 Teste
375 3748 456 3788 Rege
470 3750 543 3787 apud
556 3750 776 3789 Northampton
785 3774 794 3790 ,
808 3750 925 3783 decimo
934 3752 980 3782 die
988 3751 1076 3790 Junii.

199 3818 407 3897 iaticjfitegirsrisses
423 3824 524 3858 Literae
538 3838 590 3866 pro
603 3827 764 3858 Willielmo
779 3826 814 3858 de
827 3827 1030 3868 Sanguiniaco,
1048 3827 1083 3860 N
1087 3830 1173 3860 uncio
1185 3838 1257 3867 prae-

651 140 1458 192 CONVENTIONES,
1514 143 1901 192 LITERAE,

2371 255 2489 287 AnnD

1292 315 1457 365 Affignatio
1486 319 1686 365 Persbnarum
1717 318 1776 351 loco
1804 321 1893 364 Regis
1910 316 1955 350 ad
1968 315 2167 350 inchoandum
2188 320 2353 353 Concilium
2371 296 2482 372 Είιίῧξ

1768 368 1874 413 siaeum.

1291 450 1409 506 REX
1425 451 1590 493 Episcopis,
1612 453 1787 490 Abbatibus,
1806 451 1968 489 Prioribus,
1987 449 2169 490 comitibus,
2184 451 2415 494 Baronibus,Aa.
2440 467 2481 487 io.

1307 524 1313 529 ,
1367 489 1528 528 Militibus,
1546 493 1579 524 &
1594 493 1728 523 omnibus
1741 493 1813 529 aliis,
1830 490 1904 530 apud
1919 489 2195 527 Northamptoniam
2212 491 2259 521 die
2273 492 2355 523 Mar-
2364 500 2392 522 E.
2415 506 2440 533 3.

1291 532 1345 562 tis,
1361 529 1390 557 in
1412 527 1547 560 Crastino
1567 531 1730 562 Nativitatis
1743 528 1982 569 SanetiJohannis
1994 527 2142 567 Baptistae,
2161 529 2197 560 de
2211 529 2352 563 Mandato
2369 538 2424 562 rm.
2439 545 2481 561 κο.

1292 565 1410 604 nostro,
1427 570 1626 609 conventuris,
1643 569 1775 601 Salutem.
2366 576 2395 598 f..
2414 583 2438 604 2-
2457 581 2481 609 Ρ-

1329 603 1428 635 Sciatis
1440 606 1519 644 quod
1529 631 1538 644 ,
1804 626 1808 632 ν

1330 641 1412 673 Cum
1428 667 1437 681 ‚
1462 644 1566 675 Arduis
1584 645 1682 685 Regni
1703 645 1791 677 nostri
1813 645 1947 685 Negotiis
1969 644 2140 683 praepediti,
2165 646 2195 675 in
2215 646 2357 685 principio

1291 675 1437 719 Concilii,
1453 682 1487 712 ad
1509 684 1586 720 quod
1611 683 1693 715 dietis
1711 686 1756 715 die
1777 686 1811 716 ὅτ,
1829 685 1913 723 loco,
1929 683 1964 714 ad
1984 683 2161 714 tractandum
2176 685 2209 716 δε
2223 684 2356 716 ordinari-

1292 716 1362 764 dum
1376 721 1456 759 super
1469 721 1634 760 quibusdam
1650 725 1756 763 magnis
1769 723 1920 763 NegotiiS,
1936 722 2005 753 Nos
2017 723 2050 754 &
2066 721 2177 754 Statum
2194 723 2290 762 Regni
2305 735 2359 754 no-

1293 757 1343 788 stri
1364 758 1517 797 specialiter
1535 761 1730 829 tanpentibuS,
1747 771 1799 793 vos
1821 763 1940 794 fecimus
1958 762 2132 800 convocari,
2149 771 2210 795 non
2223 762 2361 800 poffimus

1292 796 1473 834 personaliter
1487 800 1586 829 interci
1596 799 1631 838 e,

1330 834 1416 874 Nos,
1434 836 1470 867 de
1488 836 1620 869 fidelitate
1639 837 1757 876 probat-3.
1777 839 1811 870 &
1831 838 2087 877 circumspeffione
2107 838 2226 877 provida
2238 864 2248 878 ,
2273 839 2357 871 Dile-

1292 873 1408 904 &orum
1421 875 1455 906 &
1471 875 1610 906 Fidelium
1622 876 1786 907 nostrorum
1796 901 1806 915 ,
1823 877 1996 909 Venerabilis
2007 877 2112 916 Patris,
2127 877 2154 916 J.
2170 876 2357 909 Cantuarien-

1293 911 1327 956 sis
1348 912 1581 952 Archiepffcopi,
1597 915 1684 946 totius
1707 915 1825 952 Angliae
1843 914 1988 954 Primatis,
2006 915 2175 947 Cancellarii
2190 916 2296 955 nostri,
2314 917 2356 947 H.

1293 950 1498 983 Lincolnienfis
1519 952 1674 991 Episcopi,
1690 953 1867 985 Thesaurarii
1886 954 1993 993 nostri,
2018 955 2052 985 δε
2071 954 2208 993 Johannis
2230 954 2358 987 Comitis

1292 988 1466 1030 Cornubiae,
1484 991 1586 1022 Fratris
1605 991 1694 1022 nostri
1712 991 1862 1031 carissimi,
1879 992 1993 1030 plenam
2015 994 2034 1012 ²*
2056 993 2189 1024 fiduciam
2213 1005 2355 1033 reportari·
2369 1009 2384 1021 α
2403 1009 2443 1035 W

1291 1036 1348 1066 tes,
1366 1029 1574 1070 Affignavimus
1589 1031 1623 1062 &
1636 1029 1846 1068 Deputavimus
1858 1031 1950 1069 ipsos,
1969 1031 2165 1071 conjunffim,
2183 1034 2216 1063 &
2232 1033 2355 1072 dii-iiim,
2371 1055 2419 1072 ,w
2446 1028 2456 1036 '

1291 1067 1325 1111 acl
1338 1067 1554 1108 Inchoandtim,
1572 1079 1627 1108 pro
1641 1069 1758 1107 Nobis,
1776 1069 1810 1100 δε
1824 1068 1898 1099 Vice
1909 1069 2021 1107 nostra,
2038 1069 2148 1101 dietum
2171 1070 2357 1112 Concilium,
2372 1068 2378 1080 ‘
2409 1067 2435 1073 ”

1291 1105 1374 1137 dietis
1389 1107 1434 1138 die
1451 1108 1484 1138 ὃ(
1502 1107 1585 1145 Ioco7
1604 1119 1673 1139 cum
1686 1108 1901 1139 continuatione
1914 1107 2042 1145 dierum,

1329 1144 1367 1175 Et
1382 1146 1416 1176 ad
1431 1147 1522 1177 caustis
1534 1146 1619 1177 dietae
1635 1146 1866 1177 Convocationis
1879 1148 1913 1178 &
1926 1146 2121 1177 Intentionem
2134 1146 2262 1179 nostram
2276 1149 2356 1188 super

1289 1183 1344 1213 hiis
1358 1185 1442 1215 vobis
1456 1185 1564 1223 plenius
1583 1185 1800 1223 exponendum,

1330 1222 1368 1253 Et
1388 1224 1582 1262 ti‘adtandum,
1607 1227 1640 1256 δε
1659 1224 1850 1255 ordinandum
1862 1245 1872 1262 ,
1896 1225 1952 1254 una
1972 1222 2124 1253 vobiscum
2139 1248 2149 1261 ,
2172 1224 2253 1262 super
2273 1225 2357 1258 dictis

1291 1260 1446 1301 Negotiis,
1481 1272 1546 1293 rout
1560 1262 1625 1301 Ipsis
1640 1264 1673 1294 &
1692 1263 1781 1294 Vobis
1791 1287 1799 1299 ,
1814 1273 1867 1300 pro
1879 1262 1997 1294 Nostris
2012 1263 2046 1293 &
2062 1261 2245 1293 Nostrorum
2261 1263 2357 1295 Com-

1291 1302 1384 1330 modis
1395 1302 1428 1331 &
1478 1311 1585 1339 onore,
1604 1302 1704 1332 melitis
1719 1303 1860 1332 videbitur
1873 1301 2023 1340 expedire,

1328 1337 1512 1378 Dictumque
1525 1339 1711 1379 Concilium,
1730 1341 1748 1370 si
1764 1351 1836 1378 opus
1850 1341 1950 1379 fuerit,
1970 1338 2189 1377 perficiendum,

1327 1376 1364 1406 Et
1377 1381 1475 1408 omnia
1490 1378 1539 1408 alia
1551 1379 1714 1409 faciendum
1730 1389 1792 1417 quae
1806 1388 1948 1417 oportuna
1962 1379 2067 1409 fuerint
2079 1379 2107 1407 in
2122 1378 2174 1408 hac
2187 1387 2282 1416 parte,

1328 1414 1367 1446 Et
1382 1416 1448 1447 ideo
1461 1419 1559 1455 vobis,
1574 1418 1709 1448 omnibus
1722 1417 1754 1448 ὃ(
1770 1417 1899 1456 lingulis,
1916 1419 1946 1448 in
1962 1417 2032 1447 Fide
2047 1417 2080 1447 δε
2095 1416 2280 1456 Dileffione,
2294 1418 2355 1455 qui-

1291 1454 1343 1483 bus
1356 1457 1440 1497 nobis
1455 1458 1610 1494 tenemini,
1629 1458 1795 1487 mandamus
1811 1456 1927 1487 firmiter
1946 1455 2138 1495 injungendo,
2157 1455 2257 1495 quod,
2272 1455 2355 1487 dietis

1291 1492 1388 1523 Cauiis
1407 1494 1504 1525 debite
1525 1495 1703 1534 ponderatis,
1723 1495 1759 1525 sic
1779 1505 1848 1526 cum
1871 1496 2007 1533 praefatis,
2027 1494 2269 1532 Archiepiscepo,
2286 1494 2356 1533 Epi-

1289 1532 1394 1569 scopo,
1420 1534 1453 1564 &
1477 1533 1612 1572 Comite,
1636 1535 1682 1565 vel
1703 1544 1804 1565 eorum
1826 1534 1938 1572 aliquo,
1956 1533 2035 1571 super
2055 1532 2201 1571 praemissis
2224 1534 2359 1573 tractare,

1291 1570 1451 1610 consulere,
1469 1573 1502 1602 ὃς
1515 1572 1662 1611 ordinare,
1679 1574 1802 1612 curetis,
1817 1573 1851 1603 &
1867 1573 1925 1611 Ea,
1944 1583 2008 1611 qua:
2024 1572 2061 1602 sic
2075 1571 2109 1602 ad
2125 1571 2281 1602 Honorem
2302 1582 2357 1603 no-

1293 1608 1381 1639 strum
1398 1610 1431 1641 &
1450 1610 1653 1642 Commodum
1666 1611 1793 1642 ordinata
1810 1611 1929 1650 fuerint,
1948 1621 2033 1649 prout
2047 1610 2081 1642 ad
2097 1621 2149 1642 vos
2170 1611 2203 1642 δί
2225 1610 2355 1642 vestrum

1292 1648 1449 1686 quemlibet
1465 1651 1604 1687 pertinere
1615 1651 1765 1687 noveritis,
1782 1650 1913 1681 studeatis
1932 1650 2118 1680 est‘ectualiter
2138 1648 2308 1688 adimplere,
2326 1658 2357 1680 ut

1291 1686 1412 1717 vestram
1435 1687 1570 1726 possimus
1588 1689 1688 1719 Fidem
1701 1689 1734 1720 &
1750 1687 1996 1727 Circumspec‘tam
2012 1688 2216 1728 Diligentiam,
2234 1690 2358 1720 maxime

1293 1726 1322 1755 in
1337 1726 1432 1756 nostra
1447 1727 1585 1765 absentia,
1605 1729 1708 1758 merito
1722 1727 1935 1758 commendare.

1288 1801 1307 1841 J
1328 1763 1419 1808 Teste
1431 1764 1513 1804 Rege
1527 1765 1601 1805 apud
1616 1765 1742 1797 Novum
1757 1765 1893 1798 Castrum
1905 1766 1986 1805 super
1999 1766 2136 1806 Tynam,
2153 1764 2291 1798 vicesimo
2309 1764 2358 1797 die

1310 1812 1376 1833 unii.

2371 606 2480 645 i.7⁷n.5.

1981 1845 2035 1873 Per
2050 1843 2133 1883 ipfiem
2144 1846 2249 1881 Regem.

1508 1971 1567 2002 Pro
1587 1970 1700 2001 Comite
1717 1967 1753 2001 de
1768 1970 1820 2001 Eu
1832 1994 1843 2010 ,
1867 1966 1904 2001 de
1917 1966 2146 2001 pardonatione.
2191 2012 2194 2016 .

1292 2052 1415 2114 REX
1432 2053 1580 2083 Omnibus
1592 2053 1626 2085 ad
1643 2063 1734 2092 quos,
1751 2054 1811 2086 &o
1831 2052 1967 2084 Salutem.
2130 2084 2132 2086 ,
2274 2076 2278 2078 v
2369 2045 2446 2078 Ann-
2459 2048 2505 2082 D.'

1394 2092 1493 2122 Sciatis
1516 2092 1612 2131 quod,
1631 2092 1667 2123 de
1680 2092 1780 2123 Gratia
1793 2091 1887 2123 nostra
1899 2091 2024 2130 speciali,
2042 2091 2277 2130 pardonavimus,
2297 2091 2354 2122 Di·
2396 2089 2485 2128 1336.

1291 2129 1369 2161 lec‘io
1383 2132 1417 2162 ὃς
1430 2131 1518 2161 Fideli
1529 2131 1647 2170 nostro,
1665 2131 1819 2169 Radulpho
1833 2130 1947 2162 Comiti
1962 2131 1998 2161 de
2011 2130 2056 2162 Eu
2079 2130 2354 2170 Transgreffionem,
2369 2129 2422 2153 Aa.
2440 2136 2484 2155 ¹0·

1293 2179 1380 2206 quam
1395 2166 1463 2200 fecit
1474 2169 1653 2208 adquirendo
1668 2170 1729 2200 Sibi
1744 2171 1777 2201 &
1792 2169 1963 2200 Haeredibus
1976 2169 2026 2200 suis
2039 2155 2228 2200 Medietatem
2250 2168 2354 2209 Mane:
2369 2168 2398 2192 Ε·
2421 2174 2446 2202 3·
2495 2207 2498 2211 ⁴

1292 2209 1325 2237 rii
1346 2208 1383 2238 de
1402 2209 1446 2239 W
1447 2209 1574 2248 yghton,
1593 2219 1663 2240 cum
1683 2209 1878 2248 Pertinentiis,
1897 2209 1930 2239 &
1953 2208 2140 2239 Medietatem
2154 2207 2305 2239 Hundredi
2319 2207 2355 2239 de
2372 2207 2429 2231 Par.
2453 2213 2496 2234 ¹0-

1292 2246 1541 2285 Northgrenehou
1581 2258 1650 2279 cum
1672 2247 1864 2286 Pertinentiis,
1890 2249 1919 2278 in
1938 2246 2086 2278 Comitatu
2108 2246 2303 2286 Norffolciae,
2319 2247 2356 2278 de
2369 2245 2469 2280 E.3.p.
2481 2252 2507 2280 1,

1294 2285 1453 2325 Margareta
1467 2286 1491 2316 F
1493 2287 1539 2317 ilia
1545 2271 1694 2326 brogonis
1706 2286 1742 2318 de
1754 2287 1910 2323 Merlawe,
1928 2296 1993 2325 quae
2008 2286 2065 2317 illas
2075 2286 2112 2316 de
2124 2286 2206 2316 nobis
2221 2288 2310 2317 tenuit
2325 2287 2355 2316 in
2370 2290 2407 2308 ’7)-
2424 2291 2451 2310 ²·

1292 2323 1411 2362 Capite,
1429 2334 1460 2356 ut
1470 2325 1594 2373 dicitur,
1609 2327 1643 2357 &
1656 2325 1718 2356 Illas
1731 2325 1935 2364 ingrediendo,
1950 2324 2080 2356 Licentia
2094 2324 2192 2356 nostrii
2205 2325 2285 2363 super
2297 2325 2356 2357 hoc

1291 2372 1587 2446 nosstccfbtgzeiiimtis,
1606 2414 1659 2442 pro
1673 2403 1772 2434 Nobis
1785 2404 1819 2434 &
1842 2402 2012 2447 Haeredibus
2030 2402 2148 2440 nostris,
2189 2408 2303 2433 uantum
2324 2403 2355 2432 in

1292 2442 1375 2471 nobis
1395 2442 1454 2481 est,
1469 2443 1561 2473 eidem
1583 2443 1755 2481 Radulpho,
1780 2442 1859 2480 quod
1883 2442 1939 2480 ipse
1962 2442 2077 2472 Habeat
2099 2442 2134 2471 &
2183 2449 2263 2470 eneat
2286 2437 2356 2470 Me-

1292 2478 1405 2510 dietates
1427 2481 1589 2520 praedidias,
1607 2491 1676 2512 cum
1699 2481 1893 2518 Pertinentiis,
1917 2481 1978 2511 Sibi
1999 2481 2033 2511 &
2057 2478 2228 2523 Haeredibus
2246 2478 2299 2508 suis
2318 2478 2356 2508 de

1293 2519 1392 2557 nobis,
1411 2521 1445 2551 &
1467 2520 1637 2550 Hieredibus
1660 2520 1778 2557 nostris,
1798 2529 1846 2557 per
1867 2520 1986 2549 Servitia
2003 2517 2068 2547 inde
2082 2516 2220 2547 debita&
2236 2515 2357 2547 consue-

1292 2565 1336 2595 ta,
1354 2559 1580 2597 imperpetuum,
1596 2560 1653 2589 sine
1667 2558 1830 2588 Occasione
1842 2557 1887 2587 vel
1898 2555 2111 2598 impedimento
2125 2554 2214 2599 nostri
2225 2555 2272 2599 vel¹
2285 2554 2358 2586 Hae·

1291 2597 1392 2626 redum
1415 2598 1578 2627 nostrorum
1594 2621 1603 2635 ,
1626 2597 1869 2635 justiciariorum,
1896 2594 2097 2630 Escaetorum,
2122 2593 2357 2632 Vicecorniturn,

1291 2643 1338 2664 aut
1359 2635 1479 2665 aliorum
1498 2635 1689 2672 Ballivorum,
1711 2634 1756 2664 seu
1776 2632 1999 2670 Miiiistrorum,
2025 2632 2193 2662 nostrorum
2215 2642 2355 2670 quorum—

1291 2682 1358 2702 cum
1382 2683 1425 2703 ue.
2103 2682 2113 2687 ³

1379 2721 1397 2740 n
1414 2711 1505 2750 cujus,
1523 2711 1583 2741 &c.

1291 2748 1423 2825 d'sslestq
1438 2749 1520 2789 Rege
1539 2748 1614 2788 apud
1635 2748 1815 2780 Berewicum
1836 2748 1914 2786 super
1933 2747 2094 2786 Twedam,
2117 2746 2257 2778 vicesimo
2277 2746 2354 2778 sexto

1310 2797 1337 2817 ie
1368 2798 1434 2818 unii.

1797 2828 1849 2856 Per
1864 2827 1957 2855 Breve
1972 2825 2004 2855 de
2019 2827 2139 2854 Privato
2153 2822 2253 2862 Sigillo.

1291 2962 1349 2997 Ad
1364 2963 1533 3010 Jmmenfts
1543 2989 1552 3005 ,
1565 2962 1600 2995 de
1616 2961 1824 3006 Satisfizffione
1839 2973 1892 3007 pro
1912 2962 2044 2993 Damnis
2054 2983 2064 2999 ,
2077 2959 2113 2994 ὠ·
2129 2954 2165 2988 de
2181 2954 2356 3002 Privilcgiit

1773 3007 1909 3053 conccffis.

1295 3096 1414 3156 REX
1423 3122 1432 3136 ,
1450 3097 1524 3127 Viris
1540 3096 1669 3127 Providis
1685 3097 1717 3127 &
1734 3095 1889 3133 Discretis,
1905 3090 2056 3137 Potestati,
2075 3088 2237 3133 Capitaneis
2281 3129 2287 3134 ,
2337 3126 2342 3130 ·
2370 3080 2446 3112 Ann.
2460 3080 2503 3114 D.

1376 3137 1499 3173 Abbati,
1518 3135 1650 3175 Populo,
1667 3135 1700 3165 &
1717 3135 1865 3177 Anxianis,
1883 3132 2014 3176 Civitatis
2030 3131 2064 3161 &
2077 3127 2302 3159 Communitatis
2317 3127 2355 3158 de
2370 3129 2426 3188 ³2¹3
2433 3121 2478 3186 3160-

1289 3168 2122 3251 ³²¹³?ss²32¹3?ss'512353‘550?l?3233‡35f52ffffl00,
2142 3204 2284 3236 cmv-25
2302 3215 2355 3250 v,
2371 3202 2399 3224 ε.
2422 3206 2446 3233 ³.

1294 3252 1366 3291 ster,
1384 3253 1417 3282 δε
1439 3261 1507 3282 cum
1529 3250 1625 3279 vestris
1643 3249 1744 3279 Literis
1757 3248 1791 3278 ad
1807 3247 1876 3278 Nos
1892 3246 2008 3285 miffus,
2025 3255 2059 3277 ex
2073 3253 2152 3285 parte
2163 3243 2256 3276 vestra
2270 3244 2354 3274 nobis
2369 3235 2504 3272 clarcfiio.

1294 3301 1361 3321 cum
1377 3290 1505 3320 instantia
1518 3288 1681 3356 supplicavit
1694 3289 1788 3325 quod,
1850 3325 1866 3331 ..
1912 3325 1917 3331 ο
2024 3324 2030 3329 -
2171 3323 2179 3329 ·
2369 3278 2399 3331 {3-
2418 3283 2450 3339 321
2467 3283 2505 3303 m,

1331 3328 1412 3359 Cum
1426 3328 1544 3358 Yvanus
1589 3336 1722 3363 ueianus,
1740 3326 1773 3356 &
1787 3325 1867 3355 Socii
1880 3325 1918 3355 sui
1934 3323 2081 3354 Concives
2093 3322 2197 3367 vestri,
2215 3319 2358 3361 quandam
2374 3320 2419 3347 —4·
2452 3330 2460 3338 ·

1293 3366 1412 3397 Navem
1428 3365 1582 3403 Grossam,
1602 3365 1658 3395 five
1672 3364 1824 3402 Cocham,
1839 3363 1953 3394 diversis
1966 3362 2065 3392 Rebus
2079 3360 2212 3405 Pretioiis
2227 3362 2261 3392 &
2276 3359 2358 3390 Mer-

1294 3407 1374 3436 cibus
1393 3405 1596 3442 Orientalibus,
1614 3405 1644 3433 in
1662 3403 1768 3434 Valore
1788 3403 1940 3434 Summam
1957 3400 2187 3440 Qatuordecim
2201 3398 2284 3429 Mille
2318 3396 2354 3426 8:

1294 3444 1325 3473 T
1327 3444 1512 3474 rescentarum
1538 3442 1704 3473 Marcarum
1728 3442 1931 3481 Sterlingorum
1951 3439 2168 3477 excedentibus,
2185 3445 2270 3468 onera
2295 3440 2359 3478 ent,

1294 3484 1328 3513 &
1350 3483 1375 3512 se
1395 3483 1486 3513 versus
1506 3481 1645 3520 Regnum
1666 3479 1798 3511 nostrum
1812 3505 1822 3520 ,
1849 3479 1942 3510 Causa
1963 3477 2140 3518 Negotiandi
2153 3500 2163 3515 ,
2188 3484 2257 3506 cum
2275 3470 2359 3517 §lidius

1295 3520 1444 3551 Mercibus
1455 3520 1644 3555 divertiffent,
1661 3519 1823 3556 Literasque
1836 3518 2024 3548 Protefiionis
2037 3517 2070 3547 &
2085 3516 2176 3546 Salvae
2193 3510 2310 3542 Gardiae
2325 3520 2356 3548 a,

1295 3560 1411 3589 celebris
1433 3560 1596 3597 memoriae,
1614 3557 1751 3588 Domino
1773 3557 1806 3587 E.
1827 3557 1913 3594 Rege
1935 3556 2063 3595 Angliae,
2082 3554 2164 3584 Patre
2183 3549 2300 3588 nostro,
2319 3547 2358 3579 de

1296 3598 1483 3634 ingrediendo
1498 3598 1608 3627 dietum
1621 3597 1755 3635 Regnum
1765 3619 1775 3634 ,
1792 3596 1900 3626 ibidem
1917 3591 2172 3627 Mercandisando,
2184 3588 2301 3631 Merces
2314 3596 2357 3616 in-

1295 3637 1413 3667 ferendo
1434 3638 1467 3668 &
1487 3635 1620 3666 ducendo
1643 3635 1697 3672 (lta
1717 3643 1812 3664 tamen
1832 3633 1908 3672 quod
1922 3634 2059 3674 solverent
2072 3627 2226 3672 Custumas
2236 3625 2355 3670 debitas)

1295 3675 1469 3713 habuissent,
1487 3676 1520 3705 &
1540 3674 1590 3704 sub
1610 3672 1783 3703 confidentia
1802 3672 1993 3703 protectionis
2006 3666 2167 3707 hujusmodi
2178 3663 2317 3697 venissent
2328 3673 2359 3694 a-

1296 3714 1353 3751 pud
1369 3712 1468 3743 Dunas
1481 3712 1517 3742 de
1530 3711 1700 3749 Sandwico,
2113 3744 2118 3750 -
2207 3741 2214 3747 ·
2248 3741 2254 3747 .
2337 3742 2344 3747 ·

1335 3750 1428 3789 Hugo
1448 3753 1473 3782 le
1491 3751 1648 3788 Despenser
1670 3751 1731 3788 (qui
1750 3748 1827 3787 supra
1850 3749 1932 3779 Mare
1954 3756 2024 3777 cum
2038 3742 2172 3787 N³Y¹bu⁸
2185 3741 2256 3786 disti
2269 3740 2358 3772 Patris

1296 3790 1402 3828 nostri,
1420 3800 1490 3821 cum
1502 3789 1619 3820 Armaza
1633 3787 1779 3826 Potentia,
1790 3787 1971 3825 praetenditur
1984 3793 2053 3827 tunc
2066 3781 2158 3826 fuiffe)
2175 3779 2283 3825 dictam
2290 3778 2356 3810 Na-

1297 3838 1380 3865 vem,
1399 3829 1456 3859 five
1476 3827 1624 3865 Cocham,
1642 3836 1740 3858 contra
1765 3828 1886 3857 formam
1907 3823 2098 3865 Protetstionis
2119 3818 2279 3856 praedict-22,
2306 3828 2356 3849 ce-
2369 3851 2385 3867 α

1298 3868 1356 3906 pit,
1374 3868 1393 3886 ²*
1414 3868 1448 3897 ὃς
1467 3867 1654 3904 depraedavit,
1673 3867 1700 3895 in
1722 3874 1856 3902 magnam
1880 3862 2175 3901 Depauperatiotiem,
2192 3857 2225 3888 &
2241 3856 2354 3896 Damp-
2407 3853 2462 3880 IV·

1299 3915 1369 3934 num
1385 3915 1445 3935 non
1460 3906 1626 3942 modicum,
1645 3903 1804 3934 vestrorum
1820 3902 2000 3943 Concivium
2011 3896 2231 3941 praedietorum,
2286 3935 2292 3940 .
2371 3899 2436 3927 703·

1337 3942 1462 3974 Velimus
1481 3944 1563 3974 dietis
1582 3942 1799 3981 Dampnificatis
1820 3940 1955 3978 Dampna
1960 3936 2059 3975 jubere
2071 3934 2191 3966 resarciri
2205 3933 2358 3974 praedicta,

1298 3982 1332 4012 ἃ
1348 3981 1488 4012 Emendas
1501 3982 1558 4012 fieri
1571 3989 1782 4018 competentes:
2024 4013 2029 4018 ι
2248 4012 2253 4017 .
2269 3988 2288 4017 .-

1336 4019 1404 4050 Nos
1426 4020 1506 4058 super
1528 4019 1674 4059 praerniffis
1687 4017 1932 4048 Deliberationem
1947 4013 2096 4055 habuimus
2109 4021 2177 4056 curn
2191 4011 2307 4054 Peritis,
2322 4010 2357 4040 &

1300 4057 1379 4097 licet,
1397 4059 1519 4096 ipsprum
1538 4057 1672 4096 judicio,
1689 4056 1724 4087 ad
1744 4053 1968 4087 Satisfaetionem
1987 4050 2168 4091 hujusmodi,
2186 4060 2269 4082 mero
2275 4058 2357 4092 We’

2032 4103 2034 4105 ’
2241 4095 2361 4118 minime
