2562 4279
227 124 280 163 26

78 207 158 240 Anii.
170 196 217 236 D(
230 207 315 238 stram
335 203 500 244 specialem,
514 210 629 232 necnon
648 200 677 230 in
694 199 802 231 salvum
822 198 855 229 &
876 184 1007 228 secui-um
1028 195 1221 230 Conducsturn
1235 204 1290 226 no-

80 253 156 314 5³3}
162 246 196 322 83.
229 246 388 313 strfftnideo
402 279 484 311 vobis
500 276 663 308 mandamus
677 298 687 314 ,
705 274 765 310 &a
779 282 862 314 prout
880 278 911 305 in
925 273 1099 321 consimilibus
1112 274 1144 304 de
1156 273 1292 304 eonduaelu

227 325 387 395 Ltltrcirlcsujus
395 356 471 393 ,&c.
481 352 567 391 usque
579 352 613 383 ad
626 351 743 383 Festum
758 353 892 384 omnium
912 352 1085 392 Sanctorum
1099 351 1233 391 proximo
1246 349 1293 381 fu-

230 406 325 429 turum
337 395 485 425 duraturas.
907 405 909 410 ι

266 475 355 508 Teste
371 473 453 514 Rege
466 471 540 512 apud
556 471 688 504 Walton.
704 471 843 504 vicesimo
858 473 942 504 tertio
957 472 1003 503 die
1011 470 1098 511 Junii.

806 594 809 597 ι
860 556 915 585 Per
929 553 1012 594 ipficm
1027 555 1131 591 Regem.

80 689 101 708 ’Β
112 692 146 717 V.
164 696 210 723 59.
422 687 449 713 δὲ
474 688 523 719 De
539 691 655 721 Mutuo
668 712 677 728 ‚
699 696 753 732 per
771 684 926 718 Abbatem
939 684 975 718 de
991 684 1091 718 Hida.

80 774 155 806 Ann.
169 772 209 804 D.
235 775 352 832 REX
368 775 520 814 omnibus,
537 776 572 807 ad
588 786 675 815 quw,
694 775 756 806 ὅτε.
774 775 907 806 Salutem.

104 813 187 852 1338.
331 814 483 845 Noveritis
505 825 557 846 nos
577 813 727 852 recepisse,
746 823 796 852 per
817 823 933 852 manus,
950 812 1046 843 dilecti
1067 811 1173 844 Clerici
1185 813 1293 853 nostri,

77 857 130 881 An.
150 863 191 880 12.
230 851 377 884 Edmundi
392 853 468 883 dela
481 852 589 891 Beche,
608 852 744 884 Custodis
773 850 952 882 Garderobae
973 850 1095 890 nostrae,
1120 851 1155 882 de
1174 851 1293 883 Dilecto

76 897 108 920 Ε.
131 901 157 928 3.
230 893 312 922 nobis
324 893 353 922 in
369 890 501 931 Christo,
521 893 613 923 Fratre
624 891 754 931 Johanne
769 890 908 928 Spirock,
927 889 1154 920 Commonacho
1173 891 1292 922 Abbatis

78 931 195 959 Aleman.
230 931 266 960 de
286 930 380 968 Hida,
394 930 431 961 de
447 931 592 969 Jocalibus
608 931 689 969 ipsius
705 929 837 968 Abbatis,
856 928 960 959 Unam
975 926 1105 959 Crucem
1117 929 1203 969 Auri,
1223 939 1292 960 cum

81 979 125 997 12.
140 975 168 997 E·
185 979 210 1006 3·
229 969 344 1000 diversis
358 969 460 1007 Petris,
479 969 616 1000 Ponderis
629 969 763 1005 Triginta
782 969 816 998 ὃ(
838 967 943 998 Trium
964 966 1145 1006 Solidorum,
1165 969 1198 999 ὃς
1221 967 1293 999 Νο-

228 1018 297 1038 vem
310 1007 520 1046 Denariorum,
539 1009 571 1039 &
583 1007 669 1037 Pretii
684 1006 838 1044 Viginti&
852 1007 932 1037 unius
952 1005 1104 1037 Librarum
1113 1031 1122 1045 ,
1132 1005 1290 1038 Sexdecim

227 1047 408 1084 Solidorum,
424 1047 457 1077 &
471 1047 552 1077 Octo
565 1046 776 1083 Denariorum‚
1255 1071 1258 1074 .

266 1085 371 1116 Unum
395 1085 525 1116 Calicem
547 1085 682 1124 Argenti,
700 1083 835 1115 Deaurati
855 1084 889 1115 &
914 1083 1066 1120 Aymellati
1086 1084 1114 1113 in
1138 1083 1290 1124 Pomello‚

227 1124 365 1155 Ponderis
389 1124 522 1162 Quatuor
545 1124 714 1162 Librarum,
741 1122 854 1152 Decem
875 1123 909 1153 &
927 1121 1008 1152 Οξῒο
1027 1122 1209 1160 Solidorum,
1236 1123 1292 1154 Sex

228 1162 421 1194 Denariorum
432 1185 442 1201 ,
461 1164 494 1194 &
511 1162 610 1193 Unius
624 1161 731 1198 Oboli,
750 1162 783 1192 &
797 1161 884 1191 Pretii
905 1160 960 1191 Sex
979 1160 1150 1202 Librarum,
1168 1161 1291 1195 Tresde-

227 1202 286 1233 cim
299 1201 463 1232 Solidorum
500 1202 534 1232 &
549 1201 682 1240 Qiatuor
697 1199 908 1237 Denariorum,

256 1239 304 1271 *Et
325 1240 432 1271 Unum
451 1224 581 1270 Calicem
605 1238 741 1277 Argenti,
760 1238 935 1268 Deauratum
971 1247 1040 1268 cum
1056 1237 1162 1268 Pateria
1175 1261 1185 1278 ,
1211 1237 1292 1270 Pon-

226 1278 300 1309 deris
314 1278 369 1309 Sex
384 1280 459 1309 uinta
480 1280 513 1310 ὃς
572 1279 675 1316 uinque
694 1276 857 1308 Solidorum
867 1299 876 1315 ,
894 1278 927 1308 &
942 1260 1028 1307 i'retii
1044 1276 1177 1315 Qiatuor
1190 1277 1291 1309 Libra-

227 1327 308 1356 rum,
326 1318 360 1349 &
413 1318 518 1355 uinque
531 1318 570 1347 So
583 1316 712 1354 idorum,

267 1356 348 1395 Qas
361 1357 489 1394 praefatus
504 1356 598 1387 Abbas
612 1356 692 1385 nobis
702 1378 711 1392 ,
720 1364 773 1392 pro
788 1353 965 1391 expeditione
980 1355 1162 1393 negotiorum
1176 1354 1292 1386 nostro-

227 1404 310 1432 rum,
327 1396 481 1433 mutuavit,
499 1395 532 1425 &
551 1404 617 1432 quas
633 1392 765 1431 quidem,
783 1392 931 1430 Crucem,
951 1392 1080 1435 Calices,
1097 1394 1131 1424 &
1144 1393 1290 1434 patenam,

228 1433 346 1472 praefato
366 1433 470 1463 Abbati
483 1432 640 1470 restituere,
658 1431 703 1461 vel
716 1430 845 1461 Pretium
858 1430 942 1469 inde,
960 1431 980 1461 fi
996 1432 1045 1462 libi
1058 1442 1120 1463 non
1140 1431 1290 1468 restituan-

230 1481 275 1504 tur
283 1495 293 1510 ‚
310 1471 405 1502 eidem
421 1471 527 1502 Abbati
539 1470 646 1502 solvere
660 1470 852 1509 promittimus
865 1470 943 1501 boni
957 1469 1020 1500 fide.

75 1015 189 1046 p.i.m.

82 1057 124 1075 io.

265 1552 298 1584 In
311 1552 406 1591 cujus,
424 1552 485 1584 &a

262 1632 352 1664 Teste
366 1632 449 1672 Rege
461 1632 534 1671 apud
547 1632 679 1664 Waiton.
697 1632 835 1665 vicesimo
847 1633 930 1677 tertio
942 1631 987 1663 dic
998 1631 1085 1671 Junii-

897 1712 899 1714 ’
919 1715 972 1743 Per
984 1711 1066 1753 ipfiem
1079 1716 1184 1752 Regem.

229 1844 422 1890 Confirmatio
444 1845 604 1878 Concordia
623 1849 699 1878 inter
722 1847 828 1890 Regem
856 1845 991 1892 Angbae,
1013 1849 1050 1884 ρὰ·
1083 1849 1228 1881 Homines
1253 1845 1290 1880 de

670 1893 831 1927 flandria.

77 1986 152 2017 Anu.
164 1986 204 2017 D.
224 1982 304 2045 LE
327 1981 402 2022 Roy
416 1993 430 2013 a
450 1992 628 2022 touz-eeux,
642 1984 696 2021 qui
708 1982 966 2022 cesten-presentes
978 1983 1099 2016 ›Lettres
1115 1994 1231 2018 verront
1249 1997 1289 2018 ou

104 2027 185 2065 1338,
303 2031 420 2059 orront,
439 2022 551 2062 Salutz‚
569 2022 607 2053 od
620 2020 784 2053 coniffance
795 2021 831 2052 de
842 2022 948 2062 Verite.

74 2072 126 2096 Aa.
149 2076 190 2092 ιι..
263 2058 383 2090 Sachetz
400 2070 472 2090 nous
491 2063 571 2093 avoir
591 2071 647 2092 veu
667 2062 701 2092 &
721 2060 855 2100 regardez
876 2062 949 2093 Une
973 2062 1080 2094 Tretee
1098 2064 1133 2094 ὃς
1152 2063 1292 2104 Accord,

74 2111 104 2134 E.
126 2114 150 2141 3.
225 2098 292 2129 faitz
305 2108 384 2130 entre
399 2123 408 2137 ,
427 2099 593 2131 l'Onurable
616 2099 706 2130 Piere·
721 2110 758 2130 en
780 2099 874 2139 Dieu,
890 2100 959 2131 Heri
999 2124 1008 2139 ,
1024 2111 1073 2139 par
1092 2102 1117 2132 la
1139 2100 1235 2134 Grace
1255 2103 1292 2134 de

73 2145 192 2173 Alemm.
231 2137 324 2176 Dicu,
343 2137 470 2176 Evesque
483 2138 518 2169 de
533 2138 662 2176 Nicole,
680 2139 736 2177 &,‘
751 2148 810 2169 noz
823 2138 902 2169 Cher
917 2140 950 2170 &
962 2111 1086 2178 rz'oialz,
1104 2141 1234 2172 Williarn
1255 2142 1291 2173 de

78 2193 120 2211 12.
134 2187 163 2210 Ε.
179 2192 206 2219 3.
226 2176 328 2207 Bohun
349 2176 466 2208 Counte
486 2177 522 2208 de
544 2177 780 2215 Northamptori,
802 2177 913 2208 Robert
935 2178 971 2209 de
994 2178 1107 2210 Ufford
1123 2179 1241 2211 Counte
1254 2181 1292 2212 de

225 2213 353 2253 Suffolc,
371 2216 405 2246 ὃς
417 2215 512 2253 Johan
528 2215 627 2255 Darcy
641 2215 788 2247 Scneschal
801 2216 837 2247 de
852 2216 948 2247 nostre
961 2217 1091 2257 Hostiel,
1108 2228 1168 2249 noz
1185 2218 1290 2250 Melia-

225 2263 276 2290 ges
296 2254 329 2284 ὅ(
352 2253 524 2286 Procureurs
548 2265 576 2285 es
597 2256 695 2292 parties
717 2254 753 2286 de
771 2255 850 2293 dela,
873 2255 958 2286 d’une
979 2266 1056 2297 part,
1085 2257 1119 2288 &
1138 2256 1177 2288 les
1199 2259 1289 2290 bones

225 2292 327 2323 Gentz
348 2292 396 2323 des
418 2293 522 2332 ViHes,
539 2293 751 2333 Chastelieries,
770 2295 803 2325 &
822 2295 973 2325 Terr'oires
991 2295 1029 2326 de
1042 2301 1085 2328 tu't
1098 2296 1125 2326 ie
1135 2295 1291 2328 Commun

226 2329 288 2361 Pais
302 2331 338 2361 de
351 2331 498 2372 Flaiidres,
516 2331 621 2363 d'autre
631 2341 708 2372 part,
727 2343 762 2363 en
779 2333 804 2363 le
819 2333 913 2364 forme
931 2335 977 2371 qui
993 2335 1118 2372 s'ensuit,

260 2369 287 2400 A
302 2378 372 2400 touz
387 2372 532 2410 ceux,qui
544 2370 632 2401 cestoe
660 2371 908 2402 'resentesLettres
920 2382 1036 2404 verront
1050 2384 1089 2404 ou
1103 2372 1289 2413 orront,&c.

223 2414 254 2438 ut
261 2407 364 2448 fitpra‚
382 2409 414 2440 de
430 2418 465 2447 17
480 2409 608 2449 instantis
651 2413 724 2448 unii,
741 2409 820 2450 asclae
835 2411 873 2440 ad
885 2410 940 2440 haec
956 2411 1061 2451 verba,
1079 2415 1141 2443 viz.

72 2229 186 2258 p.i.m.

79 2269 118 2288 11.

237 2511 242 2515 .
264 2486 354 2519 Nous
369 2488 408 2518 les
418 2488 477 2520 ditz
488 2489 595 2521 Tretee
607 2491 640 2522 ὃ(
661 2489 777 2530 Acord,
797 2491 830 2522 &
853 2499 925 2523 tores
946 2491 985 2522 les
1005 2491 1117 2531 choses,
1136 2504 1292 2527 contenues

227 2537 264 2558 en
277 2536 366 2566 yceux
382 2529 415 2558 δε
429 2529 568 2560 chescune
581 2529 616 2559 de
633 2530 686 2568 lec,
707 2537 793 2567 quant
807 2540 862 2567 que
875 2541 946 2560 nous
960 2533 1130 2570 appartient,
1140 2533 1291 2574 Agreoms,

227 2567 262 2635 ἕ
278 2575 332 2634 gur
344 2564 481 2636 fflggsm&
496 2576 555 2599 noz
569 2567 670 2606 Heirs,
688 2568 882 2607 Acceptoms,
901 2569 1068 2609 RatifiomS,
1083 2570 1292 2605 Confermoms

264 2615 560 2684 Enpssresmoig'nance
581 2644 618 2675 de
638 2654 711 2683 queu
732 2645 818 2676 chose
839 2655 854 2676 a
867 2645 954 2678 cestes
969 2655 1027 2678 noz
1042 2647 1152 2679 Lettroe
1166 2648 1291 2682 Overtes

225 2689 326 2715 avoms
340 2682 388 2713 fait
405 2691 506 2714 mettre
521 2693 580 2714 noz
593 2683 676 2714 Seals.

265 2761 349 2793 Dori.
365 2773 381 2794 a
396 2763 439 2794 W
441 2764 526 2794 altori.
544 2763 571 2795 le
581 2765 658 2796 xxvi.
672 2767 739 2805 jour
753 2764 788 2796 de
800 2764 885 2806 Jiiyn.

430 2895 488 2929 Ad
505 2899 739 2943 Imperatorem,
765 2898 801 2931 dc
818 2897 948 2946 Pafflzgio
970 2901 1066 2946 Regis.

74 3008 141 3039 Arm
164 3005 195 3036 D
226 2969 513 3045 EXcellentiffimo
528 2984 670 3030 Principi,
689 2986 823 3017 Domino
837 2987 1019 3025 LodowicO,
1039 2988 1097 3032 Dei
1113 2989 1289 3029 grahi-,Ro-

94 3031 178 3086 1⁸33.
198 3029 205 3036 ·
276 3062 280 3066 .
303 3033 456 3054 manorum
479 3023 661 3081 Imperatori,
686 3026 794 3070 semper
814 3026 961 3081 Augusto,
980 3027 1055 3071 i'atri
1080 3029 1114 3058 &
1130 3029 1217 3083 Fratri
1239 3030 1288 3060 suo

71 3067 126 3113 Aa?
144 3095 185 3112 η.
225 3061 384 3099 carissimo,
402 3061 573 3100 Edwatdus,
590 3063 690 3093 eadem
704 3073 805 3103 gratia,
824 3064 889 3095 Rex
902 3065 1014 3105 Angliae
1028 3066 1089 3097 &c.
1105 3077 1208 3098 votivis
1226 3069 1290 3106 glo-

226 3101 288 3130 riiri
301 3099 480 3132 Successibus
495 3111 565 3131 cum
581 3101 682 3132 Salute.

261 3137 309 3168 De
330 3139 453 3175 gratiosis
474 3139 654 3171 Cellitudinis
676 3139 869 3179 Imperatoria:
889 3142 972 3173 literis
986 3167 996 3181 ,
1021 3143 1072 3174 sub
1092 3143 1157 3175 data
1176 3145 1213 3176 iv.
1245 3144 1287 3176 Id.

226 3175 298 3206 Maii
314 3178 396 3207 nobis
410 3177 513 3216 missis,
870 3183 880 3213 J

264 3214 318 3245 Per
333 3225 399 3253 quas
413 3217 494 3246 nobis
510 3216 680 3255 significastis
693 3217 728 3249 ad
743 3217 873 3256 Opidum
889 3218 1017 3257 Synach,
1036 3220 1117 3258 super
1131 3221 1212 3252 Valle
1228 3222 1290 3253 Re-

225 3254 255 3283 ni
268 3276 277 3292 ,
303 3253 337 3284 ad
361 3253 555 3285 Traciandum
575 3256 726 3287 nobiscum
745 3281 754 3294 ,
778 3257 811 3287 δε
830 3260 1024 3287 communiter
1044 3260 1231 3290 ordinandum
1253 3261 1291 3291 de

225 3291 440 3332 Progreffibus,
458 3294 697 3334 contrasvestros,
714 3296 748 3327 &
762 3294 894 3333 Imperii,
911 3306 943 3325 ac
966 3296 1078 3327 nostros
1097 3297 1234 3329 AEmulos
1255 3300 1288 3330 &

225 3330 359 3361 Rebelles
370 3330 490 3369 provide
504 3332 654 3369 dirigendis
664 3357 672 3371 ,
691 3344 743 3364 vos
758 3333 830 3364 velle
841 3334 963 3365 libenter
984 3335 1135 3374 accedere,
1153 3347 1185 3368 ac
1205 3336 1290 3368 Con-

227 3370 375 3401 ventiones
388 3371 462 3401 inter
475 3381 525 3401 nos
538 3371 643 3401 habitas
655 3371 823 3410 adimplere,
881 3397 883 3399 .

262 3407 365 3439 Grates
379 3409 462 3439 vobis
478 3409 625 3440 referimus
638 3409 792 3449 coi-diales,

260 3445 388 3477 Intiniiiis
409 3448 442 3478 &
466 3446 623 3487 specialius,
648 3459 706 3487 quo
727 3450 890 3487 poss'umuS,
917 3459 971 3481 vos
990 3458 1120 3490 rogantes
1138 3453 1288 3491 quatenus,

222 3485 366 3515 morosam
386 3485 612 3517 protractionem
634 3487 782 3518 Adventus
805 3488 912 3527 nostri,
932 3489 1022 3519 versus
1043 3499 1134 3527 partes
1155 3489 1289 3529 Imperii,

224 3533 310 3561 quam
328 3524 421 3562 (novit
435 3523 527 3563 Deus)
543 3526 623 3555 inviti
634 3526 770 3564 fecimus,
787 3527 873 3557 causis
887 3527 1044 3558 necessariis
1057 3527 1185 3566 impediti
1210 3529 1289 3567 (quas

225 3560 325 3604 vestrae
348 3564 457 3593 notitiae
480 3574 540 3593 non
565 3564 706 3595 credimus
719 3565 830 3603 alienas)
845 3575 959 3605 gravem
971 3576 1031 3596 non
1045 3566 1114 3597 ferat
1128 3565 1219 3597 vestra
1234 3567 1288 3598 Su-

225 3600 347 3630 blimitas
362 3601 407 3631 vel
422 3602 579 3632 molestam.

250 3638 283 3680 ὅ·
299 3638 348 3669 Set
364 3640 441 3677 jam,
458 3640 548 3679 facist,
564 3641 636 3672 sicut
657 3650 790 3681 oportet,
808 3641 985 3673 ordinatione
1007 3643 1134 3674 consulta
1146 3643 1225 3680 super
1238 3644 1288 3675 de-

226 3675 288 3706 bito
302 3676 395 3715 Regni
410 3678 499 3709 nostri
514 3679 685 3718 Regimine‚
703 3682 785 3711 nobis
798 3682 946 3718 agentibus
961 3683 990 3712 in
1010 3683 1142 3719 remotis,
1160 3682 1286 3713 Classem

228 3722 367 3781 magqgm‘
378 3715 510 3747 Navium
530 3718 563 3748 &
585 3719 635 3750 alia
659 3729 712 3757 pro
732 3718 861 3759 Paffagio
881 3720 982 3751 nostro
1002 3720 1152 3751 necessaria
1167 3721 1288 3752 fecimus

228 3760 309 3788 provi
331 3763 388 3792 eri,
1221 3763 1227 3768 ’

266 3787 302 3818 Et
322 3792 375 3824 iam
396 3794 480 3835 parati
501 3793 609 3834 sumus,
631 3796 709 3834 juxta
731 3795 820 3827 Littus
834 3796 929 3827 ‘Maris
942 3822 951 3836 ,
976 3797 1106 3828 nostrum
1125 3796 1287 3834 Paffagium

229 3834 403 3902 {uffi'omni
427 3831 602 3864 festinatione
617 3857 626 3873 ,
656 3835 868 3866 succedentibus
889 3836 973 3867 Auris
995 3836 1131 3876 prosperis
1145 3859 1156 3875 ,
1185 3836 1288 3867 affum-

268 3901 314 3945 Ad
328 3911 393 3939 quse
407 3904 542 3948 Majestati
554 3910 673 3950 vcstrae,
690 3912 723 3942 &
735 3911 790 3941 aliis
806 3911 907 3943 nostris
920 3912 1132 3945 confoederatis
1153 3913 1187 3944 &
1205 3911 1289 3943 Beni-

226 3939 316 3983 volis,
334 3940 459 3972 celeriter
481 3949 648 3989 nuncianda,
668 3951 866 3987 prremilimus,
885 3949 1287 3991 Consanguineum‘nostrum

229 3979 402 4021 Carlffimum
417 4003 426 4017 ‚
449 3981 490 4010 W
493 3983 643 4028 illielmtim
660 3988 696 4017 de
718 3988 819 4019 Bohun
838 3989 990 4020 Comitem
1013 3990 1286 4028 Northamptoniae‚

224 4016 258 4046 ὃς
266 4038 277 4055 ,
296 4015 446 4067 Dilectum
461 4020 494 4050 ὃς
507 4020 631 4054 fidelem
646 4025 774 4058 nostruin
784 4050 793 4065 ‚
812 4026 974 4058 Galfridum
988 4028 1014 4059 le
1027 4028 1118 4066 Scrop
1140 4027 1286 4065 Militem,

71 3146 192 3189 Alenian.

77 3211 118 3228 12.
135 3205 162 3227 Ε.
177 3209 202 3237 3.

73 3245 97 3268 12.
120 3249 186 3268 i.m.

78 3630 96 3651 ³¹²
109 3634 143 3659 V.
163 3631 208 3661 60.

671 115 779 157 co
808 106 854 153 N
882 95 1245 153 V'1E‘N‘T‘1b
1274 106 1317 148 N
1349 95 1476 161 Es,
1532 98 1567 149 L
1595 109 1615 151 1
1643 108 1684 150 T
1714 108 1923 158 ERAE,

1327 193 1408 231 super
1432 195 1588 226 intentione
1608 194 1705 226 nostra
1725 194 1834 233 plenius
1851 195 2048 234 informatos3
2073 195 2212 237 Quibus,
2236 198 2272 232 δε
2294 210 2396 234 eorum
2419 181 2553 234 Ann.D.·

1329 233 1464 272 cuilibet,
1490 234 1519 264 in
1538 233 1681 272 dicendis,
1705 243 1740 264 ex
1759 243 1837 272 parte
1855 234 1968 274 nostra,
1994 234 2095 265 Fidem
2114 236 2200 275 velit,
2240 239 2396 280 uaesumus,
2438 241 2523 280 1338.
2556 264 2559 266 ,

1329 271 1461 302 adhibere
1481 272 1624 303 credulam
1646 271 1738 302 vestra
1759 271 1880 304 Caeiaria
1901 273 2095 311 Magnitudo,
2114 284 2198 312 quam
2220 247 2270 307 {iiu
2285 280 2398 310 conset·
2414 282 2483 309 Edv.
2504 290 2531 318 3.
2557 281 2562 285 ”

1330 319 1396 349 vet,
1412 311 1445 348 in,
1458 310 1626 341 Victorioiis
1641 312 1675 343 &
1690 311 1804 343 Votivis
1827 311 2023 351 Succeslffius,
2041 311 2105 342 Rex
2123 316 2316 351 permanentis
2335 316 2396 348 Im-

1330 350 1400 387 perii
1409 348 1488 387 Jesus
1503 348 1642 380 Christus.
1701 358 1703 362 ⁴
1943 359 1945 362 ⁴
2373 350 2375 357 ’

1368 428 1437 461 Dat.
1455 430 1529 468 apud
1545 430 1676 462 Walton.
1692 430 1773 469 super
1786 430 1890 470 Mare,
1906 430 2044 463 vicesimo
2057 431 2164 464 octavo
2176 432 2322 473 diejunii.
2369 444 2373 450 ·
2408 460 2412 470 ,

1502 569 1552 600 De
1570 569 1688 600 Mutuo
1705 578 1725 599 a
1744 567 1890 615 Religiqfis
1900 578 1955 614 pro
1975 566 2107 615 Passagio
2128 572 2228 617 Regis.
2276 550 2290 553 »

1331 654 1445 710 REX
1461 654 1624 694 Omnibus,
1642 655 1676 686 ad
1691 665 1780 695 quos,
1799 657 1859 688 &c.
1877 656 2010 688 Salutem.
2368 660 2371 666 ’
2414 665 2490 697 Ann.
2505 666 2548 701 D.

1428 694 1527 725 Sciatis
1542 694 1612 724 Nos
1624 695 1768 739 recepiffe
1789 695 1825 726 de
1842 695 1960 727 Dilecto
1974 696 2057 727 nobis
2079 697 2109 727 in
2130 696 2253 730 Christo
2437 705 2524 748 1338,

1330 728 1431 762 Priore
1451 732 1585 763 Ecclesiae
1603 731 1710 762 Christi
1729 732 1955 772 Cantuariensis,
1989 745 2039 773 per
2061 744 2181 775 manus,
2213 722 2468 773 Dii'eetorum-An.
2487 756 2528 775 12.

1331 766 1515 801 Clericorum
1528 770 1711 810 nostrorum,
1729 771 1908 804 Roberti.de
1929 773 2134 813 Wedehouse,
2152 776 2328 808 Thefaurarii
2343 787 2398 809 no-
2415 788 2443 811 Ε.
2470 794 2496 822 3.

1330 805 1400 846 stri,
1415 810 1448 840 &
1466 809 1603 848 johannis
1624 809 1660 840 de
1682 810 1862 850 Leycestria,
1880 813 1962 843 unius
1981 813 2210 846 Camerariorum
2231 816 2396 848 nostrorum
2415 823 2535 853 Alcman.

1332 845 1368 876 de
1380 848 1531 879 Scaccario
1546 847 1664 887 nostro,
1949 875 1951 878 Α
2363 874 2365 881 .
2423 871 2465 889 η,
2480 867 2508 890 Ε,
2522 873 2548 900 3,

1347 889 1350 890 ’
1369 885 1414 916 Ex
1433 887 1516 918 causa
1539 886 1656 926 Mutui,
1674 897 1728 925 pro
1747 886 1877 928 passagio
1897 888 2000 921 nostro
2020 890 2114 922 versus
2134 900 2223 930 partes
2241 894 2441 937 transmari-Vp.
2461 911 2529 930 i.m.

1331 934 1380 955 nas
1908 950 1910 952 f
2404 938 2407 941 ¹

1371 949 1492 995 ssiversa
1504 964 1737 1003 Vesiellamenta,
1757 965 1794 996 &
1807 965 1858 996 alia
1872 965 2037 1004 subscripta,
2054 967 2204 1009 videlicet,
2420 949 2462 967 ω’

1369 1002 1477 1034 Unum
1491 1003 1622 1034 Calicem
1636 1003 1695 1043 auri
1708 1003 1914 1042 cumPatenfi,
1934 1005 1960 1035 A
1982 1006 2091 1037 mellata
2105 1008 2133 1037 in
2147 1007 2280 1040 Poniello
2295 1009 2398 1050 pedis,

1332 1040 1471 1073 Ponderis
1484 1042 1675 1082 Qadraginta
1690 1043 1724 1073 δε
1739 1041 1876 1073 Duorum
1888 1043 1949 1074 Soli
1970 1053 2072 1083 orum,
2089 1046 2123 1076 &
2175 1048 2279 1087 uirique
2299 1048 2399 1080 Dena-

1330 1081 1457 1120 riorum,
1475 1081 1562 1113 Pretii
1577 1081 1733 1122 Viginti&
1749 1081 1890 1122 Quinque
1903 1081 2074 1122 Librarum,
2092 1084 2126 1116 &
2175 1092 2263 1129 ovem
2281 1086 2398 1120 Solido-

1330 1129 1394 1150 I'Um
1510 1140 1514 1144 ·
1552 1131 1553 1137 ’

1347 1160 1352 1161 ’
1369 1145 1411 1189 Et’
1427 1169 1518 1190 unum
1541 1158 1672 1190 Calicem
1692 1160 1767 1198 auri,
1785 1169 1853 1190 cum
1866 1158 1989 1198 patena,
2008 1169 2075 1190 cum
2089 1159 2321 1204 Scucheonibus,
2378 1176 2399 1191 ⁷-

1331 1197 1444 1229 mellata
1465 1199 1494 1228 in
1518 1198 1614 1236 Pede,
1634 1197 1771 1229 Ponderis
1789 1198 1843 1228 Tri
1865 1199 1920 1229 inta
1940 1200 1973 1230 &
1993 1197 2129 1230 Duorum
2151 1200 2334 1243 Solidorum,
2362 1176 2396 1236 ἐς
2450 1236 2453 1237 ⁷
2544 1229 2556 1239 ,

1332 1236 1466 1274 Qatuor
1489 1236 1701 1275 Denariorum,
1719 1236 1808 1268 Pretii
1862 1245 1944 1268 ecem
1963 1238 1996 1269 ὃ(
2019 1235 2144 1269 Novem
2169 1238 2344 1282 Librarum,
2361 1244 2396 1276 ὃ(
2433 1248 2435 1251 ’
2497 1247 2500 1251 ’
2520 1249 2521 1252 ’

1331 1274 1414 1306 Octo
1428 1275 1593 1307 Solidorum
1603 1299 1613 1315 ‚

1368 1313 1474 1345 Unum
1489 1313 1620 1345 Calicem
1634 1315 1758 1354 argenti,
1778 1313 1926 1355 dupliciter
1942 1314 2118 1346 Deautatum
2132 1316 2165 1347 &
2189 1316 2216 1348 A
2236 1317 2405 1360 melianum,-

1329 1361 1398 1382 cum
1415 1352 1538 1391 Pateria,
1558 1353 1755 1392 ingravatum,
1774 1353 1809 1384 de
1821 1353 1934 1385 diversis
1950 1352 2140 1394 Imaginibus,
2158 1355 2187 1385 in
2234 1356 2240 1385 i
2260 1357 2301 1389 ho
2314 1356 2397 1390 Pedis

1330 1391 1364 1421 &
1377 1392 1406 1421 in
1422 1391 1556 1424 Porriello
1573 1392 1673 1430 Pedis,
1695 1392 1831 1424 Ponderis
1853 1391 2006 1423 Undecim
2029 1391 2214 1433 Marcarum,
2291 1396 2409 1437 Viginti,

1328 1428 1520 1462 Denariorum
1530 1454 1539 1469 ,
1558 1430 1645 1462 Pretii
1661 1431 1892 1470 Qatuoidecini
1909 1431 2079 1470 Librarum,
2094 1433 2271 1471 Qindecim
2283 1434 2399 1468 Solido-

1329 1478 1412 1508 rum,
1430 1469 1464 1500 &
1480 1469 1562 1500 Οέὶο
1579 1469 1791 1509 Denariorum‚

1368 1507 1474 1539 Unum
1491 1508 1621 1539 Calicem
1634 1509 1708 1547 auri,
1722 1519 1791 1539 curn
1805 1507 1926 1547 Pateria,
1945 1508 2137 1549 Aymellatum
2150 1510 2178 1544 in
2195 1508 2329 1543 Pomello
2341 1511 2397 1544 Pe-

1329 1545 1386 1583 dis,
1406 1546 1545 1578 Ponderis
1558 1548 1693 1586 Qatuor
1710 1547 1874 1578 Marcarum
1885 1548 2043 1587 ,Qiinque
2057 1547 2284 1588 Solidorum&
2299 1551 2397 1590 Qiin-

1329 1595 1386 1622 que
1399 1585 1593 1655 ISDeiziariorum
1602 1609 1612 1625 ,
1621 1586 1708 1617 Pretii
1719 1586 1849 1626 Triginta
1863 1588 1898 1619 ὅτ
1915 1587 2054 1626 Qinquc
2069 1586 2240 1628 Librarum,
2251 1589 2285 1620 &
2301 1589 2398 1629 Qin·

1329 1633 1385 1662 que
1419 1635 1458 1654 oi
1479 1635 1579 1662 orum,

1366 1662 1474 1694 Unum
1503 1664 1707 1695 Scucheonem
1734 1673 1851 1694 aureum
1900 1663 2047 1696 uadratum
2068 1689 2078 1704 ,
2110 1674 2187 1696 cum·
2199 1664 2257 1697 unii.
2278 1666 2400 1705 Saphiro

1329 1701 1431 1740 magna
1450 1704 1479 1733 in
1503 1702 1618 1740 medio,
1643 1712 1711 1734 cum
1736 1702 1860 1734 Duobus
1913 1703 2040 1736 meraldis
2055 1728 2066 1742 ,
2091 1702 2218 1737 Duobus
2239 1703 2338 1746 Bales‚
2364 1704 2404 1738 &³

1329 1740 1464 1809 (Qffituor
1478 1741 1572 1772 Perles
1584 1740 1761 1780 Orientales,
1777 1740 1867 1773 'Pretii
1881 1741 1992 1780 Viginti
2005 1741 2188 1782 Marcarum,
2222 1764 2224 1769 ,
2244 1763 2246 1765 -
2326 1747 2328 1750 ”
2398 1760 2402 1762 >

1404 1789 1474 1811 num
1489 1780 1694 1811 Scucheonem
1708 1781 1784 1819 auri,
1802 1790 1872 1811 cum
1886 1779 1963 1812 Uno
1986 1781 2140 1814 Ameraldo
2163 1790 2274 1851 mffno
2287 1783 2317 1814 in
2336 1793 2401 1815 rne-

1328 1816 1395 1856 dio,
1415 1828 1486 1848 curn
1508 1819 1640 1858 Qatuor
1662 1817 1838 1857 Ameraldis,
1864 1819 1998 1858 Qatuor
2019 1818 2114 1858 Bales,
2140 1820 2174 1851 &
2229 1821 2280 1853 cto
2302 1821 2400 1855 Perlae

1328 1855 1487 1888 Orientales
1502 1858 1532 1887 in
1546 1857 1789 1896 circumferentia,
1806 1856 1894 1889 Pretii
1910 1857 2025 1889 Decem
2041 1857 2212 1898 Librarum,

1368 1894 1475 1926 Unum
1505 1896 1706 1927 Scucheonem
1730 1897 1789 1927 auri
1806 1919 1815 1935 ,
1846 1907 1914 1928 curn
1934 1906 1994 1938 uno
2017 1896 2173 1929 Ameraido
2191 1898 2221 1928 in
2241 1898 2339 1930 medio
2360 1899 2396 1932 ὃς

1330 1933 1464 2003 Ωῧῖυοι·
1477 1934 1574 1974 Bales,
1592 1934 1679 1966 Pretii
1693 1934 1841 1974 Sexaginta
1854 1935 2037 1974 Solidorum,
2182 1938 2185 1940 ’

1403 1984 1473 2004 num
1495 1974 1696 2005 Scucheonem
1720 1976 1794 2012 auri,
1813 1983 1882 2004 curn
1902 1973 1958 2005 una
1979 1974 2086 2011 magna
2098 1974 2217 2012 Saphiro
2230 1976 2259 2006 in
2278 1975 2396 2016 medio,

1329 2011 1464 2050 Qatuor
1483 2012 1620 2052 saphiris,
1637 2014 1772 2052 Qatuor
1794 2012 1934 2051 Rubinis,
1952 2012 1986 2044 ὃ(
2005 2013 2062 2043 aliis
2086 2012 2260 2051 Saphiris‘&
2285 2013 2398 2055 Perles,

1329 2049 1416 2082 Pretii
1428 2050 1511 2082 Οᾶο
1525 2051 1679 2082 Librarum
1687 2076 1696 2090 ,
1855 2073 1857 2076 .

1369 2089 1477 2120 Unum
1489 2089 1692 2121 Scucheonem
1713 2090 1787 2129 auri,
1807 2099 1875 2121 cum
1895 2088 1952 2120 una
1974 2088 2080 2128 magna
2099 2089 2221 2128 Saphiro
2232 2091 2262 2121 in
2281 2091 2399 2131 medio,

1331 2138 1400 2159 cum
1417 2129 1475 2160 aliis
1497 2129 1618 2168 Saphiris
1635 2153 1645 2168 ,
1670 2128 1813 2169 Gatnettis
1832 2130 1873 2168 &x
1888 2127 1984 2159 Peries
1998 2151 2010 2169 ,
2034 2127 2121 2168 Pretii
2142 2129 2279 2168 Quatuor
2298 2129 2402 2162 Libra-

1330 2177 1394 2198 rum

1367 2191 1474 2238 Uirum
1489 2206 1691 2238 Scucheonem
1706 2208 1782 2244 auri,
1801 2216 1869 2237 cum
1885 2205 1988 2245 magna
2003 2204 2122 2244 saphiro
2138 2206 2166 2237 in
2182 2205 2297 2246 medio,
2312 2205 2400 2239 Duo-
2445 2230 2451 2233 -

1328 2245 1381 2276 bus
1397 2246 1574 2284 Ameraldis,
1594 2246 1717 2277 Duobus
1730 2245 1871 2284 Rubinis,
1889 2246 1923 2277 ὃς
1939 2245 2074 2284 Qatuor
2087 2244 2196 2288 Perles,
2213 2245 2301 2277 Pretii
2317 2246 2399 2288 Qua-

1328 2284 1490 2315 tuordecim
1506 2284 1688 2323 Solidorum,
2164 2284 2168 2294 ⁴

1350 2322 1686 2392 ·U”§¹¹¹1¹·dF³‘m²²⁰”³⁰m
1701 2323 1774 2362 auri,
1793 2332 1863 2354 curn
1886 2322 1941 2354 Sex
1959 2321 2136 2361 Ameraldis,
2153 2321 2242 2354 Pretii
2266 2322 2398 2364 Qadta-

1349 2370 1405 2391 inta
1438 2372 1477 2392 oi
1499 2372 1582 2393 orum

1328 2370 1347 2402 g
1367 2400 1469 2431 Unam
1483 2386 1618 2438 Saffirui'ri
1632 2400 1669 2430 de
1682 2400 1822 2431 Orientali
1834 2409 1912 2441 pent.
1932 2410 2001 2431 cum
2018 2399 2138 2431 Duabus
2158 2399 2270 2439 Perles,
2288 2400 2398 2432 Tribus

1329 2438 1506 2477 Ameraidis,
1525 2440 1558 2471 δε
1572 2440 1679 2470 Tribus
1693 2439 1833 2478 Rubinis‚
1851 2437 1936 2470 Pretii
1951 2438 2066 2469 Decem
2083 2437 2267 2477 Marcarum,
2390 2477 2397 2484 .

1369 2478 1472 2509 Unam
1489 2478 1624 2509 Saffirum
1641 2478 1818 2509 Orientalem
1831 2487 1907 2517 pent.
1929 2488 1999 2509 cum
2011 2488 2072 2509 uno
2083 2487 2173 2516 parvo
2187 2476 2293 2516 Baieis,
2310 2476 2398 2508 Pretii

1332 2516 1532 2556 Quadraginta
1546 2517 1711 2548 Solidorum
1721 2540 1731 2557 ,

1368 2555 1474 2587 Unum
1490 2556 1572 2587 Perit.
1591 2566 1660 2587 cum
1672 2566 1730 2587 uno
1745 2555 1833 2586 Baleis
1848 2556 1877 2586 in
1893 2554 1989 2586 medio
2001 2554 2099 2593 gamit.
2117 2552 2154 2584 de
2166 2552 2310 2584 Amerald.
2326 2553 2397 2585 Pre-

1330 2596 1361 2625 tii
1376 2595 1510 2634 Qatuor
1527 2595 1695 2632 Librarum,
2087 2630 2102 2636 ..
2211 2632 2217 2637 ⁹
2335 2632 2340 2637 ῃ

1366 2633 1474 2664 Unum
1497 2633 1625 2664 Anulum
1645 2634 1721 2670 auri,
1736 2642 1805 2663 cum
1826 2629 1998 2676 Ameraldo,
2017 2628 2103 2662 Pretii
2116 2629 2267 2672 Sexaginta
2281 2630 2397 2662 Solido-

1328 2681 1393 2702 rum
1470 2687 1472 2690 >
1702 2688 1706 2689 ν
1722 2685 1726 2689 ·
1831 2685 1849 2690 ’·
2103 2685 2106 2687 ·
2325 2701 2328 2705 .

1368 2695 1475 2741 U³num
1497 2710 1626 2741 Anulum
1650 2709 1725 2747 auri,
1743 2718 1812 2747 cum
1833 2718 1892 2739 uno
1914 2707 2007 2746 Bales,
2026 2706 2114 2738 Pretii
2133 2708 2270 2746 Triginta
2282 2707 2398 2739 Solido-

1329 2757 1393 2779 rum

1366 2773 1473 2817 Unum
1490 2786 1616 2818 Anulum
1631 2787 1707 2824 auri,
1725 2795 1792 2817 cum
1805 2785 1861 2816 una
1873 2785 1994 2823 Saphiro
2007 2784 2126 2824 magna,
2144 2784 2231 2819 Pretii
2247 2785 2398 2826 Qiinqua-

1329 2826 1406 2863 ginta
1420 2825 1587 2856 Solidorum
1601 2849 1609 2864 ,
1914 2858 1918 2862 Α

1365 2864 1470 2895 Unum
1484 2864 1610 2895 Anulum
1624 2864 1698 2902 auri,
1711 2873 1782 2894 cum
1794 2863 1915 2901 Saphiro
1929 2863 1964 2895 δε
1978 2861 2134 2894 Ameraldo
2147 2863 2177 2893 in
2193 2861 2397 2894 circumferen-

1327 2903 1382 2939 tia,
1402 2902 1487 2933 Pretii
1502 2903 1635 2934 Triointa
1650 2902 1831 2940 Solidorum,

1366 2942 1385 2960 ³¹³
1407 2942 1485 2982 Qae
1499 2927 1614 2980 quidem
1631 2941 1863 2978 Veffellarnenta‚
1882 2940 1916 2971 &
1930 2940 1980 2971 alia
2013 2937 2103 2972 omlia
2125 2938 2277 2978 praedida,
2295 2940 2396 2978 praefa-
2414 2952 2434 2973 ιιι
2445 2955 2481 2982 v,
2500 2954 2546 2982 6,,

1327 2988 1359 3011 to
1375 2979 1468 3011 Priori
1483 2980 1626 3012 restituere
1658 2980 1704 3011 vel
1719 2980 1842 3018 pretium
1855 2979 1922 3010 inde
1937 2979 1969 3017 (si
1996 2980 2036 3010 lbi
2057 2988 2118 3009 non
2141 2977 2331 3016 restituantur)
2353 2980 2395 3019 ei-

1328 3019 1395 3049 dem
1411 3018 1517 3057 Priori,
1538 3021 1567 3049 in
1584 3005 1668 3050 Festo
1684 3019 1817 3050 omnium
1833 3018 2007 3049 Sanctorum
2021 3018 2158 3057 proximo
2171 3017 2290 3056 futtuo,
2306 3016 2341 3048 ad
2353 3018 2397 3049 ul·

1328 3059 1451 3096 timum,
1469 3058 1577 3088 solvere
1592 3058 1785 3097 promittimus
1801 3056 1877 3088 boni
1889 3055 1953 3087 fide.
2195 3064 2197 3067 ’

1366 3096 1400 3127 In
1413 3098 1507 3136 qu'us,
1525 3098 1586 3128 &c.

1364 3177 1454 3209 Teste
1465 3177 1549 3217 Rege
1562 3176 1636 3218 apud
1649 3175 1780 3207 Walton.
1798 3173 1938 3207 vicefimo
1951 3174 2057 3205 ottavo
2070 3172 2116 3204 die
2126 3173 2215 3214 Junii.

1832 3256 1887 3285 Per
1902 3257 1996 3284 Breve
2009 3255 2042 3285 de
2054 3258 2176 3286 Privato
2187 3254 2287 3294 sigillo.

1411 3403 1461 3435 De
1475 3398 1670 3444 Potestatibus
1688 3401 1983 3433 Locum-tenentium
2003 3401 2091 3447 Regis
2105 3402 2137 3432 in
2151 3401 2199 3434 Va
2212 3400 2308 3432 conia.

1328 3488 1447 3548 REX
1464 3489 1626 3529 Omnibus,
1643 3490 1678 3520 ad
1692 3499 1783 3528 quos,
1801 3490 1863 3521 &c.
1879 3488 2014 3520 Salutem.
2208 3522 2211 3525 ,
2407 3497 2484 3530 Am·
2497 3499 2539 3531 D.

1426 3528 1576 3559 Noveritis
1589 3529 1670 3568 quod
1685 3528 1770 3568 Nos,
2127 3565 2133 3571 ·
2215 3536 2218 3538 ·
2240 3562 2246 3568 ·
2430 3540 2516 3580 1338-

1362 3566 1411 3597 De
1431 3567 1560 3598 fidelitate
1579 3567 1697 3605 probata
1717 3568 1750 3597 &
1772 3566 2029 3610 circumspectione
2049 3562 2170 3610 provida
2204 3561 2388 3606 Dilee‘rorum
2405 3581 2458 3606 An·
2480 3588 2523 3606 η.

1323 3607 1357 3637 &
1379 3604 1518 3636 Fidelium
1538 3606 1722 3644 nostrorum,
1742 3605 1910 3636 Bernardetti
1931 3605 2061 3635 Domim
2077 3602 2151 3647 dela
2163 3587 2250 3646 fitero
2263 3599 2388 3644 Viceco-
2405 3620 2436 3644 E.
2458 3626 2483 3652 3·

1325 3645 1400 3674 mitis
1414 3644 1566 3682 Tartasiae‚
1586 3645 1619 3675 δε
1633 3643 1744 3684 Oliveri
1759 3644 1800 3674 de
1809 3644 1931 3684 Ingham
1944 3641 2092 3674 Senescalli
2114 3639 2205 3672 nostri
2224 3638 2386 3677 Vaseoniae,
2408 3655 2475 3692 Vasc.
2495 3663 2537 3682 η-

1323 3683 1436 3721 plenam
1448 3682 1582 3713 fiduciam
1594 3690 1784 3721 reportantes,
2012 3684 2013 3687 ’
2092 3691 2093 3694 ’
2369 3717 2374 3722 .
2406 3698 2436 3722 Ε.
2453 3703 2480 3732 3·
2493 3702 2530 3721 m·
2558 3711 2562 3718 ·

1366 3720 1575 3751 Constituimus
1589 3721 1661 3758 ipsos
1676 3721 1797 3751 Locum
1809 3719 1937 3751 nostrum
1950 3719 2098 3751 Teneritas
2110 3718 2142 3749 in
2154 3712 2270 3747 Ducam
2287 3715 2390 3754 praedi-
2409 3741 2434 3770 3·

1327 3759 1394 3798 (sto,
1412 3761 1446 3791 δε
1462 3760 1518 3790 aliis
1533 3759 1632 3790 Terris
1646 3759 1749 3789 nostris
1760 3759 1868 3789 ibidem
2247 3793 2252 3798 ‚
2382 3793 2389 3800 ⁸

1365 3797 1474 3828 Dantes
1489 3799 1523 3829 ὃς
1539 3797 1740 3828 Concedentes
1753 3798 1857 3840 eisdem
1871 3782 2028 3841 plenariam
2042 3792 2218 3838 Potestatem
2225 3791 2390 3831 disponendi

1327 3836 1362 3866 &
1384 3836 1530 3867 ordinandi
1550 3836 1587 3866 de
1604 3837 1741 3867 omnibus
1762 3837 1795 3868 δε
1812 3836 1937 3874 lingulis,
1953 3844 2016 3872 quae
2032 3843 2100 3869 nos,
2117 3841 2146 3862 ln
2168 3831 2271 3861 eisdem
2291 3831 2390 3876 Duca-

1327 3883 1358 3905 tu
1380 3876 1414 3906 ὅ(
1434 3875 1554 3914 Terris,
1578 3885 1611 3906 ac
1633 3875 1826 3907 Salvationem
1844 3875 1877 3905 &
1897 3874 2066 3911 Tuitionem
2087 3869 2257 3900 eorumdem
2277 3878 2392 3902 contin*

1350 3921 1399 3943 unt

1327 3922 1347 3950 g
1364 3937 1565 3983 Et'Malitiam
1586 3952 1774 3982 Inimicorum
1795 3951 1829 3981 &
1844 3949 2009 3980 Rebellium
2022 3945 2206 3986 nostrorum,
2223 3957 2261 3992 ²3⁶.
2273 3946 2388 3991 Jurium

1325 3989 1490 4021 nostrorum
1512 3989 1676 4021 Invasorum
1697 3990 1732 4021 &
1754 3989 1991 4025 Occupatorum,
2008 3993 2139 4023 potenter
2161 3986 2195 4017 &
2210 3985 2323 4016 viriliter
2341 3994 2389 4016 re-

1325 4027 1445 4065 pellendi
1465 4030 1500 4061 ὃς
1519 4028 1712 4067 reprimendi,
1729 4029 1764 4060 δε
1785 4027 1864 4065 super
1883 4024 1961 4064 Ipsos
1979 4022 2016 4054 de
2030 4022 2144 4055 Guerra
2159 4024 2193 4063 (si
2205 4034 2278 4063 opus
2291 4022 2391 4099 fugai)-
