2562 4279
0 308 65 342 Rnn.
77 303 118 339 D.

11 355 95 389 1332·

0 390 56 418 Zdv-
76 395 89 421 3
94 406 100 413 ·

0 507 63 540 &nn-
78 505 120 537 D.
141 497 198 553 R

10 552 94 587 1332·

0 590 39 613 471.
57 586 84 613 6.

0 645 79 690 bidein
84 681 90 688 .

0 815 6 831 *
24 817 76 843 IV.

0 862 56 889 ‚¹27-

0 3036 73 3068 Ann.
88 3034 131 3066 D.

16 3084 103 3115 1332-

0 3122 50 3145 An.
66 3116 93 3142 6.

0 3160 27 3183 E.
48 3162 73 3189 3.

0 3195 63 3222 Clau
77 3212 84 3219 ·

0 3233 64 3260 6.1-:.
81 3243 104 3270 3.

0 3280 70 3299 m.2.
84 3272 110 3299 d.

0 3551 17 3567 ³¹¹
43 3551 96 3578 IV.

0 3587 67 3623 528.

699 215 811 262 ET
891 214 1161 259 'ACTA

314 405 364 438 De
377 402 636 444 proclamatione,
654 401 746 448 fitper
765 398 842 432 disto
860 398 1018 433 Traetasu.

200 497 260 529 EX
274 497 453 529 Vicecomiti
467 496 628 535 Dubliniae,
646 495 777 527 Salutem.

237 536 319 567 Cum
334 537 418 574 Nos,
884 570 888 575 ¹
950 570 955 575 ,
1047 569 1051 575 ,
1102 569 1107 575 ‚

175 573 225 604 De
240 575 369 606 fidelitate
381 576 414 606 ὃ(
428 574 681 612 circumspefflone
697 570 830 610 provida,
848 569 957 614 13116611
971 570 1004 600 ὃς
1021 569 1121 613 Fidelis
1143 579 1196 613 no-

138 609 204 650 stri,
223 613 323 644 Fratris
344 614 452 651 Rogeri
473 613 625 650 Outlawe,
652 611 756 641 Prioris
777 608 929 646 Hospitalis
950 608 1046 638 Sancti
1060 608 1198 646 johannis

134 648 285 687 Jerusalem
302 653 329 680 in
345 651 500 689 Hibernia,
519 651 641 689 plenarie
656 648 850 691 confidentes,
909 685 912 689 ³
1013 686 1016 690 Ι
1148 685 1153 691 ,
1191 686 1196 690 η

176 689 231 719 Ρ61
246 690 352 720 Literas
364 689 471 719 nostras
485 690 630 726 Patentes,
646 688 717 716 inter
730 686 781 716 aha
791 708 800 723 ,
819 685 978 714 dederimus
993 685 1086 714 eidem
1107 684 1198 715 Priori

139 726 329 766 Potestatem,
347 728 380 758 ad
400 727 576 759 tractandum
596 734 665 755 cum
686 725 818 754 omnibus
840 724 873 754 &c
896 723 1006 761 lingulis
1022 722 1198 762 Capitaneis,

137 766 196 795 tarn
212 766 360 804 Anglicis,
379 767 465 804 quam
480 765 661 800 Hibernicis,
901 801 906 805 ν
931 800 936 804 ¹

176 804 195 823 ³*
217 805 280 844 Qi
302 805 330 834 in
352 805 452 835 efidem
467 802 557 833 Terra
574 809 674 832 contra
695 800 782 838 Nos,
800 801 834 831 &
860 798 1028 838 Ministros,
1052 810 1084 830 ac
1107 799 1201 831 fideles

137 841 266 881 nostros,
294 842 400 873 ibidem
417 840 524 872 diversa
545 840 700 877 Facinora,
726 849 776 877 per
801 839 1013 882 Occupationes
1030 838 1063 868 &
1081 838 1202 869 Destru-

138 880 248 910 &iones
261 882 416 912 Terrarum
429 878 586 909 nostrarum
620 879 653 909 &
665 877 808 908 dictorum
824 876 962 907 Fidelium
975 876 1138 907 nostrorum
1147 901 1157 916 ,
1171 878 1201 907 in

137 918 240 949 eisdem
257 920 395 958 partibus,
413 927 445 948 ac
458 917 514 947 aliis
530 902 624 947 modis
644 917 773 955 diversis,
791 915 924 946 haetenus
945 915 1088 954 fecerunt,
1106 916 1140 946 &
1161 916 1202 946 fa-

137 957 234 996 ciunt,
1113 993 1118 998 ,

176 995 227 1025 De
239 992 379 1027 veniendo
393 993 427 1024 ad
441 993 548 1025 Pacem
562 994 596 1025 &
610 994 741 1025 Gratiam
757 994 882 1024 nostram
891 1015 900 1030 ,
917 1001 968 1030 per
981 1001 1069 1022 certas
1090 1002 1148 1023 vias
1168 993 1202 1024 &

140 1034 246 1064 modos
261 1057 270 1070 ,
295 1032 331 1062 de
352 1031 481 1062 Consilio
502 1033 536 1064 &
557 1032 740 1063 Avisamento
758 1032 907 1071 Justiciarii
920 1054 929 1068 ,
955 1030 1147 1074 ΟΞΠ-66111111,
1169 1032 1203 1061 &

140 1071 331 1109 Thesaurarii,
350 1070 515 1101 nostrorum
533 1073 562 1100 in
576 1071 653 1101 dieta
669 1071 761 1101 Terrfi
782 1070 878 1101 nostri
896 1070 1062 1108 Hiberniae,
1078 1079 1204 1099 concor-

138 1109 264 1140 dandum
279 1110 312 1139 &
325 1109 533 1148 ordinandum,
552 1117 637 1147 prout
652 1111 690 1140 eis
704 1120 758 1148 pro
771 1110 883 1140 honore
898 1107 997 1138 nostro
1012 1109 1045 1139 &
1067 1117 1203 1138 commo-

140 1148 180 1178 do
195 1147 337 1178 videbitur
351 1147 531 1187 faciendum,

179 1184 225 1216 Ac
245 1187 330 1217 etiam
346 1187 381 1216 ad
400 1187 595 1224 recipiendum
615 1186 649 1216 ad
671 1187 775 1216 Pacem
792 1186 825 1216 ὃς
849 1185 978 1216 Gratiam
1001 1184 1144 1228 nostram,
1168 1184 1204 1215 de

139 1222 272 1254 Consilio
293 1225 327 1255 &
351 1225 534 1255 Avisamento
552 1225 721 1255 eorumdem
736 1248 745 1262 ,
767 1223 934 1262 Justiciarii,
960 1221 1145 1260 Cancellarii,
1169 1224 1204 1254 &

138 1261 333 1300 Thesaurarii,
351 1262 497 1293 Homines
520 1263 701 1301 Mediocres,
721 1264 781 1292 tam
803 1262 958 1300 Anglicos,
986 1263 1073 1303 quam
1091 1261 1206 1305 'Hiber-

138 1301 239 1338 nicos,
258 1302 305 1338 qui
319 1302 356 1332 de
370 1301 529 1332 hu'usmodi
550 1302 734 1332 Facinoribus
758 1301 908 1338 culpabiles
927 1300 1003 1336 sunt,
1023 1304 1068 1330 1611
1089 1302 1204 1338 irretiti,

137 1349 190 1377 per
212 1339 313 1378 Fines,
330 1339 375 1370 seu
432 1339 642 1378 edemptiones,
658 1340 691 1370 ad
713 1349 784 1377 opus
800 1339 930 1369 nostrum
947 1338 1143 1378 recipiendOS,
1159 1340 1206 1370 vel

137 1387 192 1416 pro
214 1385 255 1408 ter
270 1377 403 1417 obsequia
417 1379 494 1409 utilia
508 1379 541 1409 &
556 1379 715 1417 fruCtuosa,
733 1379 815 1408 nobis
828 1387 877 1416 per
894 1377 964 1414 ipsos
980 1376 1113 1407 facienda.

209 1425 219 1447 t
233 1416 342 1454 insuper
355 1417 577 1448 concesserimus
591 1417 671 1454 quod
686 1426 787 1447 omnes
801 1417 834 1447 &
849 1415 963 1455 singuli,
976 1416 1025 1453 qui
1041 1425 1108 1445 cum
1124 1415 1204 1447 disto

138 1453 258 1493 Priore,
282 1455 362 1493 super
382 1455 526 1494 praemisfis
539 1478 550 1494 ,
573 1455 619 1487 vel
640 1465 741 1486 eorum
760 1455 855 1493 aliquo
869 1478 878 1492 ,
905 1455 1021 1484 tractare
1040 1454 1205 1493 voluerint,

139 1492 216 1524 salvo
230 1494 264 1525 &
278 1493 389 1532 secure,
409 1493 459 1524 sub
475 1493 549 1524 Pace
563 1493 659 1524 nostrai
669 1517 678 1532 ,
696 1495 730 1525 &
746 1492 931 1523 Protec'lione
946 1492 1061 1531 nostrai,
1079 1493 1113 1523 ad
1126 1493 1205 1536 loca,

139 1541 205 1570 quae
220 1541 269 1562 eos
284 1542 334 1570 per
348 1532 517 1570 praediCtum
542 1531 687 1570 Priorem,
706 1542 759 1570 pro
783 1531 963 1562 Traetatibus
983 1530 1142 1569 hujusmodi
1165 1539 1206 1561 te-

140 1569 259 1608 nendis,
283 1570 412 1607 affignari
434 1572 604 1609 contigerit,
628 1572 725 1601 venire
745 1570 876 1608 possint,
903 1571 935 1611 &c
958 1569 1065 1613 ibidem
1087 1571 1206 1607 morari,

139 1607 304 1640 durantibus
319 1608 499 1640 Tractatibus
510 1609 575 1647 illis,
594 1610 628 1640 &
642 1609 743 1640 exinde
755 1608 790 1638 ad
803 1617 892 1646 partes
909 1610 964 1638 suas
981 1607 1085 1645 redire,
1103 1608 1207 1645 absque

139 1657 178 1677 eo
199 1647 279 1685 quod
301 1657 417 1686 propter
438 1648 542 1686 aliquas
563 1647 652 1678 causas
665 1671 676 1686 ,
699 1657 828 1685 tempora
851 1646 996 1676 dietorum
1018 1646 1207 1690 T1·a6tatuum

139 1686 348 1724 praecedentes,
372 1686 557 1724 attestentur,
580 1685 627 1717 seu
647 1687 678 1715 in
698 1685 899 1723 Corporibus,
927 1684 1028 1722 Equis,
1046 1684 1206 1723 Hernesns,

141 1724 188 1755 vel
211 1724 268 1754 aliis
289 1725 371 1755 rebus
389 1724 458 1762 suis,
476 1723 659 1755 molestentur
677 1725 707 1754 in
726 1724 838 1761 aliquo,
864 1722 910 1752 seu
930 1731 1100 1765 graventur,
1123 1732 1207 1760 prout

140 1762 294 1800 praedi&us
315 1761 414 1802 Prior,
431 1773 481 1801 per
501 1762 606 1793 Literas
627 1762 685 1792 suas
707 1761 853 1799 Parentes,
873 1760 1001 1797 Anglicis
1019 1761 1052 1792 &
1067 1761 1206 1791 Hiberni-

140 1801 202 1839 cis,
220 1801 258 1832 sic
288 1801 405 1831 tractare
427 1801 604 1838 volentibus,
629 1801 750 1830 nomine
772 1799 889 1837 nostro,
914 1799 1023 1830 duxerit
1042 1800 1206 1830 conceden-

138 1838 228 1877 dum,
249 1847 334 1877 prout
347 1840 375 1869 in
392 1839 490 1870 Literis
503 1838 603 1869 nostris
616 1837 757 1877 praediitis
774 1838 882 1876 plenius
896 1839 1077 1875 continetur,

178 1877 249 1908 Tibi
292 1878 468 1916 raecipimus,
486 1876 605 1909 firmiter
627 1878 820 1916 injungentes,
838 1876 918 1915 quod
941 1877 968 1906 in
989 1877 1100 1916 singulis
1123 1877 1205 1915 locis,

139 1916 212 1947 infra
226 1915 273 1946 Bal
285 1917 359 1947 ivam
372 1924 467 1955 tuam,
485 1917 533 1947 ubi
549 1915 679 1954 expedire
692 1915 811 1954 videris,
829 1915 967 1953 praemiffa
981 1917 1077 1959 omnia
1101 1916 1134 1946 &
1154 1916 1207 1946 sin-

137 1953 203 1993 gula
224 1954 340 1993 publice
361 1956 530 1993 proclamari
549 1956 649 1992 facias,
668 1955 718 1993 &,
737 1955 877 1992 quantum
898 1953 933 1984 ad
959 1963 986 1984 te
1005 1962 1140 1991 pertinet,
1160 1953 1207 1984 fir-

138 1993 225 2023 miter
238 1995 344 2032 teneri,
362 1994 492 2030 ulterius,
510 1993 559 2024 sub
572 1995 651 2033 gravi
665 1993 839 2024 forisfactura
863 1992 976 2029 nostra,
993 1993 1151 2035 inhibendo
1170 1995 1208 2024 ne

136 2033 203 2069 quis
221 2031 352 2069 Anglicis
375 2032 421 2063 vel
443 2032 625 2069 Hibernicis,
643 2031 678 2062 ad
693 2032 823 2062 tractatus
838 2030 1000 2069 hujusmodl
1013 2031 1207 2071 venientibus,

139 2070 170 2099 in
193 2069 355 2106 veniendo,
373 2069 480 2099 ibidem
499 2069 657 2108 morando,
677 2070 710 2100 &
732 2069 834 2100 exinde
853 2069 888 2099 ad
910 2070 1024 2106 propria
1045 2069 1209 2109 redeundo,

139 2108 170 2137 in
192 2106 390 2145 Corporibus,
408 2106 515 2147 Equis,
530 2107 691 2146 Hernesiis,
708 2108 754 2139 vel
777 2108 834 2138 aliis
855 2107 938 2137 rebus
959 2108 1027 2146 suis,
1059 2107 1208 2147 Injuriam,

141 2143 329 2183 Molestiam,
347 2145 535 2185 Dampnum,
552 2146 796 2184 Impedimentum
817 2145 948 2184 aliquod,
973 2145 1135 2177 durantibus
1154 2156 1209 2177 tra-

142 2184 266 2214 aestatibus
280 2183 435 2222 praedietis,
454 2192 570 2223 propter
582 2186 683 2223 aliquas
699 2185 803 2222 causa5‚
821 2192 950 2222 tempora
970 2185 1135 2215 earumdem
1155 2194 1210 2216 tra-

142 2221 272 2265 &atuum
292 2222 499 2262 praecedentes,
523 2223 642 2262 inferat,
668 2223 713 2254 seu
734 2232 904 2263 gravamen,
922 2223 956 2255 ὃς
975 2223 1034 2255 hoc
1055 2223 1209 2255 nullatenus

142 2268 266 2290 omittas.

180 2298 269 2330 Teste
283 2299 366 2340 Rege
380 2299 453 2338 apud
469 2299 582 2339 Hanle,
601 2309 701 2339 quarto
715 2300 760 2332 die
774 2299 904 2340 Augusti.

879 2380 933 2408 Per
951 2378 1104 2409 Concilium.

269 2451 385 2483 Eodem
396 2453 487 2486 modo
501 2455 668 2487 mandatum
680 2455 721 2487 est
733 2455 907 2495 subscriptis,
925 2455 1073 2495 videlicet,

141 2530 296 2559 vicecomiti
310 2529 417 2559 Urielis.

142 2570 172 2597 V
174 2571 303 2597 icecomiti
316 2569 409 2598 Midd.

142 2608 295 2636 Vicecomiti
306 2606 417 2636 Kildar.

141 2647 172 2674 V
173 2647 297 2674 icecomiti
311 2643 481 2685 Waterford.

141 2685 173 2712 V
173 2686 298 2717 ieecomiti
313 2684 392 2713 Cork.

142 2723 172 2750 V
172 2724 298 2750 icecomiti
312 2723 425 2759 Lymer.

143 2762 296 2789 Vicecomiti
311 2762 332 2787 C
333 2770 426 2788 annac.

693 2531 838 2570 Senescallo
854 2532 1011 2562 Libertatis
1026 2531 1120 2562 Ulton.

694 2569 838 2608 Seneftallo
854 2571 1009 2601 Libertatis
1025 2574 1109 2600 Trim.

694 2608 838 2648 Senefiallo
855 2609 1010 2639 Libertatis
1027 2608 1172 2639 Cathlach.

694 2646 839 2686 Semfiallo
851 2648 1009 2677 Libertatis
1023 2647 1151 2677 Kilkenn.

693 2685 839 2724 Semstallo
851 2686 1007 2716 Libertatis
1026 2686 1188 2726 [Veyfhfhrd.

692 2723 840 2763 Senescallo
856 2725 1012 2755 Libertatis
1024 2727 1151 2763 Typerar.

694 2762 839 2802 Senefiallo
853 2764 1008 2794 Libertatis
1022 2766 1090 2793 Ker.

190 2895 406 2930 Ordinationes
424 2908 479 2944 pro
504 2899 624 2945 Capella
647 2901 753 2933 SanEZi
776 2900 923 2934 Edwardi
947 2905 979 2934 in
1004 2900 1104 2945 Castro
1127 2902 1164 2936 de

584 2949 630 2982 W
627 2947 754 2994 indeftr.

143 3031 253 3094 FET
267 3042 285 3061 a
307 3031 483 3069 remembrer,
501 3043 551 3073 que
572 3031 658 3100 ngstre
673 3036 797 3072 Seigneur
811 3035 837 3065 le
851 3038 906 3074 Ray
920 3036 962 3065 ad
970 3037 1065 3066 ordene
1080 3036 1118 3072 ὠ·
1134 3041 1210 3067 com-

213 3071 327 3100 maande
341 3081 392 3110 que
398 3070 433 3110 fiz
449 3069 574 3109 Chapelle
606 3083 620 3101 e
635 3075 710 3101 Seint
726 3074 870 3112 Edward,
878 3085 911 3103 en
927 3074 950 3103 le
964 3074 1074 3114 chastel
1087 3077 1118 3105 de
1128 3078 1211 3117 lVyn-

145 3106 247 3147 defizre,
258 3107 314 3147 soit
323 3109 407 3145 garde
423 3108 460 3144 ὠ
467 3108 561 3148 servie
573 3120 606 3139 en
619 3109 642 3139 le
658 3119 766 3141 manere
779 3122 829 3152 que
842 3112 945 3150 enfitit5

182 3146 207 3176 P
216 3154 294 3176 RIM
303 3155 321 3176 Ε
330 3155 342 3176 s
351 3169 361 3184 ,
375 3157 411 3177 en
435 3147 462 3178 le
475 3148 570 3178 honur
584 3147 621 3178 de
635 3148 713 3180 Dieu
749 3150 785 3180 de
799 3149 895 3180 nostre
906 3150 1021 3189 Darne,
1040 3152 1074 3183 &
1088 3152 1114 3181 le
1130 3151 1209 3182 Seint

144 3183 285 3223 Edward,
303 3193 356 3223 pur
370 3185 405 3229 li,
423 3185 457 3216 &
471 3196 524 3224 pur
545 3196 592 3217 ces
608 3174 794 3226 Auncesires,
812 3188 901 3220 soient
922 3188 1060 3227 illoeques
1082 3190 1209 3221 ordenez

145 3223 256 3262 Qatre
270 3222 455 3261 Chapelems,
473 3225 522 3262 qui
536 3225 626 3256 soient
645 3224 753 3256 Prodes
773 3226 906 3267 Homes,
925 3228 958 3258 &
981 3228 1017 3258 de
1038 3230 1115 3259 bone
1137 3239 1209 3259 con-

143 3260 259 3299 dicion,
278 3260 374 3305 dount
384 3271 440 3291 une
453 3262 490 3292 de
502 3272 556 3293 eux
567 3263 638 3295 serra
649 3263 732 3296 Chef
741 3264 897 3303 Chapelein
908 3265 945 3296 de
968 3266 993 3297 la
1015 3265 1156 3306 Chapele,
1175 3268 1208 3299 &

144 3299 183 3330 les
196 3308 287 3331 autres
300 3298 388 3330 Trois
402 3299 591 3332 Secundaires.

183 3337 291 3368 ITEM
305 3360 315 3376 ,
337 3336 528 3382 deuxclers,
554 3349 610 3378 que
629 3341 718 3371 soient
735 3342 771 3374 de
795 3344 872 3375 bone
893 3343 1060 3381 condition,
1086 3344 1119 3375 &
1142 3344 1208 3374 bien

143 3376 321 3414 chauntanz‚
341 3376 375 3407 &
387 3376 496 3416 scient,
511 3388 547 3408 en
559 3386 629 3409 touz
650 3380 766 3418 pointz,
784 3382 954 3413 entendantz
975 3393 1009 3413 au
1031 3382 1113 3413 Chef
1131 3382 1209 3413 Cha-

143 3415 237 3453 pelein
246 3438 256 3453 ,
274 3416 308 3446 ὃς
322 3424 338 3444 a
352 3413 390 3444 les
403 3422 491 3458 autres
504 3425 591 3454 quant
604 3417 699 3447 mestit
715 3417 774 3456 est,
788 3429 841 3456 pur
855 3421 960 3451 service
972 3421 1008 3451 de
1023 3421 1046 3451 la
1060 3421 1208 3461 Chapelle3

145 3464 163 3484 e
176 3454 299 3485 chescun
311 3452 360 3483 des
373 3452 517 3484 avantditz
530 3453 699 3492 Chapeleins
715 3456 820 3487 chaunt
831 3457 856 3487 sa
873 3458 968 3489 Messe
983 3459 1106 3490 chescun
1124 3462 1209 3499 jour,

145 3491 168 3523 fi
187 3500 268 3532 grant
290 3491 370 3522 cause
390 3501 427 3522 ne
441 3491 467 3522 16
480 3490 648 3532 (1611011106,
666 3493 740 3524 iffint
755 3494 814 3533 quil
827 3504 843 3531 y
857 3495 971 3536 soyent,
989 3497 1112 3528 chescun
1127 3500 1209 3537 jour,

146 3541 163 3561 a
184 3538 229 3561 tot
248 3530 275 3561 le
295 3529 408 3569 Mains,
423 3529 496 3560 deux
515 3530 640 3569 Messes,
656 3541 706 3569 par
721 3541 810 3571 note,
827 3533 885 3563 l'un
899 3533 935 3564 de
948 3535 1044 3565 nostre
1060 3536 1078 3555 ²*
1094 3536 1209 3575 Dame,

147 3569 181 3599 &2
193 3569 289 3600 l’autre
300 3568 340 3599 du
349 3569 434 3607 jour,
452 3568 486 3599 &
500 3577 590 3600 autres
603 3568 676 3600 deux
691 3570 728 3602 de
740 3572 889 3611 requiem,
906 3582 958 3610 pur
972 3572 1010 3602 les
1024 3573 1140 3613 Almes,
1160 3575 1208 3605 des

146 3606 317 3638 Auncestres
329 3606 426 3637 nostre
441 3606 581 3644 seigneur
591 3606 618 3637 le
630 3607 700 3639 Roi.

184 3644 210 3675 E
231 3646 366 3685 preingne
387 3645 413 3676 le
435 3644 517 3675 Chef
533 3645 690 3683 Chapelein
711 3655 748 3677 10
764 3646 844 3678 Mars
857 3658 905 3687 pat
920 3649 967 3680 An
983 3659 1036 3687 pur
1050 3658 1122 3681 totes
1135 3651 1208 3681 cho-

146 3682 200 3713 ses:
218 3685 253 3716 &
266 3684 389 3716 chescun
404 3683 453 3714 des
465 3693 553 3715 autres
567 3684 654 3715 Trois
667 3683 705 3715 C.
723 3685 808 3725 souz,
827 3687 861 3718 &
876 3688 914 3718 les
930 3688 1003 3719 deux
1019 3687 1117 3727 Clers,
1129 3689 1209 3720 ches-

124 3759 134 3769 ·
147 3731 205 3752 61111
218 3723 255 3753 (16
265 3732 319 3754 eux
335 3722 370 3753 L.
389 3722 475 3761 souz,
494 3732 546 3761 pur
559 3730 632 3753 totes
646 3722 753 3753 choses.

187 3759 225 3790 Et
238 3761 264 3792 le
276 3760 466 3792 Chaunceller
480 3761 507 3791 le
523 3761 597 3799 Roi,
618 3762 666 3799 qui
679 3761 747 3800 qu'il
758 3762 824 3801 soit,
842 3774 896 3802 pur
911 3775 966 3795 ceo
983 3765 1047 3803 qu'il
1068 3764 1110 3795 est
1130 3765 1213 3797 Chef

148 3795 188 3841 de
208 3796 233 3828 la
253 3798 380 3845 Chapele
393 3799 500 3843 'nostre
521 3800 656 3844 Seigneur
679 3799 704 3829 le
720 3800 796 3837 Roi,
814 3802 875 3845 sace
892 3803 1013 3844 chescun
1031 3803 1128 3834 Anim
1143 3813 1208 3835 tour

148 3834 265 3873 ffloeqes
297 3837 337 3868 s’il
351 3846 411 3875 puit
424 3848 475 3877 par
489 3837 604 3877 Congie
616 3838 652 3868 de
664 3837 760 3869 nostre
774 3839 914 3877 Seigneur
928 3841 954 3871 le
975 3841 1034 3871 Roi
1042 3864 1052 3879 ,
1071 3852 1124 3878 pur
1142 3853 1208 3873 veer

118 3901 121 3904 s
170 3882 206 3903 ue
227 3874 252 3903 la
268 3860 324 3907 dite
342 3876 471 3914 Chapele
484 3877 538 3907 soit
550 3879 625 3909 serue
637 3876 685 3907 des
699 3876 894 3916 Ornementz,
912 3879 948 3909 de
963 3879 1106 3919 Libraire,
1124 3882 1157 3912 &
1173 3881 1209 3912 de

179 3910 320 3955 hanoerie,
335 3924 370 3944 en
392 3915 417 3945 la
436 3925 551 3946 manere
573 3915 689 3953 susdite3
707 3916 741 3946 &
763 3915 824 3945 face
844 3915 937 3954 Brefs,
954 3916 990 3947 de
1005 3918 1135 3957 liberate,
1153 3930 1209 3958 que

146 3947 189 3978 les
210 3948 270 3980 dltz
291 3949 437 3984 Ministres
457 3953 548 3985 soient
568 3954 656 3984 seruiz
675 3953 711 3984 de
725 3953 788 3984 lour
801 3953 906 3993 Soldz,
923 3965 939 3986 a
953 3955 1027 3986 deux
1040 3964 1143 3988 termes
1163 3958 1208 3989 del

149 3986 197 4017 An
185 4008 226 4056 E²t
232 3986 340 4020 ficome
355 3990 396 4020 est
408 4001 491 4023 avant
501 3992 615 4023 ordene.

237 4025 258 4055 fi
271 4026 321 4057 nul
334 4027 383 4058 des
395 4031 539 4062 avantditz
551 4032 588 4062 vi.
603 4030 748 4062 Ministres
761 4031 813 4062 soit
827 4041 842 4061 a
857 4031 935 4062 Dieu
949 4034 1159 4073 commaunde‚
1168 4046 1207 4066 ou

145 4062 305 4107 oustrerar
319 4073 461 4106 certeynes
475 4069 646 4108 enchesons,
664 4080 719 4109 que
735 4070 761 4102 16
774 4069 963 4104 Chaunceller
977 4080 1067 4104 mette
1082 4083 1122 4104 un
1134 4082 1210 4105 autre

144 4111 203 4141 que
212 4101 267 4133 sort
280 4102 435 4134 suffisaunt:

169 4143 251 4176 ,Tm
269 4143 312 4179 11,
329 4143 363 4180 Ρ,
381 4144 439 4173 111

1242 215 1274 256 P
1312 216 1360 257 U
1397 215 1430 257 B
1467 215 1500 257 L
1535 217 1556 258 1
1589 217 1627 260 6
1663 219 1713 261 Α.·
2253 206 2303 258 ει

1279 301 1316 333 Et
1327 301 1378 332 soit
1390 301 1467 332 ceste
1481 301 1566 333 chose
1579 305 1706 335 enroulle
1721 306 1753 337 ὃς
1767 307 1833 337 bien
1849 305 1952 345 garde,
1968 311 2028 336 tant
2049 299 2104 344 que
2122 302 2217 335 nostre
2238 303 2298 336 Sei·
2317 299 2394 333 Ann.
2410 296 2454 338 D}

1240 349 1330 379 gneur
1342 339 1369 370 16
1384 340 1445 370 Roi
1459 342 1496 370 eit
1509 350 1586 372 autre
1599 343 1682 373 chose
1696 345 1809 375 ordene.
2316 350 2390 407 Est}
2396 350 2435 416 232

1288 460 1346 495 Ad
1367 464 1538 496 Henricum
1561 468 1728 499 Dominum
1757 466 1792 499 de
1818 468 1947 501 Sulliaco
1962 467 2053 515 super
2067 465 2255 510 Aristatione

1642 512 1764 548 Roberti
1787 517 1885 563 Lynel.

1308 594 1365 626 EX
1378 617 1387 632 ,
1412 592 1518 626 Nobili
1540 597 1628 635 Viro,
1655 594 1788 628 Domino
1807 598 1936 631 Henrico
1950 623 1958 638 ‚
1983 601 2118 631 Domino
2138 601 2173 631 de
2193 600 2298 643 Soilly,
2317 595 2393 627 Arm·
2409 594 2451 626 D«

1243 671 1273 701 ἃ
1325 633 1433 664 Α111160
1451 634 1500 664 suo
1523 636 1682 673 carissimo,
1700 636 1842 674 Salutem,
1861 640 1895 669 ὃς
1918 639 2030 669 [11166126
2053 640 2212 670 (111661101113
2228 640 2299 669 aste·
2320 644 2424 701 2332·

1275 681 1332 701 um,
2347 686 2371 702 ιι.
2389 679 2417 700 ὁ.

1281 709 1330 739 De
1348 709 1537 740 benivolentia
1556 711 1648 742 vestra
1662 735 1672 749 ‚
1698 712 1779 741 nobis
1801 713 1923 743 exhibita
1936 738 1945 751 ,
1969 714 2047 751 super
2069 715 2244 746 Arestatione
2266 717 2299 746 &
2318 717 2348 739 E.
2371 722 2396 748 3·

1243 747 1385 778 Custodia
1400 748 1524 779 Roberti
1540 749 1647 788 Lyncl,
1665 750 1753 779 nostri
1767 750 1898 788 Inimici,
1917 753 1950 781 ad
1971 753 2083 783 Sectam
2094 777 2102 791 ,
2121 755 2217 784 dilecti
2235 754 2301 784 Ser·
2321 750 2409 785 Clfflss·
2424 750 2453 776 6·

1243 787 1360 816 vienties
1379 786 1467 817 nostri
1489 788 1522 818 ad
1546 788 1652 826 Arma,
1670 788 1763 827 Egidii
1785 789 1820 819 de
1839 789 1984 829 lspannia,
1999 791 2094 830 factis,
2111 802 2199 831 grates
2219 793 2302 823 vobis
2321 793 2350 815 E.
2363 798 2386 824 3·
2400 798 2436 815 m·

1243 825 1388 855 referimus
1403 825 1547 863 speciales,
2322 836 2368 855 2¹·
2391 825 2453 862 (ΜΓ

1281 863 1443 900 Specialiter
1455 864 1634 902 deprecantes
1648 865 1776 903 quatinus
1790 865 1910 896 eundem
1927 866 2090 897 Robertum
2106 867 2185 899 (11ἂο
2199 868 2304 907 Egidio

1244 900 1362 931 liberare
1381 902 1485 939 velitis,
1511 902 1544 933 ad
1566 912 1617 933 nos
1636 905 1664 932 111
1685 904 1816 942 Angliam
1836 903 2052 943 deducendum,
2074 907 2106 936 ὃς
2131 916 2198 943 nos,
2215 908 2249 939 ea.
2266 908 2303 938 de

1245 940 1346 979 causa,
1364 939 1505 977 specialius
1518 942 1599 971 vobis
1614 943 1702 971 teneri
1716 942 1848 972 volumus
1864 944 1893 972 in
1909 943 2045 974 futurum.

1284 977 1354 1009 Dat.
1373 979 1447 1016 apud
1462 979 1574 1017 Haule,
1594 980 1713 1018 septimo
1729 980 1775 1011 die
1789 980 1918 1018 Augusti.

1285 1053 1559 1123 CoDnsimilissLitera
1573 1055 1703 1093 dirigitur
1718 1056 1829 1087 Simoni
1843 1056 1879 1087 de
1894 1055 2103 1088 Mounbreton.

1355 1101 1390 1123 at.
1410 1102 1441 1124 ut
1464 1104 1538 1132 upra.

1439 1219 1488 1250 De
1504 1214 1648 1263 Jobimne
1666 1219 1747 1267 Tilly
1767 1222 1797 1251 in
1816 1220 1963 1266 Angliam
1985 1220 2125 1255 ducendo.

1247 1300 1505 1369 REffimdilessto
1516 1302 1589 1370 ἑὶὶί1,
1610 1302 1785 1342 Reymundo
1801 1304 1837 1335 de
1853 1303 2020 1343 Monceuz,
2035 1304 2195 1337 Castellano
2211 1305 2261 1337 suo
2273 1306 2309 1338 de
2331 1304 2457 1337 Ann.D-

1360 1350 1382 1369 al
1404 1351 1462 1370 OUss
1538 1351 1551 1370 a
1645 1365 1650 1371 .
2374 1354 2439 1374 ''⁵2-

1286 1377 1367 1408 Cum
1380 1351 1498 1422 (111661ῐέ
1510 1351 1640 1411 86151ξ1ῑ1ῐ31
1652 1380 1747 1411 noster
1760 1381 1794 1411 ad
1809 1381 1895 1412 Arma
1904 1405 1913 1420 ,
1927 1381 2045 1424 Egidius
2058 1381 2094 1412 de
2107 1382 2246 1420 lspannffi,
2261 1384 2308 1451 ἕο·
2328 1355 2428 1412 1411ῗῦ6

1248 1414 1371 1446 hannem
1384 1417 1471 1455 Tilli,
1490 1419 1575 1456 usque
1589 1420 1617 1448 in
1633 1419 1771 1456 Regnum
1790 1419 1923 1457 Ispanniae
1936 1422 2073 1450 insecutus
2086 1421 2196 1459 11111161,
2212 1422 2245 1452 &
2276 1432 2308 1460 p·
2326 1426 2356 1449 Ε.
2376 1432 2401 1457 3·

1248 1453 1307 1484 sum
1323 1455 1428 1485 ibidem
1439 1479 1448 1493 ,
1468 1465 1582 1494 propter
1596 1458 1725 1495 quaedam
1739 1468 1838 1489 contra
1850 1458 1918 1488 Nos
1931 1459 1959 1488 in
1974 1458 2081 1497 Regno
2103 1460 2203 1490 nostro
2225 1470 2309 1491 corn-
2332 1461 2436 1488 [binem-

1248 1493 1345 1536 mista,
1363 1494 1520 1536 arestalset,
1538 1495 1572 1525 δε
1587 1495 1671 1533 usque
1689 1496 1848 1527 Mailloune
1865 1498 1895 1526 in
1919 1496 2067 1527 Ducatum
2089 1499 2218 1528 nostrum
2240 1508 2314 1536 prae-

1249 1530 1359 1574 dic‘tum
1381 1532 1518 1569 duxisset,
1537 1535 1569 1564 &
1589 1534 1619 1563 in
1642 1534 1784 1565 Custodift
1809 1535 1899 1566 vestr-3.
1913 1535 2074 1574 dimifiss‘et,
2094 1537 2240 1575 quousque
2260 1547 2313 1567 nos

1250 1569 1360 1607 plenius
1374 1570 1440 1600 inde
1453 1571 1646 1609 informasset,

1288 1607 1382 1650 Vobis
1397 1609 1563 1653 mandamus
1577 1609 1657 1653 quod
1673 1611 1819 1648 praefatum
1827 1611 1991 1649 johannem
2003 1612 2097 1643 eidem
2112 1613 2216 1652 Egidio
2242 1613 2312 1644 libe-

1250 1645 1383 1715 retss’tad
1397 1656 1449 1715 n‹}s
1464 1657 1493 1676 m
1507 1648 1642 1687 Angliam
1655 1648 1864 1680 deducendum.

1323 1694 1357 1714 a.
1377 1694 1408 1716 ut
1435 1695 1511 1723 upra.

1252 1812 1301 1844 De
1322 1809 1466 1859 Custagiis
1476 1823 1532 1859 pro
1552 1813 1698 1846 Duc'lione
1716 1812 1840 1895 RobZrti
1852 1816 1943 1863 Lynel
1954 1819 1990 1855 (ῤ’
2011 1815 2167 1863 Johannis
2182 1817 2263 1865 Tilly
2280 1820 2312 1849 in

1707 1865 1781 1909 Ang
1793 1866 1870 1896 iam.

1317 1944 1393 1983 EX,
1410 1945 1566 1979 Senescallo
1581 1948 1630 1979 suo
1657 1947 1824 1987 Vasconiae,
1843 1950 1875 1980 &c
1897 1948 2117 1981 Constabulario
2138 1950 2188 1982 suo
2208 1950 2315 1984 Burde-
2338 1956 2468 1989 Ann‚D.¹

1333 1986 1428 2023 galise,
1448 1986 1496 2023 qui
1510 1996 1587 2017 nunc
1601 1988 1679 2025 sunt,
1699 1987 1745 2018 vel
1761 1989 1809 2025 qui
1823 1998 1876 2025 pro
1889 1997 2019 2026 tempore
2031 2000 2126 2027 erunt,
2145 1990 2276 2021 Salutem.
2357 2005 2444 2036 ¹332-

1292 2020 1390 2061 Cum,
1410 2024 1529 2054 dilectus
1552 2026 1681 2056 Serviens
1702 2025 1798 2055 noster
1820 2026 1855 2056 ad
1869 2026 1956 2057 Arma
1994 2027 2110 2066 Egidius
2124 2028 2158 2058 de
2170 2029 2314 2069 Ispannia,
2334 2039 2386 2062 An.
2402 2038 2430 2062 6.

1252 2059 1288 2090 de
1303 2062 1436 2092 mandato
1450 2061 1565 2105 nostro,
1584 2064 1705 2094 divertat
1720 2065 1746 2094 se
1760 2065 1794 2094 ad
1814 2064 1948 2103 Regnum
1964 2050 2124 2104 ⁷Navarrae,
2144 2067 2177 2096 ad
2198 2067 2316 2098 Rober-
2337 2078 2367 2100 Ε.
2389 2083 2414 2109 3.

1253 2107 1313 2129 tum
1336 2100 1449 2138 Lynel,
1475 2100 1628 2132 Inimicum
1652 2102 1806 2141 nostrum,
1829 2104 1859 2132 in
1882 2104 1984 2134 eodem
2010 2104 2116 2143 Regno
2139 2105 2289 2137 arestatum
2306 2129 2316 2145 ,
2336 2112 2440 2139 rbiilem.

1252 2146 1365 2168 necnon
1377 2138 1540 2177 Johannem
1553 2140 1657 2179 Tylly,
1674 2141 1792 2173 Socium
1806 2141 1887 2179 ipsius
1902 2142 2039 2181 Roberti,
2058 2145 2085 2172 in
2103 2142 2244 2174 Custodia
2257 2144 2316 2174 Ca·-

1253 2175 1361 2244 gellani
1375 2177 1411 2208 de
1424 2177 1583 2209 Mailloune
1598 2180 1761 2219 existentes,
1780 2181 1864 2218 usque
1878 2181 2014 2220 Regnum
2027 2181 2158 2212 nostrum
2172 2182 2317 2215 deducen-

1273 2225 1322 2252 os,

1292 2253 1385 2284 Vobis
1405 2254 1569 2285 mandamus
1587 2256 1667 2294 quod
1684 2256 1776 2287 eidem
1789 2256 1897 2295 Egidio
1912 2257 2032 2289 Navem
2047 2268 2079 2290 ac
2095 2258 2248 2298 Custagia,
2266 2265 2318 2291 ne-'

1254 2292 1368 2323 cessaria
1387 2302 1440 2330 pro
1465 2293 1536 2324 salva
1557 2295 1590 2326 &
1609 2295 1705 2326 secura
1725 2295 1861 2326 duffione
1879 2297 2081 2334 pr⁴2edi6t0rum
2098 2321 2107 2335 ,
2137 2298 2261 2329 Roberti
2281 2301 2316 2330 &

1250 2330 1408 2369 Johannis,
1434 2332 1520 2369 usque
1539 2334 1567 2362 in
1589 2333 1725 2372 Regnum
1746 2334 1874 2365 nostrum
1894 2335 2146 2374 deducendorum,
2171 2337 2318 2376 facienda,

1253 2379 1369 2400 necnon
1392 2370 1486 2400 eidem
1505 2370 1611 2408 Egidio
1633 2373 1711 2410 super
1726 2372 1784 2402 hoc
1800 2373 1906 2404 salvum
1920 2375 1953 2405 &
1967 2375 2095 2405 securum
2110 2374 2317 2414 Conductum,

1254 2409 1283 2452 in
1306 2408 1448 2440 veniendo
1471 2409 1556 2447 usque
1576 2410 1718 2448 Regnum
1735 2411 1865 2442 nostrum
1887 2412 2058 2450 praedietum
2071 2435 2081 2450 ,
2112 2413 2216 2445 habere
2234 2414 2318 2445 facia-

1253 2455 1296 2477 tis.

1292 2485 1361 2516 Dat.
1379 2485 1453 2524 apud
1465 2485 1577 2525 Hanle,
1593 2487 1713 2525 septimo
1729 2487 1775 2518 die
1798 2487 1926 2527 Augusti.

1254 2621 1275 2644 *
1302 2624 1351 2655 De
1368 2623 1526 2654 intentione
1543 2621 1752 2666 quorundam,
1779 2634 1836 2655 non
1856 2621 1983 2666 obstante
2009 2622 2188 2657 Inhibitione
2210 2627 2316 2671 Regis,
2342 2615 2358 2632 ²*
2379 2615 2432 2643 IV·

1301 2673 1442 2704 Armnta
1466 2673 1602 2703 Potentia
1627 2673 1762 2717 Regnum
1785 2676 1884 2705 Scotiae
1902 2684 1955 2719 per
1974 2677 2072 2706 filare
2091 2672 2254 2714 invadere,
2280 2677 2316 2711 &⁶
2340 2662 2408 2690 529'

1300 2718 1336 2751 de
1353 2716 1557 2765 Magimtilms
1579 2721 1679 2752 Scotiae
1697 2719 1740 2752 ad
1753 2721 1858 2767 aliquia
1876 2721 2082 2768 attemptanda
2092 2718 2282 2766 parcentibus.

1254 2803 1370 2861 REX
1395 2802 1619 2842 Archiepiscopis
1656 2803 1818 2843 Episcopis,
1838 2804 2009 2843 Abbatibus,
2026 2804 2187 2842 Prioribus,
2213 2805 2319 2837 Comi-
2342 2803 2460 2835 Ann.D

1328 2844 1421 2880 tibus,
1435 2842 1605 2881 Baronibus,
1624 2827 1783 2881 Militibus,
1801 2843 2046 2881 Vicecornitibus,
2065 2843 2242 2883 Majoribus,
2255 2845 2317 2876 1321-
2357 2854 2443 2884 1332.

1253 2880 1329 2918 livis,
1349 2880 1503 2918 Ministris,
1522 2882 1555 2912 δε
1567 2882 1702 2912 omnibus
1716 2881 1772 2911 aliis
1785 2882 1821 2912 de
1833 2881 1982 2912 Comitatu
1995 2882 2236 2921 Northumbriae,
2257 2885 2317 2915 tam
2336 2887 2388 2911 An-
2402 2887 2430 2911 ὁ.

1253 2920 1325 2949 infra
1340 2919 1510 2956 Libertates,
1528 2920 1614 2956 quani
1631 2927 1720 2956 extra,
1739 2920 1773 2950 ad
1787 2930 1875 2959 quos,
1891 2922 1952 2951 &c.
1971 2920 2103 2951 Salutem.
2336 2926 2362 2950 Ε.
2386 2931 2410 2957 3·

1293 2958 1371 2996 Qia
1386 2957 1482 2987 datum
1496 2956 1535 2986 est
1550 2957 1632 2987 nobis
1645 2958 1758 2997 intelligi
1774 2959 1871 2997 quod,
2333 2964 2391 2987 Pat.
2407 2961 2435 2987 6.

1292 2995 1350 3025 Pro
1364 3006 1399 3026 eo
1413 2995 1493 3033 qubd
1507 2995 1651 3025 l-lenricus
1665 2995 1701 3026 de
1714 2996 1794 3027 Bello
1808 2997 1932 3035 Monte,
1949 2999 1982 3029 &
1996 2998 2040 3028 alii
2055 2999 2232 3036 quamplures
2248 2998 2316 3029 Ho-
2338 3002 2368 3025 E·
2388 3008 2413 3034 3.
2432 3004 2457 3034 p-

1255 3035 1346 3065 mines
1361 3034 1395 3064 ad
1411 3035 1515 3071 Arma,
1534 3035 1562 3063 in
1581 3033 1730 3065 Comitivfit
1745 3035 1791 3065 11ιᾶ
1802 3037 1861 3074 jam
1877 3036 1960 3066 Mare
1974 3036 2035 3067 sunt
2050 3037 2158 3077 ingresli
2168 3061 2176 3075 ,
2338 3047 2363 3064 2.
2373 3047 2409 3065 m.
2424 3046 2465 3073 ¹3·

1292 3072 1484 3140 lilitendentes,
1503 3080 1533 3102 ut
1547 3072 1666 3111 dicitur,
1684 3073 1755 3104 infra
1770 3074 1906 3114 Regnum
1923 3075 2028 3106 Scotiae
2044 3075 2161 3106 ι[1111111ῑέ
2184 3075 2317 3107 Potentia?⁴

1254 3121 1270 3141 a
1292 3121 1308 3147 p
1321 3121 1392 3141 icarc

1271 3121 1326 3179 pN
1328 3160 1366 3179 on
1381 3134 1558 3179 obstantibus
1572 3148 1807 3189 Inhibitionibus,
1825 3152 1857 3182 ὃ(
1874 3151 2163 3190 Proclamationibus,
2182 3152 2210 3181 in
2222 3151 2316 3182 diver-

1253 3187 1286 3218 sis
1298 3189 1369 3218 locis
1384 3188 1481 3224 Regni
1495 3187 1601 3226 nostri,
1616 3199 1665 3226 per
1678 3199 1731 3219 nos
1746 3190 1841 3227 factis,
1859 3200 1896 3220 ne
1910 3192 1987 3228 quis,
2004 3191 2206 3228 cujuscumque
2221 3191 2315 3221 Status

1253 3236 1299 3257 aut
1313 3226 1496 3256 Coiiditionis
1508 3226 1591 3264 ess'et,
1613 3228 1784 3266 quicquam,
1804 3239 1851 3266 per
1865 3229 1943 3266 quod
1957 3229 2030 3265 Pax,
2050 3238 2138 3264 nuper
2154 3230 2225 3258 inter
2246 3229 2315 3259 Nos

1253 3265 1288 3295 &
1310 3265 1476 3295 Robertum
1497 3264 1533 3295 de
1548 3264 1633 3303 Brus,
1654 3275 1722 3297 tunc
1738 3267 1851 3303 Regem
1866 3268 1985 3305 scotice,
2002 3268 2067 3296 inita
2080 3268 2114 3297 δε
2128 3267 2252 3306 firmata,
2271 3269 2315 3297 in·-

1252 3304 1335 3343 fringi
1355 3304 1400 3334 seu
1422 3303 1486 3334 laedi
1507 3303 1616 3341 posset,
1636 3304 1756 3344 faceret,
1771 3308 1815 3336 seu
1831 3306 1937 3343 facere,
1957 3305 2002 3335 vel
2016 3314 2193 3345 attemptare,
2212 3306 2314 3346 praesu-

1254 3351 1343 3372 meret
1358 3343 1458 3380 quovis
1473 3342 1579 3379 modo,

1292 3381 1420 3418 Quidam
1440 3380 1602 3420 Magnam,
1621 3381 1654 3411 &
1675 3381 1736 3419 alii,
1755 3381 1791 3412 de
1813 3381 1915 3411 eodem
1939 3381 2045 3420 Regno
2066 3382 2188 3419 Scotiae,
2204 3389 2311 3420 quanto

1253 3420 1395 3458 potentius
1410 3427 1558 3457 poterunt,
1577 3419 1603 3448 se
1617 3428 1712 3457 parant
1722 3420 1756 3449 ad
1771 3420 1859 3457 aliqua
1874 3429 1959 3450 attem
1982 3420 2079 3458 tanda,

1290 3457 1334 3488 Ex
1351 3459 1452 3496 quibus
1468 3456 1546 3487 Mala
1557 3457 1669 3495 Populo
1685 3458 1801 3496 nostro,
1820 3458 1911 3488 versus
1929 3458 1953 3487 lv
1967 3459 2089 3488 archiam
2102 3457 2224 3496 Scotiae,
2243 3469 2312 3490 eve-

1252 3498 1313 3527 nire
1328 3496 1520 3534 multipliciter
1531 3496 1715 3534 formidatur,
1734 3497 1809 3527 unde
1823 3497 1965 3527 turbamur
1983 3496 2238 3536 quamplurimfim,
2256 3508 2314 3529 nec

1252 3536 1405 3604 innssfrito,
1425 3535 1458 3566 &
1473 3544 1640 3565 movemur:

1327 3584 1358 3604 os

1289 3597 1394 3643 Pacein
1416 3612 1580 3650 praediCtam
1599 3623 1647 3650 per
1670 3613 1737 3643 Nos
1760 3613 1793 3643 &
1815 3612 1949 3643 Subditos
1973 3611 2085 3642 nostros
2108 3613 2136 3641 in
2156 3613 2313 3652 omnibuSJ

1252 3661 1316 3688 quae
1331 3651 1364 3682 ad
1375 3661 1427 3681 nos
1438 3653 1593 3689 pertinent,
1611 3651 1793 3681 desiderantes
1807 3650 1915 3680 illaesam
1928 3650 2083 3688 observari,
2102 3652 2135 3681 δε
2157 3650 2311 3683 Salvationi

1252 3689 1355 3728 Populi
1371 3690 1459 3719 nostri
1472 3691 1711 3727 circumquaque,
1730 3698 1814 3726 prout
1828 3688 1861 3718 ad
1877 3689 1933 3718 hoc
1945 3688 2139 3728 astringimur,
2157 3690 2312 3729 provideri,

1250 3738 1283 3758 ac
1299 3728 1335 3758 de
1351 3728 1374 3758 F
1376 3728 1495 3758 idelitate
1507 3728 1623 3765 probata
1638 3729 1671 3757 &
1687 3727 1952 3764 Circumspeetione
1964 3727 2099 3765 provida,
2109 3726 2213 3757 Dilefti
2228 3727 2312 3758 Con-

1251 3767 1390 3806 sanguinei
1411 3766 1443 3797 86
1467 3766 1567 3796 Fidelis
1588 3765 1690 3803 nostri,
1708 3765 1827 3795 Henrici
1850 3764 1886 3794 de
1909 3764 2018 3804 Percy,
2036 3765 2144 3802 plenius
2163 3766 2312 3797 considen-

1251 3815 1291 3836 tes

1290 3828 1470 3880 Affignamus
1489 3842 1522 3872 δε
1543 3841 1707 3879 deputamus
1727 3841 1874 3879 praefatum
1895 3840 2056 3872 Henricum
2073 3841 2111 3872 de
2123 3842 2229 3882 Percy,
2247 3844 2312 3875 Cu-

1253 3882 1365 3912 stodem
1388 3880 1528 3911 Marchiae
1550 3879 1653 3909 nostrae
1677 3880 1769 3909 versus
1782 3881 1923 3917 Scotiarn,
1942 3879 1975 3909 ad
1993 3880 2154 3910 faciendum
2169 3883 2201 3912 δε
2214 3893 2312 3914 excer-

1252 3921 1375 3951 cendum
1389 3920 1486 3949 omnia
1500 3918 1532 3948 86
1549 3918 1669 3956 lingula,
1688 3927 1752 3954 quae
1767 3928 1820 3954 pro
1839 3918 2052 3948 conservatione
2073 3919 2152 3950 Pacis
2172 3921 2260 3959 illius,
2278 3932 2312 3952 ac

1252 3958 1429 3995 defensione,
1447 3959 1481 3988 &
1494 3957 1642 3986 salvatione
1657 3956 1741 3986 diecae
1757 3956 1914 3994 Marchiae,
1927 3957 1960 3987 &c
1976 3956 2077 3995 Populi
2090 3958 2178 3988 nostri
2193 3960 2312 3998 ibidem,

1253 4005 1386 4036 poterunt
1400 3997 1551 4033 pertinere,

1293 4035 1400 4065 Dantes
1419 4033 1512 4063 eidem
1530 4032 1662 4063 Henrico
1685 4032 1721 4063 de
1740 4032 1831 4072 Percy
1852 4034 1981 4072 plenam,
1998 4042 2096 4065 tenore
2118 4036 2311 4073 praesentium,

1254 4072 1428 4104 Potestatem
1440 4081 1542 4101 omnes
1555 4071 1633 4108 illos,
1652 4071 1687 4101 de
1705 4071 1852 4108 Ligeantia
1865 4071 1976 4111 nostra,
1993 4074 2041 4112 qui
2062 4073 2166 4103 Pacem
2189 4074 2262 4102 illam
2283 4075 2313 4102 in

1254 4111 1349 4151 aliquo
1361 4112 1513 4149 impetere,
1530 4110 1577 4141 seu
1589 4110 2013 4178 mfriiigereLpraesumplerint,
2031 4112 2196 4150 castigandi,
2213 4112 2246 4153 86
2261 4119 2315 4146 pu-

2217 4148 2316 4179 mendi
