2562 4279
798 185 909 231 ET
994 184 1260 229 ACTA

85 266 162 299 Ann-
177 263 218 296 D·
233 272 336 318 ultimo
356 276 513 315 praeterito,
531 274 615 315 usque
631 275 666 308 ad
681 276 807 315 primum
821 276 898 307 diem
913 275 1012 307 mensis
1029 273 1216 313 Septembris,
1235 280 1299 308 pro-

112 312 196 344 1344·
234 317 316 344 ximo
335 313 478 353 futurum,
503 316 537 346 &
557 324 658 347 extunc
682 325 732 362 per
756 315 830 346 Tres
851 316 949 346 Annos
968 315 1130 344 immediate
1158 312 1298 350 sequentes

85 344 152 372 Ην·
172 352 198 379 3·
235 351 325 388 (dum
342 361 434 384 tamen
452 353 522 384 dieti
542 353 606 384 Rex
623 355 656 385 &
674 354 799 392 ssomeS,
817 364 850 384 ac
868 353 936 384 Nos
953 353 1059 384 dictam
1078 351 1228 388 Treugam
1251 359 1299 379 ac⁴

233 399 273 431 ce·
289 399 343 422 tare
360 392 494 429 velimus)
514 392 544 422 sit
559 393 609 422 sub
626 391 702 423 certa
717 391 811 422 forma
828 391 1011 422 Concordata
1020 414 1030 431 ,

251 467 255 471 ²
284 437 310 460 ta
331 431 497 469 (videlicet)
517 431 596 470 quod
610 431 722 461 interim
737 430 846 460 Subditi
862 430 1005 460 didtorum
1021 428 1129 466 Regis,
1147 428 1179 458 &
1196 426 1301 469 Corni-

235 474 286 506 ns,
304 478 337 498 ac
352 469 456 507 nostri,
475 470 665 507 ubicumque,
684 469 742 498 tam
762 470 791 497 in
814 468 921 505 Terra,
936 469 1020 505 quam
1046 468 1074 496 in
1093 467 1188 504 Mari,
1203 467 1301 503 pacin-

238 506 275 534 εὲ
290 509 525 576 εοῑηὲηέὶυίεεηῑ,
541 507 653 545 adjectis
668 508 760 544 poenis
772 506 899 545 gravibus
913 514 1009 536 contra
1033 505 1188 535 violatores
1208 504 1301 534 Treu-

239 552 287 579 gae
320 550 358 574 rae
379 547 387 575 i
420 556 444 575 ae

278 555 319 612 Eli
329 583 420 621 quod,
439 568 506 614 citra
519 585 644 623 primum
663 583 739 613 diem
757 581 881 612 instantis
901 580 1007 612 Menfis
1017 581 1095 620 Junii
1110 605 1119 621 ‚
1138 589 1301 622 procuretur

239 620 357 688 {gobis
372 645 382 660 ‚
407 623 440 652 &
462 622 544 652 dietis
563 622 645 662 Rege
668 622 700 652 &
721 619 839 650 Comite
855 643 864 657 ,
892 620 1059 658 Acceptatio
1076 621 1203 657 Treugae
1229 629 1303 656 prae-

262 667 271 686 1
303 669 327 688 ae

281 696 318 727 Et
330 682 407 738 duod
418 720 427 736 ,
445 699 540 737 primo
552 699 598 729 die
613 697 719 728 Menfis
726 696 793 735 Julii
803 718 812 734 ,
831 704 1010 734 compareant
1030 696 1242 733 Procuratores,
1258 694 1302 725 seu

242 733 442 767 Commiffirii
457 737 579 767 Partium
589 759 598 774 ,
615 738 644 766 in
662 743 745 773 ponte
759 735 854 764 Fontis
869 734 992 773 Rabidi,
1009 735 1042 765 ad
1062 735 1250 765 ordinandum
1268 734 1303 763 de

241 772 312 803 locis
326 775 360 805 δε
385 775 475 805 modis
490 774 660 813 procedendi
682 774 711 802 in
728 772 855 811 Qerelis
874 773 951 811 super
964 773 1074 812 Injuriis
1096 774 1128 804 ὃς
1144 773 1306 810 Dampnis,

244 811 313 842 datis
328 814 395 844 hinc
411 814 444 844 &
457 815 538 851 inde,

281 851 320 881 Et
328 851 466 882 Emendas
476 852 596 888 debitaS,
614 857 696 888 prout
709 848 836 888 expedire
845 849 982 888 viderint,
1002 848 1150 880 summarie
1159 850 1193 881 ὃς
1204 849 1240 880 de
1248 849 1305 887 pla-

244 900 284 921 no
300 889 357 920 fieri
370 890 547 926 faciendum,

242 966 260 996 d
281 928 319 958 Et
327 928 360 997 3<<11
369 928 580 959 Diffenfionem
595 928 627 958 δε
643 926 753 958 Debata
768 924 901 965 praedit-[ta
913 925 947 956 ad
965 925 1070 957 Pacem
1087 934 1248 965 perpetuam
1263 935 1305 956 re-

263 976 334 996 ucen
356 977 405 997 um

280 1004 317 1035 Et
332 989 526 1042 quod²omnes
537 1028 545 1042 ,
564 1004 599 1034 de
613 1004 772 1042 Dampnis,
790 1002 930 1041 sibidatis,
947 1003 1082 1041 querelare
1104 1003 1244 1042 volentes,
1262 1002 1306 1032 in-

241 1042 283 1073 fra
300 1042 494 1081 Quadraginta
509 1044 584 1081 dies,
603 1042 1151 1080 immediatetuncsequentes,Q1erelas
1167 1042 1222 1072 suas
1239 1051 1306 1079 pro-

241 1089 348 1118 ponant
365 1091 461 1111 coram
475 1081 557 1111 dietis
573 1081 779 1111 Commiss'ariis
793 1080 914 1118 ,aliasde
935 1079 1080 1111 Remedio
1097 1081 1151 1111 sint
1167 1079 1307 1118 praeclusi,

240 1126 322 1156 prout
336 1120 365 1149 in
382 1119 498 1157 Literis,
511 1120 588 1158 super
602 1119 679 1149 dieta
692 1119 811 1156 Treuga
826 1118 982 1156 confectis,
1000 1118 1077 1149 latius
1096 1120 1272 1156 continetur,

91 1185 111 1206 ῃ
216 1186 227 1195 ,
278 1157 346 1187 Nos
362 1158 429 1196 (qui
451 1158 555 1189 Pacem
583 1159 684 1189 habere
710 1167 777 1187 cum
795 1157 873 1187 dieto
895 1157 1113 1194 Consanguineo
1135 1156 1249 1194 nostro,
1272 1155 1306 1185 &

123 1188 216 1222 V·4¹5
217 1201 231 1213 ⁰
242 1195 366 1226 Subditis
377 1196 442 1234 suis,
460 1202 543 1234 *prae
555 1199 660 1227 caeteris
676 1220 686 1235 ,
705 1195 881 1231 affeffifflmus)
900 1195 1006 1225 dieram
1024 1196 1169 1233 Treugam
1187 1205 1238 1232 pro
1256 1204 1309 1224 no-

243 1234 304 1273 bis,
322 1235 354 1265 &
370 1235 493 1265 Subditis
511 1235 611 1265 nostris
628 1236 770 1265 dictorum
792 1233 920 1264 Civitatis
939 1235 973 1264 δε
996 1234 1071 1264 Loci
1086 1257 1095 1272 ‚
1120 1242 1252 1271 quantum
1279 1234 1308 1262 in

242 1273 325 1303 nobis
341 1272 398 1312 est,
416 1273 552 1312 Applausu
571 1274 708 1304 Benivolo
723 1281 901 1309 acceptamus
914 1295 924 1310 ,
948 1271 1107 1310 laudamus,
1127 1273 1160 1302 δε
1171 1271 1308 1309 approba-

243 1321 322 1350 mus,
340 1312 462 1342 volentes
477 1313 510 1343 ὃ(
526 1312 686 1343 mandantes
701 1320 762 1342 eam
781 1312 797 1341 a
817 1310 898 1340 didris
917 1310 1039 1340 Subditis
1058 1310 1155 1340 nostris
1170 1311 1200 1339 in
1214 1311 1309 1339 omni-

243 1350 294 1393 bus
308 1350 462 1398 obseryari5
481 1350 552 1381 dum
575 1360 666 1382 tamen
685 1358 770 1389 partes
791 1349 852 1380 aliae
868 1349 924 1379 hoc
944 1349 1020 1379 idem
1040 1349 1130 1379 facere
1152 1348 1309 1386 voluerint,

244 1398 309 1419 wce
325 1399 412 1420 versa.

282 1427 320 1457 Et
334 1428 405 1458 curn
421 1426 602 1457 Reformatio
622 1425 824 1464 Dampnorum
846 1425 1065 1464 praedfflorum,
1083 1426 1115 1457 δε
1139 1424 1196 1454 Pax
1210 1435 1309 1463 perpe-

243 1473 305 1504 tua,
323 1466 392 1496 inter
410 1465 542 1496 Subditos
556 1465 702 1496 dictorum
717 1465 807 1503 Regis
828 1465 861 1495 &
886 1464 1008 1495 Comitis
1030 1475 1062 1495 ac
1085 1464 1211 1502 nostros,
1228 1464 1309 1494 nobis

242 1504 399 1573 adffiodum
412 1504 463 1534 sint
478 1504 598 1541 votivae,

318 1553 349 1573 os

246 1618 264 1648 l·
283 1581 330 1611 De
347 1565 490 1650 sigelitate
503 1582 536 1612 &
556 1580 818 1619 Circumspefflone
829 1579 957 1618 provida
972 1603 982 1618 ,
1006 1579 1176 1610 dile&orum
1196 1579 1229 1610 ὃς
1244 1577 1312 1609 fide-

258 1629 317 1650 ium
337 1629 377 1650 no
402 1630 516 1658 rorum,

284 1699 361 1734 Petri
380 1697 411 1727 de
429 1699 528 1728 Sandlo
546 1696 694 1735 Johanne,
710 1695 831 1735 Episcopi
846 1699 977 1733 Baionae,

281 1735 421 1773 Johannis
438 1736 470 1765 de
489 1735 596 1774 Villar,
615 1734 734 1774 Sacrtstae
750 1734 871 1774 Ecclefiae
889 1737 1017 1772 Baionae,

284 1775 425 1804 Bernardi
446 1775 479 1804 de
497 1779 536 1805 Ca
558 1785 606 1811 us,

285 1814 363 1842 Petri
381 1813 413 1842 de
433 1813 509 1852 Vile,
544 1812 578 1842 ‘lii
595 1811 733 1841 Gullielmi
749 1810 875 1841 Arnaud
889 1810 918 1839 de
939 1809 1014 1848 Vile,

283 1851 482 1888 Bartholomaei
549 1854 641 1880 Beries
647 1873 657 1888 ,

283 1890 325 1918 Et
344 1892 425 1919 Betri
443 1890 474 1919 de
492 1892 595 1927 Pintz,

285 1966 373 1998 Plene
394 1967 565 1999 confidentes
573 1991 583 2006 ,

292 2006 340 2038 Ad
356 2006 600 2044 comparendum,
617 2000 800 2043 audiendum,
820 1998 1073 2042 cognoscendum,
1089 2001 1316 2040 decernendum,

250 2046 286 2078 δε
298 2047 510 2083 exequendum,
526 2045 601 2081 juxta
615 2043 727 2073 forman
745 2045 773 2073 in
788 2043 867 2074 dicta
880 2043 995 2083 Treugfi
1011 2051 1189 2081 contentam,

288 2084 419 2114 Necnon
432 2083 467 2113 ad
481 2081 730 2120 componendum,
749 2082 962 2120 paciscendum,
988 2082 1021 2112 ὃς
1045 2079 1250 2118 transigendum
1275 2079 1318 2110 su-

251 2132 301 2162 per
317 2121 438 2152 Damnis
451 2122 484 2152 &
496 2121 622 2159 Injuriis,
641 2121 710 2151 hinc
724 2120 792 2150 inde
806 2120 876 2150 datis
889 2120 921 2150 &
936 2120 1031 2159 illatis,

287 2160 327 2191 Et
339 2160 375 2191 de
389 2160 462 2190 Pace
477 2160 510 2191 &
532 2159 672 2190 Amicitia
690 2159 839 2197 perpetua,
862 2160 933 2189 inter
951 2159 1043 2190 dictos
1057 2157 1190 2196 Regem,
1206 2157 1240 2189 &
1256 2155 1320 2187 Co-

253 2200 374 2238 mitem,
390 2199 423 2230 &
439 2198 499 2228 suos
517 2197 668 2236 Subditos,
685 2199 718 2229 &
737 2197 821 2235 Nos,
837 2197 871 2228 &
885 2197 980 2229 dictos
997 2196 1107 2228 nostros
1128 2196 1260 2227 Subditos
1275 2197 1320 2226 in-

257 2238 368 2276 eundis,
385 2236 560 2268 traCtandum
576 2237 609 2267 &
627 2236 880 2274 concordandum,

292 2276 328 2307 Et
341 2275 375 2306 ad
390 2286 438 2314 ea,
461 2285 523 2313 quae
538 2275 575 2305 fic
590 2274 740 2313 Tractata,
758 2274 955 2314 Goncoxdata,
971 2275 1006 2306 ὃς
1020 2273 1104 2306 Fausta
1118 2273 1237 2312 fuerint,
1254 2282 1322 2311 qua-

253 2325 378 2353 cumque
393 2314 543 2344 Securitate
556 2313 743 2352 firmandum,

293 2353 330 2385 Et
342 2353 377 2383 ad
390 2353 489 2383 omnia
504 2353 554 2383 alia
570 2352 603 2382 &
618 2351 719 2392 lingula
730 2352 890 2383 faciendum
912 2351 946 2382 &
967 2350 1174 2383 excercendum
1185 2374 1194 2390 ,
1212 2360 1275 2391 quae
1294 2350 1323 2380 in

255 2391 400 2431 praemiffis
415 2390 564 2422 necessaria
580 2392 697 2429 fuerint,
715 2393 797 2422 etiam
816 2392 835 2421 s1
854 2390 1025 2421 Mandatum
1042 2390 1154 2427 exigant
1171 2389 1304 2428 speciale,

293 2430 454 2467 Praedietis,
471 2429 632 2467 Episcopo,
647 2429 790 2468 Johanni,
804 2429 958 2465 Bernardo,
976 2428 1077 2468 Petro,
1094 2428 1318 2465 Bartliolomaeo,

253 2469 287 2500 &
301 2469 403 2506 Petro,
423 2468 576 2507 Qinque,
595 2467 742 2536 (ffatuor,
760 2468 882 2506 Tribus,
900 2466 1063 2498 &Duobus
1071 2477 1189 2504 eorum,
1208 2477 1259 2504 pro
1272 2476 1324 2495 no-

254 2507 614 2545 bis,&di<5tis8ubditisno
641 2508 673 2537 ris
700 2507 833 2545 Plenam,
849 2515 945 2537 tenore
958 2505 1324 2544 praesentium‚Committi-

257 2555 320 2575 mus
334 2546 368 2575 δε
383 2545 581 2575 Concedimus
594 2530 784 2584 Poteiiaterng

294 2583 492 2613 Promittentes
511 2593 563 2621 pro
577 2584 673 2622 nobis,
693 2585 726 2614 ὃς
739 2583 861 2614 Subditis
883 2582 981 2613 nostris
1003 2582 1161 2621 praedietis,
1179 2582 1248 2612 Nos
1265 2581 1326 2612 Ra-

258 2628 321 2651 tum
337 2622 370 2652 &
385 2621 508 2651 Gratum
522 2622 663 2652 habituros
678 2621 812 2660 quicquid
828 2632 876 2659 per
893 2621 964 2659 ipsos
980 2645 989 2660 ,
1015 2622 1188 2659 Episcopum
1198 2644 1207 2659 ,
1218 2620 1326 2659 johan-

258 2669 344 2698 nem,
364 2659 533 2690 Bernardum
548 2682 558 2698 ,
577 2659 690 2690 Petrum
707 2683 717 2698 ,
741 2660 977 2691 Bartholomaeum
991 2683 1000 2696 ,
1023 2661 1055 2691 &
1078 2660 1213 2697 Petrum,
1233 2659 1328 2696 Quin-

258 2708 331 2766 quIe,
351 2697 500 2765 Qatutg,
515 2697 604 2735 Tres,
621 2697 666 2728 vel
681 2697 765 2728 Duos
778 2708 878 2728 eorum
895 2698 1005 2728 Adtum
1021 2698 1102 2729 fuerit
1115 2700 1143 2728 in
1159 2697 1311 2736 praemiffis.

309 2746 328 2765 n
346 2746 381 2765 cu
392 2746 422 2765 us
480 2745 519 2765 ⁷c.

332 2746 401 2804 Dai.
418 2758 490 2811 a’pud
505 2771 791 2804 westmonasterium
801 2796 811 2812 ,
828 2774 964 2804 vicesimo
980 2775 1084 2805 ostavo
1104 2774 1150 2805 die
1165 2774 1276 2812 Aprilis.

286 2849 456 2882 Confimiles
472 2848 574 2880 Literas
588 2849 691 2880 habent
706 2848 866 2887 subscripti,
884 2848 933 2879 sub
949 2848 1051 2880 eadem
1066 2850 1145 2881 data:
1165 2850 1315 2889 videlicet,

302 2916 400 2944 Petrus
419 2913 450 2942 de
468 2912 566 2942 sanilo
583 2911 713 2950 Johanne
749 2910 888 2950 Epifiopus
906 2914 1035 2949 Baionae,

300 2952 447 2991 Jolmnnes
470 2951 532 2980 deV
543 2949 614 2979 illar
634 2953 710 2979 Sacri
735 2961 753 2979 a
770 2949 893 2988 Ecclefiae
907 2952 1035 2988 Baionae,

298 2994 380 3020 Prior
398 2990 430 3018 de
451 2989 551 3018 SanHo
569 2987 733 3027 Salvatore,

297 3031 394 3059 Petrus
414 3028 445 3057 de
460 3030 582 3066 Purmaeyt
592 3051 601 3066 ‚

296 3067 332 3098 Et
350 3066 419 3096 Bido
437 3066 469 3095 de
488 3065 613 3104 Lobart‚

300 3106 449 3145 Qatuor,
466 3104 557 3143 Tres,
573 3105 606 3136 δε
620 3104 691 3135 Duo
703 3114 810 3136 eorum.

304 3183 403 3212 Petrus
422 3182 454 3212 de
472 3183 573 3212 Sant'ffo
590 3182 740 3221 Johanne,
755 3181 899 3221 Epiliopus
915 3183 1045 3219 Baionae,

302 3220 448 3259 Johannes
466 3221 497 3250 de
516 3221 605 3250 Villar
624 3220 740 3261 Sacrista
759 3220 880 3260 Eccleliae
898 3222 1027 3256 Baionae,

304 3258 449 3297 Johannes
468 3259 500 3287 de
519 3259 656 3299 Listowe,

303 3299 400 3326 Petrus
417 3297 449 3326 de
469 3299 628 3336 Wueawe,

303 3334 439 3375 Pafiafius
457 3335 488 3364 de
507 3337 606 3365 Sanblo
623 3335 773 3376 Johanne,

301 3373 448 3413 szbastus
464 3373 497 3402 de
515 3373 605 3403 Villar
615 3398 621 3403 .

302 3411 340 3442 Et
358 3411 516 3441 Domicellus
532 3413 564 3441 de
580 3413 647 3452 Hos
654 3411 736 3451 itali,

304 3450 461 3488 Qinque,
477 3450 625 3489 Qatuor,
673 3461 730 3488 res,
748 3450 781 3481 &
796 3449 867 3480 Duo
881 3460 988 3481 eorum.

303 3525 472 3557 Consimiles
491 3526 595 3557 Literas
607 3526 707 3557 habent
721 3525 879 3564 subscripti,
895 3525 945 3556 sub
961 3524 1036 3556 Data
1049 3525 1086 3555 26
1099 3524 1216 3565 Aprilis,
1235 3526 1292 3558 viz.

303 3582 451 3615 Nicholaus
468 3584 500 3613 de
518 3583 605 3612 Beche
622 3582 780 3622 Seneftallus
796 3582 945 3622 Vafioniae,

306 3621 451 3689 {ohanne-s
468 3623 500 3651 de
519 3621 646 3651 Shordich
665 3621 766 3660 Miles,
1018 3662 1022 3667 ι
1221 3663 1225 3667 ι

332 3660 657 3730 ῐυῖἱαῗῇῖέιῗοβαηηεε
676 3661 811 3701 IVawayn
836 3658 1052 3698 Constabularms
1079 3658 1267 3698 Burdegalrae,

1292 3657 1331 3694 (ἐν

125 3839 201 3871 Am,
214 3836 255 3868 D,
273 3801 330 3859 'Ad
338 3830 445 3874 Regem
458 3824 580 3869 Castell‘e
592 3851 602 3867 ‚
618 3825 707 3870 sitpcr
718 3825 869 3871 Agezira
879 3822 1067 3870 Conquistata
1076 3850 1086 3866 ,
1112 3824 1332 3857 Gratulatoria.

127 3886 243 3943 afflig.
319 3911 484 3942 Eteniffime
498 3909 630 3948 Princeps
645 3910 679 3940 &
693 3908 908 3954 Consanguinee
920 3908 1072 3954 cariffime,
1090 3908 1186 3939 votivi
1194 3908 1338 3951 Salutatio-

125 3959 159 3982 ΣΕ.
180 3963 205 3989 3.
340 3959 376 3980 ne
389 3949 543 3986 praemissa,
561 3947 677 3985 Regalis
695 3947 873 3984 Excellentiae
887 3947 986 3978 vestrae
1004 3948 1125 3985 LiteraS,
1142 3948 1219 3984 super
1231 3945 1340 3976 Reddi-

128 3992 218 4028 Claus.
282 3988 359 4018 tione
374 3987 455 4018 Villae
469 3988 504 4018 de
521 3987 656 4028 Algesira,
674 3987 707 4017 &
721 3986 855 4024 prosperis
871 3985 966 4016 vestris
977 3985 1154 4017 Succeffibus
1170 3987 1199 4016 in
1217 3985 1270 4014 hac
1279 3994 1342 4022 parss

132 4030 175 4057 18.
189 4033 220 4056 Ε.
240 4038 265 4065 3.
284 4034 329 4064 te,
347 4035 395 4063 per
410 4024 544 4069 Latorem
560 4025 736 4064 praesentium
756 4025 836 4055 nobis
857 4025 966 4063 miffas,
983 4024 1047 4055 laeta
1071 4034 1155 4054 manu
1170 4024 1342 4060 recepimus,

125 4074 159 4142 ζ’.
168 4077 195 4135 «ι’.
284 4144 292 4148 u
316 4145 318 4147 Ι
336 4104 408 4133 Tem.
427 4104 468 4132 11.
485 4102 566 4134 Part.
583 4105 632 4134 IV.

1342 181 1374 223 Ρ
1416 181 1460 225 U
1498 183 1530 226 B
1570 184 1604 226 L
1641 183 1660 227 I
1698 185 1736 228 C
1777 186 1823 226 A.
2328 184 2379 226 16
2385 195 2404 238 3

1376 267 1607 312 Contemplantes
1633 271 1736 302 devote
1756 271 1863 302 Christi
1884 267 2074 304 Clementiam
2090 295 2099 310 ,
2125 268 2172 310 qui
2201 270 2236 303 ad
2258 268 2402 309 publicam
2420 266 2493 297 Ann.
2510 265 2551 297 D⁴

1339 304 1562 338 Christianorum
1586 310 1708 340 laetitiam
1725 310 1885 341 mirificavit
1902 311 2050 341 vobiscum
2071 310 2289 342 misericordiam
2307 309 2402 344 suam,
2439 314 2525 345 1344*

1339 345 1385 387 ec,
1399 355 1495 382 praeter
1511 346 1642 378 Coelestis
1660 348 1775 379 Praemii
1788 348 1947 387 Meritum,
1965 349 2128 380 Gratiosum
2138 350 2218 379 vobis
2225 348 2323 378 Omen
2331 354 2405 377 con-
2419 346 2485 371 Edv.
2498 351 2525 380 3.

1339 384 1399 413 tulit
1418 384 1451 413 δε
1468 385 1648 425 Gloriosum,
1665 388 1701 418 de
1714 399 1770 426 quo
1786 390 1882 426 primo
1901 387 2007 418 Laudes
2025 388 2136 418 devotas
2161 386 2300 418 humiliter
2316 383 2403 415 exsol*

1340 427 1432 456 vimus
1451 428 1598 462 gratiarum
1613 429 1744 457 omnium
1761 428 1913 466 Largitori,
1932 427 1963 457 &
1983 426 2160 456 Excellentiae
2173 424 2271 457 vestrae
2289 423 2324 454 de
2338 422 2403 452 mis*

1340 466 1369 496 sa
1384 466 1466 495 nobis
1484 475 1542 495 tarn
1558 465 1737 496 desiderabilis
1750 466 1930 495 insinuatione
1954 464 2089 495 Rumoris
2111 472 2199 502 grates
2219 464 2237 483 ²*
2256 463 2288 493 δε
2303 462 2402 499 gratias
2420 477 2435 495 2⁵
2447 476 2549 512 V.416„

1340 503 1507 534 exsolvimus
1524 504 1666 534 cordiales.
2545 510 2549 511 ⁷

1381 541 1435 579 Et,
1453 542 1521 572 cum
1540 542 1636 572 divina
1655 543 1740 579 gratia
1755 542 1828 572 circa
1843 552 1893 572 vos
1907 542 1935 570 in
1949 540 2029 572 faffis
2044 540 2138 571 vestris
2161 540 2285 580 largiflue
2307 537 2334 568 se
2348 537 2401 582 dit·

1341 580 1454 617 fundat,
1473 581 1602 610 votivum
1617 580 1772 610 admodum
1792 581 1873 610 nobis
1888 579 1955 610 esset
1974 589 2020 617 ut,
2037 580 2104 610 sicut
2121 590 2170 609 nos
2186 579 2275 609 facitis
2291 585 2405 615 partict-

1342 628 1388 656 pes
1404 620 1432 648 in
1449 618 1563 648 Gaudio
1579 618 1726 648 vobiscum
1738 641 1747 656 ,
1766 620 1927 656 participare
1947 619 2087 655 pollemus
2102 619 2130 647 in
2156 617 2278 647 Praemio
2296 615 2330 646 &
2349 614 2403 644 La-

1342 659 1429 694 bore,
1445 657 1478 686 ad
1497 656 1572 694 quod
1589 657 1679 686 adhuc
1695 665 1744 694 per
1762 657 1819 686 Dei
1841 657 1958 693 gratiam
1974 657 2127 694 aspiramus.

1380 695 1522 733 Quaedam
1540 705 1633 725 autem
1651 695 1701 725 alia
1720 695 1880 732 quibusdam
1899 693 2024 725 fidelibus
2042 695 2156 732 nostris,
2175 692 2283 731 pridem
2299 691 2332 722 ad
2341 700 2404 730 para

1342 741 1381 763 tes
1398 733 1497 763 vestras
1514 733 1727 771 accedentibus,
1745 733 1915 770 injunximus
1933 732 2028 763 vestra:
2047 732 2212 762 Celsitudini
2232 731 2336 767 Regia:
2357 738 2404 758 ex-

1343 771 1502 840 ptrirnenda,
1519 771 1596 809 super
1616 772 1712 809 quibus
1731 772 1854 801 vestrum
1872 770 2044 809 Responsum
2061 771 2222 802 benivolum
2237 769 2318 800 avide
2337 776 2406 805 prae-

1343 816 1353 841 1
1368 820 1387 840 o
1398 820 1486 840 amur.

1382 848 1562 879 Serenitatem
1573 847 1692 878 vestram
1705 848 1754 878 diu
1767 847 1933 878 conservein
1942 847 2074 885 prosperis
2089 847 2246 877 Clementia
2253 843 2405 877 salvatoris

1416 886 1482 918 Dat.
1499 887 1571 926 apud
1588 886 1893 923 XVesttnonasterium,
1912 887 2053 916 tricesimo
2072 886 2117 916 die
2134 886 2216 916 Maii.

1449 993 1497 1024 De
1520 992 1596 1022 Cera
1611 994 1691 1022 circa
1710 991 1817 1035 Corpus
1833 993 1958 1023 Domini
1974 993 2014 1023 E.
2040 993 2109 1023 Avi
2128 991 2309 1026 renovanda,

1411 1075 1472 1107 EX
1491 1075 1691 1111 Thefimrario,
1708 1075 1741 1105 δε
1762 1074 1926 1105 Camerariis
1937 1074 2005 1114 suis,-
2023 1075 2154 1106 Salutem.
2425 1074 2501 1105 Anii.
2515 1072 2555 1103 Dt

1451 1114 1620 1144 Mandamus
1634 1114 1715 1142 vobis
1733 1114 1810 1150 qued
1831 1113 1956 1152 Ceram,
1973 1117 2048 1145 circa
2072 1115 2201 1153 Corpus,
2221 1115 2333 1147 celebris
2347 1125 2407 1147 rne-
2449 1123 2532 1151 1344·

1348 1155 1465 1191 moriae,
1482 1152 1607 1182 Domini
1620 1151 1651 1181 E.
1671 1152 1815 1190 quondam
1836 1152 1921 1191 Regis
1937 1153 2066 1191 Angliae,
2085 1154 2141 1184 Avi
2163 1154 2273 1193 nostri,
2295 1156 2324 1185 in
2339 1155 2408 1185 Μο-
2426 1157 2477 1178 1111-
2498 1152 2539 1178 18-

1348 1191 1468 1222 nasterio
1481 1189 1774 1221 westmonasterienfi
1784 1189 1939 1220 Humatum
1949 1214 1958 1228 ,
1974 1192 2152 1230 existentem,
2170 1193 2206 1222 de
2220 1193 2408 1224 Dcnarn'sno-
2428 1195 2456 1220 Ε.
2479 1200 2503 1226 3-

1348 1230 1408 1260 stris
1424 1230 1550 1260 renovari
1565 1228 1688 1265 faciatis,
1707 1235 1789 1265 prout
1805 1228 1936 1258 hactenus
1950 1229 2008 1258 fieri
2022 1230 2174 1261 consuevit.
2426 1228 2538 1256 Liberat.

1385 1268 1472 1300 Teste
1486 1268 1570 1305 Rege
1581 1267 1654 1304 apud
1668 1265 1971 1304 Westmonasterium,
1988 1268 2130 1297 tricennio
2150 1270 2194 1299 die
2206 1268 2291 1308 Junii.
2433 1267 2474 1292 ¹3-
2494 1270 2521 1292 13-
2533 1268 2562 1301 3?

2428 1314 2464 1332 m.
2481 1312 2507 1338 ς.

1673 1385 1722 1416 De
1742 1380 1902 1415 Militibus
1914 1381 2076 1427 faciendis.

1352 1467 1475 1523 REX
1495 1468 1671 1500 vicecomiti
1684 1467 1907 1505 Notinghamiae
1922 1467 2052 1498 Salutem.

1449 1507 1631 1545 Praecipimus
1645 1507 1713 1545 tibi,
1730 1506 1846 1536 firmiter
1862 1507 2051 1545 injungentes,
2071 1506 2149 1546 quod
2164 1517 2211 1546 per
2232 1517 2319 1539 totam
2335 1509 2416 1541 Balli-
2431 1522 2451 1553 Α

1350 1557 1416 1577 vam
1430 1555 1524 1585 tuam,
1543 1547 1601 1576 tam
1616 1544 1686 1575 infra
1702 1545 1870 1582 Libertates,
1889 1546 1976 1583 quarn
1995 1546 2091 1584 εγω-31,
2110 1547 2157 1576 ubi
2180 1549 2308 1585 expedire
2339 1550 2416 1580 vide·
2444 1550 2511 1590 ’ῙῚ

1351 1586 1386 1615 ris
1395 1608 1405 1623 ,
1425 1585 1537 1622 publice
1552 1584 1635 1613 facias
1646 1583 1832 1622 proclamari,
2445 1571 2539 1626 4-13148'

1391 1623 1485 1662 Qod
1501 1632 1601 1652 omnes
1614 1622 1669 1659 illi,
1688 1622 1735 1659 qui
1749 1621 1942 1689 andraginta
1967 1622 2089 1652 Libratas
2104 1622 2222 1662 Terrce,
2239 1625 2282 1655 vel
2306 1625 2415 1656 Reddi-
2434 1619 2465 1664 ‘g
2482 1622 2499 1657 ζ
2542 1620 2548 1627 ”

1353 1661 1414 1700 tsls,
1432 1671 1480 1699 per
1495 1661 1630 1698 Annum,
1646 1660 1765 1698 habent,
1784 1697 1789 1700 .
1837 1669 1884 1695 eos
1905 1670 1953 1697 per
1975 1661 2046 1690 Tres
2063 1661 2161 1691 Annos
2182 1663 2306 1699 integros
2321 1673 2416 1695 tenue-
2432 1659 2517 1703 Cia-ff*

1353 1710 1432 1738 runt,
1449 1700 1481 1730 ὃς
1496 1698 1601 1728 Milites
1617 1708 1674 1728 non
1688 1698 1757 1735 sint,
1774 1698 1916 1727 Ordinem
1939 1697 2082 1736 suscipiant
2102 1699 2255 1731 Militarem
2283 1704 2351 1733 citra
2368 1704 2418 1733 Fe·
2438 1715 2468 1741 ,g
2482 1694 2519 1741 ’ξ’
2534 1716 2561 1733 ..-

1355 1739 1430 1769 stum
1445 1737 1539 1768 Sancti
1555 1736 1692 1768 Laurentii
1707 1736 1839 1774 proximo
1854 1737 1994 1774 futurum,
2014 1737 2058 1766 vel
2074 1738 2104 1767 in
2116 1738 2217 1769 eodem
2230 1740 2312 1770 Festo
2329 1741 2363 1772 ad
2378 1742 2419 1773 ul-
2475 1737 2479 1740 *
2517 1736 2523 1741 ’
2536 1734 2559 1749 ⁷¹

1355 1778 1460 1808 timum
1471 1798 1480 1814 ,
1497 1775 1547 1805 sub
1560 1774 1683 1813 periculo
1698 1774 1775 1814 quod
1793 1775 1942 1804 incumbit.

1394 1815 1429 1845 Et
1443 1814 1478 1844 de
1494 1814 1656 1844 nominibus
1670 1812 1799 1851 illorum,
1814 1813 1861 1851 qui
1886 1812 2076 1851 Quadraginta
2097 1813 2221 1846 Libratas
2241 1816 2355 1856 Terrae,
2374 1820 2420 1849 vel

1356 1851 1495 1884 Redditus
1510 1862 1558 1890 per
1574 1852 1705 1890 Annum,
1722 1852 1826 1881 habent
1840 1852 1869 1881 in
1882 1850 1984 1881 Balliva
2005 1851 2069 1889 tufi,
2087 1851 2155 1883 sicut
2179 1854 2348 1891 praedictum
2364 1857 2422 1895 est,

1356 1892 1503 1929 diligenter
1518 1891 1654 1928 inquiras,
1672 1891 1704 1921 ὃς
1720 1891 1800 1920 nobis
1812 1890 1848 1920 de
1863 1890 2027 1920 nominibus
2047 1889 2112 1930 illis,
2129 1893 2158 1922 in
2182 1891 2354 1926 cancellaria
2367 1905 2423 1926 no-

1358 1930 1429 1969 stri,
1448 1929 1574 1959 constare
1590 1928 1673 1958 facias
1688 1937 1750 1959 ante
1765 1927 1879 1958 Festum
1894 1927 2080 1967 supi-adrerum
2089 1940 2099 1968 3

1395 1969 1431 2000 Et
1448 1968 1504 1998 hoc
1523 1966 1674 1997 nullatenus
1688 1969 1810 1998 omittas.

1434 2006 1522 2039 Teste
1541 2004 1626 2045 Rege
1639 2005 1712 2044 apud
1726 2004 2028 2045 Westmonasterium,
2042 2006 2181 2038 tricesimo
2193 2007 2239 2039 die
2252 2009 2337 2048 Juniis

2457 1532 2507 1552 nn.
2521 1522 2562 1552 D..

2436 1760 2460 1790 P.
2482 1763 2506 1779 2.
2525 1762 2557 1779 71⁸!⁴

2440 1801 2484 1818 22.
2505 1790 2529 1818 d.

1823 2086 1876 2113 Per
1897 2082 1978 2123 ipficm
1998 2086 2094 2121 Regem
2112 2082 2150 2118 ὠ·
2167 2085 2319 2117 Concilium.

1396 2162 1561 2194 consimilia
1575 2161 1672 2194 Brevia
1686 2161 1842 2203 diriguntur
1856 2160 1968 2198 singulis
1983 2160 2207 2193 Vicecomitibus
2220 2172 2269 2201 per
2281 2162 2424 2202 Angliami

1569 2291 1617 2323 De
1635 2288 1730 2334 Cursic
1748 2291 1875 2322 Monetae
1892 2290 1976 2320 Auri
1991 2285 2213 2333 proclamando,

1364 2374 1431 2427 LE
1449 2374 1509 2405 Roi
1524 2385 1552 2406 as
1564 2374 1714 2406 Viscounts
1729 2373 1764 2404 de
1778 2372 1904 2403 [ondres
1917 2372 2019 2403 Salutz.

1445 2413 1557 2452 Come,
1576 2424 1623 2452 par
1637 2414 1693 2443 avis
1706 2412 1741 2442 de
1755 2411 1850 2441 nostre
1865 2410 1979 2441 Conseil
1988 2434 1997 2449 ,
2015 2420 2067 2449 pur
2081 2419 2240 2441 commune
2247 2411 2329 2449 profit
2342 2412 2379 2443 de
2386 2420 2429 2444 tot
2447 2418 2522 2450 Ann,
2535 2416 2562 2449 D

1364 2452 1457 2523 Soiffi:
1472 2450 1822 2521 Roialrgbdffingletterre
1829 2473 1838 2488 ,
1855 2459 1923 2480 eons
1944 2450 2044 2480 ordine
2067 2449 2102 2479 de
2124 2449 2188 2480 faire
2203 2450 2289 2480 Trois
2305 2461 2431 2481 maneres
2466 2466 2552 2498 1344,

1384 2503 1399 2523 e
1453 2501 1550 2521 onores
1581 2491 1588 2503 '
1624 2500 1645 2519 r.
2444 2501 2497 2524 An.
2519 2496 2560 2522 ,3-

1400 2529 1473 2560 Une
1495 2529 1618 2559 Monoie
1631 2551 1640 2566 ,
1658 2535 1768 2558 currant
1788 2526 1812 2557 la
1834 2527 1912 2564 piece
1937 2536 1988 2564 pur
2010 2525 2060 2566 Sys
2080 2525 2168 2555 Soidz
2188 2527 2222 2557 &
2241 2526 2301 2567 Oyt
2321 2526 2430 2558 Deners
2446 2540 2466 2562 E
2488 2545 2512 2571 3,

1365 2567 1542 2607 d’Esterlings
1551 2590 1560 2606 ,
1581 2577 1634 2605 que
1649 2566 1715 2596 serra
1731 2565 1835 2603 appelle
1848 2565 1883 2594 N
1885 2565 1950 2595 oble
1964 2563 2036 2594 d'Or
2045 2588 2054 2603 ,
2449 2574 2536 2604 Clauf.

1404 2606 1441 2638 Et
1454 2616 1509 2637 une
1521 2614 1596 2637 autre
1610 2604 1733 2635 Monoie
1755 2603 1845 2642 d’Or,
1863 2602 2001 2633 Currante
2019 2603 2042 2633 13
2067 2602 2146 2637 pisce
2160 2611 2213 2640 pur
2232 2603 2356 2642 Qrante
2370 2603 2431 2633 De-
2454 2612 2494 2638 13.
2511 2616 2562 2647 ΕΞ

1368 2656 1430 2676 ners
1443 2644 1639 2682 d'Esterlings,
1659 2653 1712 2681 que
1725 2641 1793 2673 serra
1807 2642 1912 2680 appelle
1929 2640 2028 2671 Maille
2044 2641 2164 2677 Noble,
2224 2678 2234 2682 -
2448 2656 2473 2686 p·
2498 2659 2521 2676 2·
2542 2658 2562 2675 ,ᾗ

1407 2683 1443 2714 Et
1459 2683 1481 2713 la
1494 2684 1599 2713 Tierce
1614 2681 1737 2712 Monoie
1750 2680 1824 2711 d’Or
1838 2703 1849 2719 ,
1873 2679 2008 2710 Currante
2022 2680 2045 2709 13
2064 2680 2142 2717 piece
2157 2688 2208 2716 pur
2228 2677 2301 2718 'synt
2323 2679 2432 2711 Deners
2452 2697 2497 2724 23,
2512 2688 2538 2716 A,

1369 2721 1569 2759 d'Esterlings,
1588 2730 1641 2758 que
1650 2719 1719 2750 serra
1734 2718 1839 2757 appelle
1852 2718 1972 2757 Ferlyng
1987 2717 2102 2754 Noble,
2192 2756 2196 2761 ἰ
2449 2734 2511 2775 J
2533 2736 2562 2776 Δ

1408 2760 1445 2791 Et
1468 2771 1521 2798 que
1535 2761 1594 2790 crie
1608 2759 1661 2789 soit
1676 2758 1709 2788 ὃ(
1721 2756 1860 2787 defenduz
1896 2767 1942 2793 par
1966 2764 2007 2785 rot
2025 2755 2118 2785 nostre
2139 2754 2271 2785 Romlme
2291 2756 2323 2786 &
2341 2757 2431 2795 poair,
2479 2758 2525 2778 6⁶

1372 2809 1426 2837 que
1448 2799 1494 2829 nul
1516 2799 1604 2828 home
1621 2807 1656 2827 ne
1677 2804 1756 2834 porte
1778 2796 1841 2825 hors
1856 2780 1891 2824 de
1911 2793 2004 2823 nostre
2026 2794 2065 2823 dit
2090 2793 2225 2836 Roialrne
2245 2793 2434 2831 d'Engieterre
2465 2795 2562 2836 ‘2'ng

1373 2838 1496 2868 Monoie
1510 2836 1603 2874 d'Or,
1622 2845 1657 2865 ne
1671 2834 1825 2871 d'Argent,
1844 2843 1880 2863 ne
1893 2832 1957 2862 nule
1973 2840 2047 2862 autre
2058 2831 2187 2873 ,Ixionem
2205 2832 2277 2861 d'Or
2298 2842 2331 2862 ne
2349 2832 2420 2863 d’Ar

1372 2884 1439 2915 gent
1460 2875 1558 2913 (sauve
1579 2873 1639 2904 cele
1658 2873 1758 2902 novele
1782 2871 1907 2901 Monoie
1927 2870 2019 2906 d’Or)
2049 2878 2090 2900 lus
2111 2880 2200 2909 peyne
2223 2870 2258 2900 de
2282 2871 2376 2908 pei-dre
2391 2880 2434 2902 tot
2445 2873 2562 2922 W*

1372 2915 1454 2951 l’Or,
1471 2915 1504 2944 ἃ
1520 2920 1561 2943 tot
1576 2912 1722 2949 l'Argent,
1740 2911 1772 2941 &
1786 2910 1847 2940 lour
1861 2908 1953 2946 Corps
1967 2919 1982 2939 a
1996 2908 2090 2938 nostre
2104 2909 2232 2947 volunte,
2252 2909 2271 2938 fi
2287 2919 2320 2939 ce
2333 2919 2368 2939 ne
2383 2909 2434 2940 soit

1374 2964 1422 2992 par
1435 2951 1566 2989 especiale
1581 2949 1696 2988 Congie
1711 2949 1747 2979 de
1761 2959 1846 2986 nous,

1412 2989 1447 3021 Et
1463 3000 1518 3028 que
1533 2988 1601 3019 Crie
1612 2988 1662 3018 soit
1674 2988 1723 3018 fait
1739 2998 1791 3025 que
1806 2987 1854 3017 nul
1873 2986 1962 3016 home
1977 2985 2129 3023 Rescciue,
2147 2995 2182 3015 ne
2202 2985 2361 3023 Dispendc,
2380 2985 2429 3016 nul

1374 3039 1486 3059 manere
1499 3027 1620 3057 Monoie
1633 3026 1724 3064 d'Or,
1739 3035 1775 3055 ne
1790 3025 1943 3062 d'Argent,
1961 3023 1996 3054 de
2017 3024 2075 3054 null
2096 3034 2170 3054 autre
2194 3023 2309 3060 Coigne
2328 3034 2382 3063 que
2397 3024 2433 3054 de

1374 3077 1432 3098 noz
1448 3066 1574 3103 Coignes
1584 3088 1593 3103 ,
1608 3065 1649 3095 sur
1665 3065 1690 3094 le
1702 3064 1768 3102 peril
1781 3064 1928 3103 d'appent,

1410 3105 1447 3135 Et
1462 3115 1514 3143 que
1529 3105 1552 3134 la
1566 3105 1642 3133 bone
1656 3102 1781 3133 Monoie
1793 3102 1931 3135 d'Arzent
1941 3123 1950 3137 ,
1969 3101 2041 3139 q'ore
2058 3109 2154 3138 court,
2171 3101 2265 3137 tiegne
2277 3100 2326 3130 son
2335 3110 2431 3139 cours,

1411 3143 1447 3174 Et
1462 3153 1516 3183 que
1531 3143 1603 3173 nulle
1618 3142 1705 3172 refuse
1721 3141 1744 3170 13
1760 3141 1816 3171 dite
1831 3140 1924 3170 nostre
1939 3140 2060 3169 Monoie
2074 3139 2147 3168 d'Or
2162 3149 2196 3169 ne
2210 3138 2365 3178 d'Argent,
2384 3150 2435 3177 pur

1374 3183 1400 3212 le
1415 3183 1469 3220 pris
1482 3181 1576 3219 susdit,
1594 3180 1636 3210 sur
1649 3180 1674 3210 le
1693 3178 1759 3216 peril
1773 3178 1851 3209 susdit
1868 3178 2073 3215 (c’cstassaver)
2094 3177 2119 3207 13
2142 3176 2268 3207 Monoie
2289 3177 2362 3208 d⁴Or
2383 3186 2434 3215 pur

1373 3221 1398 3251 la
1414 3221 1523 3251 somme
1539 3219 1575 3249 de
1592 3219 1669 3259 Vynt
1683 3218 1770 3248 Soldz
1783 3217 1962 3252 d'Esterlings
1985 3226 2023 3246 ou
2039 3214 2175 3253 pais-ante,
2193 3216 2225 3246 &
2236 3216 2317 3254 que*
2327 3216 2373 3246 nul
2387 3217 2435 3247 ioit

1375 3259 1528 3290 constreint
1543 3258 1578 3288 de
1593 3257 1617 3288 la
1632 3257 1755 3288 recciure
1773 3255 1856 3286 deinz
1867 3255 1891 3285 la
1905 3255 1962 3285 dite
1982 3254 2093 3284 somme
2114 3253 2149 3284 de
2165 3253 2242 3293 Vynt
2263 3254 2349 3284 Soldz
2362 3264 2434 3284 con-

1375 3306 1418 3328 tre
1432 3298 1481 3327 son
1516 3307 1560 3327 ree

1410 3335 1445 3366 Et
1460 3306 1515 3374 qug
1528 3319 1647 3366 chescun
1662 3332 1748 3372 puisse
1770 3332 1852 3371 espier
1870 3333 1902 3363 δε
1924 3330 2032 3362 accuser
2047 3338 2136 3374 toutes
2157 3338 2244 3368 gentz
2262 3339 2314 3368 que
2329 3330 2436 3363 ferront

1372 3375 1397 3405 al
1408 3382 1558 3410 encontre,
1576 3375 1608 3404 ὃ(
1623 3373 1692 3403 suire
1708 3383 1756 3410 pur
1769 3382 1839 3401 nous
1855 3381 1889 3400 en
1905 3370 1973 3401 celle
1992 3378 2095 3407 partie,

1410 3412 1447 3443 Et
1465 3413 1500 3443 de
1517 3411 1587 3442 celle
1610 3411 1750 3447 Monoie,
1769 3420 1822 3447 que
1843 3409 1910 3439 serra
1927 3418 2007 3438 trove
2029 3407 2102 3438 iffint
2126 3416 2203 3444 porte
2217 3429 2227 3445 ,
2251 3406 2377 3447 Resceu,
2396 3418 2436 3440 ou

1372 3450 1540 3488 Despendu,
1556 3450 1581 3480 13
1603 3450 1688 3480 tierce
1708 3450 1795 3486 partie
1808 3448 1877 3478 serra
1902 3458 1917 3477 a
1939 3446 2017 3487 celuy
2042 3447 2070 3484 qi
2094 3445 2195 3482 espiera
2208 3455 2245 3475 ou
2265 3454 2392 3477 trouvera
2411 3448 2437 3479 la

1372 3489 1457 3519 chose
1466 3512 1475 3528 ,
1493 3489 1525 3519 δε
1539 3489 1576 3518 les
1589 3487 1662 3518 deux
1676 3488 1773 3525 parties
1787 3497 1802 3516 a
1818 3496 1888 3516 nous
1900 3509 1909 3523 ,

1410 3528 1466 3565 Et,
1486 3537 1536 3564 pur
1552 3537 1586 3556 ce
1602 3536 1670 3564 que,
1689 3533 1769 3555 avant
1789 3535 1835 3554 ces
1856 3525 1968 3561 heures,
1987 3531 2073 3559 gentz
2093 3530 2163 3553 ount
2184 3520 2240 3552 este
2253 3521 2371 3553 desceuz
2389 3534 2438 3562 par

1372 3565 1451 3596 cause
1467 3564 1533 3603 qu'il
1549 3565 1650 3595 n'aveit
1666 3564 1738 3593 nulle
1759 3562 1907 3599 Esthange
1928 3570 2022 3591 outere
2038 3584 2048 3599 ,
2074 3570 2111 3590 ne
2131 3559 2187 3591 null
2206 3561 2309 3590 certein
2327 3562 2438 3594 Ordine

1371 3614 1424 3641 que
1445 3604 1533 3634 home
1551 3603 1672 3633 devereit
1691 3602 1779 3632 doner
1802 3611 1853 3640 pur
1878 3600 2033 3636 reschange
2048 3622 2057 3636 ,
2083 3598 2103 3628 fi
2118 3608 2205 3629 avons
2227 3599 2326 3629 ordine
2344 3601 2438 3633 nostre

1372 3642 1520 3678 Eschange
1536 3650 1631 3672 overte
1648 3651 1682 3670 en
1701 3641 1725 3670 la
1745 3639 1808 3670 Rue
1824 3639 1915 3677 jouste
1935 3639 2135 3668 Servates-tour
2153 3638 2188 3668 dc
2205 3638 2347 3678 Lorffloes,

1409 3681 1446 3711 Et
1459 3680 1546 3718 celui,
1565 3690 1619 3717 que
1633 3689 1711 3708 vorra
1726 3678 1837 3716 illoeqes
1857 3678 1999 3713 cliaunger
2013 3676 2057 3706 Or
2084 3686 2136 3713 pur
2150 3676 2318 3715 Esterlings,
2345 3680 2435 3718 prein-

1374 3730 1428 3758 ge,
1447 3729 1497 3757 pur
1511 3718 1536 3748 le
1550 3717 1651 3748 Noble
1669 3716 1760 3753 d'Or,
1779 3727 1817 3746 un
1837 3716 1934 3746 Dener
1954 3725 2050 3754 meyns
2067 3715 2103 3745 de
2119 3715 2179 3745 dim
2196 3715 2297 3756 Marc,

1410 3758 1464 3795 Et,
1482 3767 1532 3794 pur
1547 3756 1573 3786 le
1589 3755 1686 3786 Maille
1703 3755 1791 3792 d'Or,
1809 3765 1863 3785 une
1884 3753 1980 3784 Maille
2002 3764 2098 3794 meyns
2115 3753 2151 3783 de
2169 3755 2293 3792 Qrante
2310 3755 2440 3797 DenersJ

1412 3795 1448 3827 Et
1464 3805 1514 3832 pur
1528 3795 1554 3825 le
1568 3794 1669 3830 ferling
1682 3793 1755 3824 d'Or
1770 3805 1808 3825 un
1822 3795 1929 3827 Ferlinz
1945 3804 2042 3834 meyns
2055 3796 2090 3825 de
2108 3795 2185 3835 Vynt
2201 3796 2325 3834 Deners,

1412 3833 1448 3864 Et
1467 3833 1554 3872 celui,
1573 3842 1626 3869 que
1641 3841 1724 3862 vorra
1737 3832 1845 3862 achatre
1859 3833 1884 3862 le
1900 3832 1999 3864 Noble
2010 3834 2082 3863 d'Or
2103 3843 2155 3872 pur
2174 3833 2328 3873 Esterlings
2342 3858 2352 3875 ,
2375 3837 2436 3873 paie

1375 3883 1431 3904 une
1446 3871 1541 3901 Maille
1559 3870 1698 3907 d’Argent
1711 3879 1789 3900 outre
1801 3871 1826 3901 le
1840 3872 1910 3909 pris,

1416 3910 1453 3940 Et
1471 3919 1520 3947 pur
1539 3909 1564 3939 le
1583 3908 1682 3939 Maille
1698 3909 1771 3939 d’Or
1789 3920 1827 3939 un
1844 3909 1956 3944 Ferlinq
1968 3909 2121 3948 d’Argent,

1416 3948 1451 3978 Et
1472 3958 1523 3987 pur
1539 3947 1622 3978 Deux
1644 3948 1769 3984 Ferlings
1777 3947 1849 3977 d'Or
1871 3958 1907 3978 un
1927 3946 2035 3985 Ferling
2043 3949 2177 3988 d’Argent
2189 3957 2268 3981 outre
2276 3951 2302 3981 le
2316 3951 2356 3980 dit
2366 3951 2439 3988 pris}

1420 3986 1455 4016 Et
1467 3985 1566 4015 volons
1579 3996 1632 4024 que
1645 3994 1735 4016 tontes
1747 3985 1845 4016 Gentz
1857 4009 1867 4024 ,
1885 3997 1938 4024 que
1959 3995 2071 4017 vorrent
2093 3987 2159 4018 faire
2176 3988 2312 4025 eschange
2333 3998 2368 4017 en
2386 3999 2439 4018 no-

1385 4025 1436 4055 stre
1456 4023 1537 4054 Citee
1555 4024 1590 4055 de
1608 4024 1751 4062 Londres,
1769 4025 1886 4061 vignent
1903 4035 1919 4054 a
1937 4024 2030 4055 nostre
2044 4025 2101 4056 dite
2116 4026 2274 4063 Eschange,
2291 4036 2328 4055 ou
2351 4036 2377 4055 as
2392 4035 2440 4055 au-

2453 3232 2473 3252 *
2484 3235 2562 3269 V.4rj

198 4089 203 4095 .
227 4077 263 4097 m.
287 4064 627 4102 &cumingemigaudio
644 4065 777 4096 nimirum
793 4062 950 4101 audivimus
957 4063 1161 4096 continentiam
1170 4060 1345 4099 earumdem,
1384 4072 1437 4096 tres
1453 4063 1525 4094 lieux
1540 4072 1579 4094 ou
1591 4073 1660 4094 nous
1677 4063 1841 4094 ordinerons
1859 4062 1954 4093 nostre
1972 4062 2117 4104 Eschange
2131 4089 2140 4103 ,
2162 4066 2195 4096 ὃς
2221 4075 2274 4103 que
2291 4063 2338 4094 nul
2350 4072 2442 4101 autre,

1908 4100 1939 4132 X
1958 4112 1977 4133 2
2371 4101 2436 4132 sanz
