2562 4279
0 269 76 302 Ann.
92 266 133 298 D.

2 308 115 382 2223431

21 1624 99 1656 Ann.
109 1622 151 1654 D.

51 1672 138 1703 1334·

23 1706 77 1731 An.
93 1706 120 1730 ὃ.

21 1745 54 1769 1.
74 1751 99 1778 3.

24 1784 64 1807 Ex
81 1782 138 1806 Au-

24 1824 90 1854 την.

29 1972 113 2001 *1v.

28 2012 94 2047 615.

717 179 818 221 ET
911 176 1177 218 ACTA

148 268 203 299 suae
215 274 278 298 ante
292 268 335 305 se,
354 268 425 298 infra
439 266 620 297 Provinciam
634 264 755 297 vestram
769 266 798 295 in
814 262 955 295 veniendo
969 262 1002 292 ad
1023 272 1093 299 nos,
1111 270 1142 292 ut
1167 260 1207 290 est

147 306 257 337 dictum
273 331 282 344 ,
299 306 404 337 ibidem
423 306 562 336 morando
576 328 585 342 ,
605 306 638 335 &
659 303 758 334 exinde
780 302 814 333 ad
836 303 946 340 propria
965 300 1109 344 redeundo
1123 309 1208 343 ,non

149 345 271 375 inferatis
285 367 294 382 ,
311 346 356 376 seu
399 355 426 375 er
447 345 514 374 alios
535 343 647 379 inferri,
667 342 711 372 vel
733 342 897 380 procurari,
916 339 1067 377 aliqualiter
1089 338 1209 374 faciatis,

150 383 319 422 Dampnum
329 407 338 421 ,
356 355 534 419 vituperium
545 405 554 419 ,
572 380 812 418 Impedimentum
828 377 958 416 aliquod,
974 377 1019 407 seu
1034 376 1209 419 Gravamen.

187 421 277 452 Teste
297 422 382 460 Rege
402 421 474 459 apud
495 420 623 451 Novum
649 416 782 449 Castrum
801 417 879 455 super
891 416 1023 454 Tynam,
1038 414 1210 444 duodeC1mo

151 460 197 491 die
208 460 295 498 Junii,

837 496 891 522 Per
903 490 984 530 ipsicm
1000 493 1104 528 Regem.

157 574 276 632 REX
295 574 469 606 Vicecomiti
483 571 701 611 Notinghamiae
718 569 847 600 Salutem.
963 607 967 612 ⁴
1148 605 1153 611 .
1194 606 1199 611 .

256 613 353 650 Cum,
373 611 545 642 Venerabilis
562 610 658 647 Pater,
672 609 814 647 Johannes
834 605 1041 636 Cantuanenfis
1064 605 1215 643 Archiepi-

154 651 272 690 scopus,
289 652 374 682 totius
400 650 512 688 Angliae
535 649 659 685 Primas,
679 644 866 676 Cancellarius
890 644 1001 682 noster,
1020 645 1054 675 ad
1077 644 1214 688 Noste

157 691 290 721 mandato
306 688 420 725 nostro,
439 699 492 726 pro
508 687 684 724 expeditione
697 683 886 723 quorumdam
907 683 1061 714 arduorum
1085 692 1217 722 negotio-

157 738 222 758 rum
238 728 420 765 nostrorum,
439 727 471 757 fit
485 734 616 758 venturus
622 746 632 762 ,

195 767 340 835 fflgssmes
354 803 443 841 ipsum
457 798 710 838 Archiepiscopum
719 798 948 830 Cantuariensem
963 799 1041 837 super
1047 798 1219 838 Bajulatione

159 843 263 874 Crucis
278 844 333 873 suae
345 840 512 879 perturbari,
673 875 677 880 ¹

198 881 270 911 Tibi
292 880 486 919 praecipimus,
504 875 618 906 firmiter
640 875 831 914 injungentes,
851 876 931 914 quod
952 876 1045 906 eidem
1071 876 1220 915 Archiepi-

161 919 267 958 scopo,
286 919 354 949 cum
379 916 413 946 ad
434 914 566 945 Ballivam
591 923 668 944 tuam
691 914 851 950 accesserit,
869 925 1021 953 occurras,
1038 915 1173 952 &ipsum
1186 924 1219 944 ac

161 957 306 989 Homines
321 956 399 993 suos,
417 963 466 992 per
480 961 569 983 totam
586 952 719 983 Ballivam
735 962 828 991 tuam,
849 953 925 983 salvo
939 953 971 983 δε
993 953 1089 983 secure
1110 953 1222 983 condu-

162 1006 223 1034 cas,
241 1005 301 1025 non
323 993 502 1030 permittens,
522 1000 662 1029 quantum,
679 992 707 1020 in
729 1000 756 1021 te
777 991 818 1021 est
833 1016 842 1028 ,
863 992 955 1021 eidem
979 991 1222 1029 Arcliiepiscopo,

162 1043 209 1065 aut
224 1031 399 1064 Hominibus
413 1029 523 1068 suis,ab
538 1030 673 1068 aliquibus
686 1030 781 1060 inferri
797 1029 1039 1068 Impedimentum
1051 1029 1165 1067 aliquod
1177 1029 1223 1060 seu

163 1073 337 1103 Gravamen.

201 1108 291 1140 Teste
311 1107 396 1146 Rege
415 1106 487 1145 apud
509 1106 634 1138 Novum
654 1105 788 1137 Castrum
804 1106 883 1144 super
896 1106 1033 1145 Tynam,
1050 1105 1224 1137 duodecimo

163 1148 209 1178 die
217 1147 305 1187 Junii,

843 1186 897 1213 Per
913 1181 995 1222 ipftcm
1012 1185 1117 1220 Regem.

200 1261 360 1293 Consimile
380 1261 470 1293 Breve
491 1261 615 1301 dirigitur
640 1261 817 1292 Vicecomiti
839 1260 979 1290 Eborum.

169 1388 276 1419 Lirem
292 1385 445 1419 Edwardi
466 1388 551 1432 Regis
576 1388 729 1418 Scotorum
741 1385 831 1430 fhper
855 1380 1027 1427 Conclffionc
1046 1386 1081 1416 V
1079 1385 1204 1417 illarum
1217 1411 1227 1426 ,

217 1433 389 1478 Castrorum
406 1461 415 1477 ,
440 1437 476 1472 ὠ·
505 1438 710 1466 ίόηαίῑλῐκιινη
727 1460 736 1475 ,
764 1433 799 1466 de
830 1432 992 1475 Berwile,
1020 1431 1227 1479 Rokesburgh,

220 1481 398 1528 ‘Jedeworth
419 1509 427 1524 ,
454 1481 603 1532 SelkyrlQ,
628 1480 738 1530 Etrque
754 1508 763 1523 ,
789 1480 969 1529 Edinburgh
986 1509 996 1523 ,
1029 1480 1229 1527 Hadington‚

217 1524 389 1581 Zynltscon,
414 1528 536 1572 Pebles,
561 1534 597 1568 ρὰ
620 1531 778 1575 Dumfres.

202 1616 373 1648 “Dwardus
388 1640 397 1654 ,
417 1616 473 1647 Dei
493 1615 599 1654 gratia,
618 1615 684 1646 Rex
705 1615 861 1646 Scotorum
877 1638 886 1652 ,
905 1614 1147 1653 Archiepiscopis,
1165 1614 1235 1652 Epi-

254 1656 359 1693 scopis,
379 1655 536 1685 Abbatibus
554 1677 563 1692 ,
583 1653 745 1692 Prioribus,
765 1652 946 1691 Comitibus,
964 1653 1136 1689 Batonibus,
1150 1653 1236 1691 Justi-

177 1695 282 1732 ciariis,
299 1694 544 1729 vicecomitibus,
564 1692 740 1729 Praepofitis,
761 1691 914 1729 Ministris,
934 1693 967 1722 δε
981 1693 1115 1723 omnibus
1123 1691 1234 1723 Ballivis

175 1735 209 1766 &
221 1732 363 1763 Fidelibus
377 1732 444 1770 suis,
461 1741 494 1763 ac
507 1732 564 1762 aliis
578 1729 819 1770 quibuscumque,
837 1729 972 1760 Salutem.

214 1772 311 1802 Sciatis
325 1771 404 1809 quod
413 1794 423 1809 ,

212 1810 293 1840 Cum
309 1820 361 1840 nos
375 1819 462 1847 nuper
471 1833 480 1848 ,

215 1847 431 1879 Considerantes
451 1847 622 1878 Aff'efflonis
643 1847 676 1880 &
696 1847 907 1879 Benevolentiae
927 1848 1074 1886 puritatem
1089 1870 1099 1885 ,
1131 1856 1216 1886 quam
1229 1870 1239 1885 ,

177 1885 448 1920 Excellentiffimum
462 1886 643 1925 Principem,
662 1888 696 1918 &
710 1886 883 1918 cariffimum
898 1887 1063 1917 Dominum
1073 1910 1082 1924 ,
1100 1886 1134 1917 ὃς
1155 1885 1240 1916 Con-

179 1927 361 1963 sanguineum
377 1925 523 1963 nostrum,
542 1925 708 1956 Dominum
721 1925 913 1963 Edwardum,
932 1925 1049 1962 Regem
1071 1924 1183 1963 Angliae
1203 1923 1240 1953 ll-

178 1966 296 1996 lustrem
310 1973 373 2002 erga
389 1963 543 1996 Personam
559 1963 687 1994 nostram
702 1964 829 1994 habuilse
849 1965 867 1983 ἧς
887 1965 1096 2002 cognovimus,
1115 1964 1148 1994 &
1163 1971 1240 2001 mag-

176 2013 245 2034 nam
260 2003 494 2040 subventionem,
513 2012 599 2040 quam
613 2012 673 2032 non
687 2002 790 2040 absque
805 2003 912 2040 magnis
928 2003 961 2032 ὃς
977 2001 1090 2031 infinitis
1113 2001 1241 2038 Sumpti-

177 2043 248 2080 bus,
268 2043 301 2072 &
315 2041 473 2071 Laboribus
487 2040 665 2079 periculosis,
683 2041 765 2071 nobis
781 2050 871 2080 nuper
885 2041 952 2070 fecit
967 2039 1003 2070 de
1018 2039 1099 2077 Ipso,
1118 2039 1242 2070 &Gen-

178 2080 254 2111 tibus
268 2079 337 2116 suis,
356 2080 431 2108 circa
446 2080 688 2116 recuperationem
702 2078 880 2109 Haereditatis
894 2077 1015 2115 nostrae,
1034 2088 1066 2108 ac
1086 2077 1243 2108 desideran-

179 2126 237 2156 tes,
255 2116 463 2155 praemifforum
479 2117 600 2155 intuitu,
618 2116 711 2154 ipsum
727 2116 844 2154 Regem
859 2116 969 2156 Angliae
982 2117 1156 2155 prospicere,
1175 2125 1243 2154 qua-

180 2164 261 2187 tenus
275 2155 387 2185 facultas
402 2156 484 2185 nobis
497 2164 565 2185 tunc
579 2155 715 2192 temporis
729 2155 909 2195 suppetebat,

216 2193 424 2230 Voluissemus,
443 2193 476 2223 &
492 2193 720 2224 concessissemus
736 2203 789 2230 pro
811 2193 925 2230 Nobis,
943 2193 976 2224 ὃς
998 2191 1169 2223 Haeredibus
1190 2202 1244 2223 no-

181 2232 259 2270 stris,
279 2231 371 2270 Dare,
391 2231 535 2270 Affignare
547 2256 557 2269 ,
575 2241 608 2262 ac
633 2232 758 2262 Liberari
778 2231 869 2262 facere
891 2231 1009 2269 praefato
1031 2231 1108 2268 Regi
1131 2231 1243 2269 Angliae

181 2271 255 2302 Duo
280 2270 362 2301 Milia
384 2270 560 2300 Libratarum
583 2269 682 2300 Terrae
705 2280 753 2307 per
774 2269 911 2307 Annum,
929 2271 959 2300 in
974 2270 1043 2300 locis
1055 2270 1245 2307 competenti-

182 2310 251 2347 bus,
269 2309 348 2347 super
364 2308 526 2338 Marchiam
544 2308 640 2347 Regni
664 2308 752 2338 nostri
773 2308 895 2347 Scotiae,
910 2307 1018 2346 Regno
1039 2307 1151 2347 Angliae
1172 2308 1245 2346 adja-

183 2348 330 2385 centibus,
349 2348 381 2378 δί
395 2347 512 2385 praefato
528 2346 603 2386 Regi
616 2346 728 2384 Angliae
742 2345 930 2385 placentibus,

221 2385 278 2424 Et,
296 2386 326 2416 in
346 2394 453 2423 partem
474 2385 574 2416 valoris
593 2385 742 2416 dierorum
762 2384 900 2416 Duorum
924 2384 1042 2415 Milium
1065 2385 1245 2416 Libratarum

183 2424 303 2461 Terrae,
321 2423 506 2461 dedissemus,
525 2423 810 2462 conceffiffemus,&
822 2422 1029 2463 affignaffemus
1043 2424 1160 2461 praefato
1169 2424 1246 2463 Regi

183 2463 296 2501 Anglioe
319 2461 452 2492 Castrum
467 2486 476 2499 ,
493 2461 600 2492 Villam
615 2486 624 2500 ,
642 2472 676 2493 ac
697 2461 880 2493 Comitatum
898 2461 1036 2492 Berewici
1054 2462 1135 2500 super
1157 2462 1248 2493 Twe-

182 2500 307 2539 dam,&
320 2500 542 2538 promiiiffemus
557 2501 636 2540 quod
650 2501 724 2540 hoc,
743 2501 820 2539 quod
835 2500 871 2531 de
891 2500 975 2530 dietis
989 2500 1114 2531 Duobus
1130 2500 1250 2532 Milibus

185 2539 365 2570 Libratarum
385 2538 483 2568 Terrae
508 2549 557 2576 per
579 2539 699 2570 Annum
719 2539 883 2578 defeciiset,
903 2539 1059 2569 faceremus
1078 2538 1249 2579 assignari&

183 2577 296 2608 liberari
315 2576 430 2615 praefato
453 2577 528 2616 Regi
550 2577 660 2616 Angliae
682 2579 709 2607 in
733 2579 790 2608 aliis
804 2577 875 2609 locis
890 2578 1138 2615 competentibus,
1155 2585 1186 2608 ut
1208 2577 1249 2608 est

185 2615 298 2646 dietum
314 2639 323 2654 ,
349 2614 556 2646 HABENDA
581 2616 614 2646 ὃς
632 2616 687 2646 TE
700 2625 840 2646 NENDA
867 2615 959 2646 eidem
982 2616 1059 2655 Regi
1081 2616 1193 2655 Angliae
1215 2617 1249 2647 ὃ(

185 2653 355 2685 Haeredibus
368 2654 437 2692 suis,
455 2653 511 2684 una
526 2664 595 2684 cum
610 2654 634 2683 F
636 2655 712 2685 eodis
727 2653 875 2693 Militum,
890 2655 924 2685 ὃς
940 2653 1185 2685 Advocationibus
1192 2654 1251 2684 Ec-

186 2692 332 2723 clefiarum
341 2716 350 2729 ,
368 2702 401 2722 ac
413 2693 469 2721 aliis
483 2693 655 2730 pertinentiis
669 2692 720 2722 suis
734 2693 963 2730 quibuscunque,
981 2692 1101 2729 separata
1115 2693 1131 2722 a
1147 2692 1250 2730 Regali

188 2730 341 2767 Dignitate
360 2730 393 2760 &
417 2729 539 2760 Corona
561 2731 666 2761 Scotiae
686 2732 912 2769 imperpetuum,
931 2731 965 2762 &
980 2730 1082 2770 Regali
1095 2731 1252 2770 Dignitati,

188 2769 224 2800 &
238 2768 386 2804 Coronae,
401 2777 434 2797 ac
448 2767 555 2806 Regno
566 2768 694 2806 Angliae,
712 2770 849 2807 perpetuis
862 2769 1039 2806 temporibus
1053 2779 1176 2808 annexa,

227 2807 265 2837 Et
278 2816 330 2836 nos
345 2805 548 2843 postmodum,
565 2806 740 2837 duodecimo
754 2809 798 2838 die
819 2808 977 2846 Februarii,
996 2810 1130 2846 proximo
1138 2816 1254 2846 praeter-

191 2845 234 2875 ito
249 2868 258 2882 ,
285 2843 321 2874 de
339 2844 447 2874 ass'ensu
471 2843 674 2882 Praelatorum,
692 2845 862 2884 Comitum,
880 2845 1023 2876 Baronum
1037 2870 1047 2885 ,
1067 2846 1197 2877 Militum
1219 2848 1253 2878 ὃς

193 2883 334 2920 aliorum,
351 2881 387 2911 de
408 2882 512 2921 Regno
533 2882 632 2913 nostro
670 2884 699 2913 in
721 2883 910 2914 Parliamento
932 2884 1048 2923 nostro,
1066 2894 1081 2914 a
1102 2884 1140 2915 ud
1155 2884 1252 2915 Eden-

194 2921 287 2960 burgh
299 2929 368 2951 tunc
383 2928 563 2958 convocato,
582 2906 779 2960 exilientium,
798 2921 1024 2953 Conceffionem
1039 2924 1073 2953 &
1108 2922 1254 2954 romiffio-

192 2969 262 2990 nem
275 2958 380 2988 nostras
396 2958 540 2995 praediffhs
554 2966 729 2997 acceptantes
735 2970 794 2997 ,eas
804 2983 812 2997 ,
828 2970 861 2990 ac
877 2960 978 2991 statum
994 2963 1027 2992 ὃς
1042 2961 1254 3000 posseffionem‚

192 3008 267 3033 quos
287 2997 364 3027 idem
386 2996 450 3026 Rex
470 2996 581 3034 Angliae
602 2999 632 3027 in
647 2997 744 3035 dietis,
764 2997 880 3036 Castro,
899 2998 992 3036 Villa,
1011 3000 1045 3029 &
1058 2999 1206 3030 Comitatu
1220 3000 1256 3031 de

194 3036 343 3066 Berewico
356 3058 365 3073 ,
391 3036 493 3066 virtute
515 3034 687 3066 Donationis
703 3060 712 3073 ,
739 3035 961 3074 Conceffionis,
982 3037 1016 3067 ὃς
1039 3037 1255 3077 Affignationis,

194 3074 353 3104 nostrarum
369 3073 587 3111 praedictarum,
604 3074 717 3113 habuit,
736 3084 788 3112 pro
805 3074 922 3113 Nobis,
938 3074 1123 3114 Haeredibus,
1142 3076 1257 3108 &Suc-

195 3112 352 3143 cefforibus
365 3111 467 3142 nostris
487 3112 751 3150 Ratificaverimus,
768 3113 1033 3152 approbaverimuS,
1051 3114 1085 3144 ὃς
1105 3114 1257 3145 confirma-

198 3151 339 3189 verimus,
357 3151 552 3187 promittentes
568 3150 666 3188 quod,
685 3150 721 3181 de
736 3151 862 3181 Reliduo
876 3151 1019 3182 diciorum
1034 3151 1173 3182 Duorum
1194 3153 1257 3183 Mi-

197 3190 268 3220 lium
286 3188 462 3218 Libratarum
476 3189 579 3219 Terrae
612 3189 705 3219 eidem
719 3189 793 3228 Regi
808 3189 918 3219 Antrliae
931 3191 959 3219 in
982 3190 1040 3219 aliis
1063 3190 1133 3221 locis
1155 3191 1258 3228 praedi-

197 3227 250 3257 ctis
262 3226 476 3270 satisfaceremus
487 3228 560 3264 iuxta
568 3211 793 3258 donceffionem
803 3229 835 3259 ὃς
846 3213 1065 3258 Rromisfionem
1080 3229 1258 3268 supradictas,

198 3274 283 3309 prout
297 3266 326 3295 in
341 3264 452 3295 diversis
467 3265 568 3296 Literis
579 3266 681 3297 nostris
695 3266 876 3305 Parentibus,
893 3266 960 3297 inde
976 3267 1130 3307 conseffls,
1147 3267 1258 3306 plenius

198 3312 360 3335 continetur

238 3342 307 3372 Nos
321 3366 331 3380 ,
349 3325 572 3386 Conceffionem
592 3344 625 3374 ὃς
647 3343 868 3375 Promiffionem
891 3344 999 3375 nostras
1023 3344 1170 3382 praedictas
1186 3369 1195 3383 ,
1221 3345 1258 3376 slC

200 3381 301 3417 factas,
319 3382 352 3412 ὃς
371 3379 408 3410 de
432 3379 512 3411 dieto
532 3381 668 3420 Affensu,
686 3383 715 3411 in
727 3382 831 3413 eodem
843 3383 1050 3421 Parliamento,
1068 3392 1099 3414 ut
1113 3385 1261 3421 praemitti-

201 3429 264 3457 tur,
282 3426 456 3457 acceptatas,
473 3419 599 3449 volentes
612 3420 780 3458 adimplere,
801 3421 929 3458 Damus,
947 3421 1151 3459 concedimus,
1169 3422 1260 3453 reddi-

201 3467 282 3493 mus,
300 3457 482 3494 assignamus,
501 3457 534 3487 Sc
557 3457 612 3487 hac
633 3457 719 3488 Carta
739 3457 837 3488 nostra
854 3459 1057 3490 confirmamus
1071 3470 1124 3497 pro
1142 3460 1260 3500 Nobis,

202 3498 237 3528 &
257 3496 430 3526 Haeredibus
444 3519 454 3532 ,
473 3496 506 3526 &
526 3495 739 3526 Successoribus
759 3496 860 3526 nostris
872 3520 881 3535 ,
897 3497 1015 3535 praefato
1036 3498 1115 3534 Regi
1135 3499 1262 3538 Angliae,

203 3535 327 3573 Villam,
346 3533 497 3571 Castrum,
515 3533 548 3563 &
569 3532 751 3564 Comitatum
772 3534 807 3565 de
830 3534 1043 3574 Rokesburgh,
1064 3536 1184 3574 Villam,
1202 3537 1262 3568 Ca-

202 3573 310 3612 strum,
328 3573 361 3603 &
377 3571 521 3602 Forestam
536 3571 571 3601 de
584 3570 767 3610 Jedeworth;
786 3573 893 3604 Villam
907 3574 940 3604 ὃς
953 3572 1135 3605 Comitatum
1151 3575 1188 3605 de
1202 3575 1263 3606 Sel-

202 3612 283 3647 kirk,
302 3613 334 3643 &
349 3610 475 3641 Forestas
492 3609 526 3639 de
539 3609 650 3640 Selkirk
664 3611 697 3642 ὃς
710 3610 815 3651 Erryk,
834 3611 955 3650 Villam,
972 3610 1124 3651 Castrum,
1143 3613 1263 3645 &iCo-

205 3646 338 3680 mitatum
357 3649 393 3680 de
415 3648 586 3686 Edenburgh
602 3671 612 3686 ,
638 3652 715 3679 icum
734 3647 955 3680 Constabulariis
975 3649 1013 3680 de
1033 3650 1097 3681 Had
1117 3660 1208 3690 ngton
1228 3653 1262 3684 &

206 3687 383 3728 Lynliscou3
405 3687 510 3718 Villam
522 3710 532 3725 ,
550 3688 583 3717 δε
605 3685 738 3730 Castrum
753 3711 763 3725 ,
780 3689 813 3719 δε
836 3687 1016 3719 Comitatum
1040 3688 1076 3719 de
1122 3689 1212 3720 ebles:
1229 3691 1263 3721 &

205 3725 311 3757 Villam
327 3727 359 3757 δε
373 3725 523 3763 Castrum,
541 3726 574 3755 &
585 3724 766 3755 Comitatum
778 3725 814 3756 de
828 3726 981 3765 Dumfres3
1000 3737 1068 3758 cum
1082 3729 1265 3767 pertinentiis,

205 3764 241 3794 &
255 3764 390 3803 quicquid
405 3766 433 3794 in
449 3763 552 3795 eisdem
566 3763 773 3801 Comitatibus,
791 3765 850 3795 tam
863 3765 892 3794 in
906 3765 1085 3804 Dominico,
1103 3767 1137 3798 &
1153 3767 1182 3796 in
1190 3766 1265 3798 Feo-

206 3800 262 3841 do,
280 3804 367 3841 quam
381 3805 411 3833 in
429 3802 550 3833 Servitio
566 3802 717 3839 habemus,
737 3801 783 3832 vel
801 3803 904 3833 habere
922 3802 1090 3835 deberemus
1125 3803 1266 3835 HABEN-

209 3848 252 3884 Da
271 3841 304 3872 ὃς
322 3842 352 3871 T
362 3851 380 3871 E
391 3850 413 3872 N
427 3851 444 3871 E
453 3849 475 3871 N
485 3850 506 3870 D
515 3850 533 3871 A
551 3840 646 3871 eidem
658 3839 793 3870 Domino
807 3841 884 3879 Regi
897 3840 1027 3880 Angliae,
1046 3843 1079 3874 &
1095 3829 1266 3875 l-Iaeredibus

209 3877 261 3908 su1s
276 3900 286 3916 ,
302 3879 383 3910 fimul
406 3890 475 3910 curn
494 3879 597 3909 Feodis
617 3878 746 3909 Militum
759 3902 768 3915 ,
795 3878 1038 3910 Advocationibus
1059 3880 1268 3921 Ecclesiarum,

208 3914 409 3956 Capellarum,
427 3917 598 3948 Domorum
618 3916 846 3954 Religiosarum,
865 3918 899 3948 &
918 3916 1127 3957 Hospitalium,
1145 3921 1179 3951 &
1200 3931 1268 3952 cum

210 3952 372 3993 Custodiis,
388 3958 422 3987 &
444 3957 500 3986 aliis
522 3955 660 3987 Proficuis
682 3955 922 3993 quibuscumque,
940 3965 1004 3993 quae
1017 3956 1051 3986 ad
1066 3957 1152 3995 Nos,
1168 3958 1271 3990 Haere-

210 3990 278 4034 des,
293 3992 327 4022 &
342 3992 521 4025 Successores
538 3994 650 4025 nostros
665 3994 803 4031 pertinere
816 4001 947 4031 poterunt
959 3995 1066 4025 ratione
1080 3994 1270 4028 vacationum

211 4028 435 4066 Episcopatuum
454 4033 550 4072 Regni
572 4033 695 4070 Scotiae,
712 4031 747 4062 de
770 4032 869 4062 Terris
884 4055 893 4070 ,
910 4032 1095 4064 Tenementis
1106 4059 1115 4072 ,
1134 4034 1219 4066 Bonis
1236 4037 1271 4067 &

211 4065 325 4137 Crgzl'lis
331 4068 431 4136 ’1less
442 4069 605 4138 (IDpIrnitatus
619 4073 653 4104 &
666 4071 730 4103 loca
745 4070 880 4110 praedidia
892 4070 1090 4111 existentibus,
1108 4073 1142 4105 δε
1157 4073 1192 4105 ad
1211 4075 1272 4107 eos-

1261 154 1738 218 PUBLICA.
2245 189 2325 229 115

1254 260 1321 291 dem
1339 260 1521 298 Episcopatus
1534 261 1736 301 speetantibus,
1753 272 1787 293 ac
1802 271 1872 293 cum
1886 259 2069 301 Hundredis,
2089 260 2239 299 Mercatis,
2258 260 2313 292 Fe-
2331 259 2405 290 Arm.
2415 258 2455 289 D.

1255 300 1301 328 riis
1318 321 1327 336 ,
1346 298 1467 328 Forestis
1479 323 1488 336 ,
1509 299 1629 329 Chaceis
1644 323 1653 339 ,
1671 300 1781 339 Parcis,
1802 301 1909 338 Boscis,
1927 301 2096 340 WarenniS,
2116 303 2150 332 ὃ(
2171 300 2311 337 Piscariis,
2330 306 2431 337 1334-

1255 346 1370 380 necnon
1393 347 1460 380 cum
1481 336 1644 380 Dominicis
1658 362 1667 375 ,
1691 338 1858 378 Dominiis,
1884 338 2023 378 Escaetis,
2044 339 2235 370 Forisfacturis
2248 362 2257 375 ,
2277 338 2311 369 ὅτ.
2329 338 2396 368 Edv-
2415 345 2442 373 Ξῖ

1254 374 1474 405 Reverhonibus
1491 375 1717 413 quibuscunque,
1737 377 1938 414 Regalitatibus
1966 378 2152 408 Libertatibus
2164 377 2313 416 regalibus,

1255 413 1348 443 liberis
1368 413 1625 444 Consuetudinibus
1638 437 1647 452 ,
1674 414 1816 445 Portubus
1837 415 1894 447 tam
1918 402 2006 446 Μῆτίς
2019 442 2028 455 ,
2053 418 2138 455 quam
2162 415 2314 454 Aquarum

1256 452 1402 489 dulcium,
1421 451 1501 480 simul
1521 461 1589 481 cum
1611 451 1758 483 Custumis
1773 478 1782 490 ,
1801 455 1833 484 &
1856 454 2011 485 Maletoltis
2029 455 2162 485 omnibus
2205 454 2265 484 t'am
2284 454 2315 484 in

1258 487 1402 528 villan&
1418 488 1507 533 Portu
1520 489 1602 520 dicta:
1617 490 1699 520 viiiae
1712 491 1861 530 norwici,
1878 494 1964 530 quam
1979 495 2008 523 in
2020 493 2108 531 locis,
2126 493 2159 523 &
2175 477 2318 522 Portubus

1259 528 1316 558 aliis
1334 529 1544 565 praenominatis
1558 551 1567 566 ,
1586 539 1619 559 ac
1638 539 1706 559 cum
1726 529 1907 567 Subjec‘lione
1928 532 1961 562 ὃ(
1984 531 2138 570 Regimine
2159 531 2262 569 Populi
2284 530 2318 561 δε

1260 566 1401 596 Gentium
1423 566 1452 595 in
1473 566 1613 603 prandistis
1633 566 1703 596 locis
1715 590 1724 604 ,
1743 569 1776 598 &
1796 570 1929 599 omnibus
1949 569 2005 599 aliis
2024 570 2058 600 ad
2079 569 2195 607 eadem,
2216 568 2320 606 Villas,

1261 604 1374 641 Castra,
1392 602 1571 642 Comitatus,
1591 605 1716 635 Forestas
1733 606 1793 647 L&
1815 605 2039 637 Constabularias
2050 631 2061 655 ,
2081 608 2322 646 qualitercumque

1262 643 1296 674 &
1316 643 1492 680 ubicumque
1514 643 1715 685 spe&antibus,
1736 646 1781 673 (eu
1803 646 2020 683 pertinentibus,
2037 655 2095 676 tam
2114 656 2174 676 non
2190 647 2322 676 nomina-

1263 683 1312 718 tis,
1329 681 1417 719 quam
1430 682 1665 719 nominatis,iine
1680 682 1738 711 ullo
1753 682 1970 721 Retinemento,
1986 685 2101 721 separata
2117 685 2132 714 a
2149 684 2231 723 regali
2246 684 2288 714 Di
2308 700 2322 706 -

1263 721 1365 756 nitate,
1384 720 1417 749 ὃ(
1438 718 1559 748 Corona
1582 720 1687 748 Scotiae
1709 721 1938 759 imperpetuum,
1956 724 1989 753 &
2010 723 2091 761 regali
2115 723 2270 762 Dignitati,
2288 692 2323 752 ἓ

1264 757 1409 795 Coronae,
1427 767 1460 787 ac
1476 756 1580 796 Regno
1595 757 1706 795 Angiiae
1720 759 1856 795 perpetuis
1872 760 2047 796 temporibus
2063 761 2195 798 Annexa,
2212 760 2324 798 Unsta,

1265 797 1299 827 &
1318 795 1516 833 Incorporata,
1536 795 1590 825 una
1610 805 1678 825 cum
1700 794 1819 834 Castm,
1838 796 1911 827 Villa
1924 821 1933 836 ,
1951 799 1984 828 ὃς
2006 797 2153 830 Comitatu
2174 799 2328 836 Berewicl,

1264 834 1442 872 supradictis,
1460 835 1490 863 in
1504 834 1616 871 plenam
1628 834 1855 865 Satisfafflonem
1868 834 2003 866 Duorum
2018 836 2133 868 Milium
2148 838 2329 868 Libratarum

1265 873 1368 904 Terrae
1383 873 1594 911 praedictorum.

1304 912 1403 950 Quare
1417 911 1566 949 volumus,
1586 912 1619 943 δε
1634 911 1750 942 firmiter
1765 913 1961 951 praecipimus,
1981 923 2032 951 pro
2055 913 2154 944 Nobis
2168 938 2177 953 ,
2194 913 2327 944 Haeredi-

1266 950 1335 989 bus,
1356 950 1389 981 &
1405 949 1617 981 Successoribus
1630 950 1747 988 nostris,
1766 951 1846 988 quod
1864 951 1939 982 idem
1955 952 2019 982 Rex
2034 950 2144 990 Anglize
2157 953 2270 990 habeat,
2291 953 2326 983 &

1267 996 1360 1018 teneat
1380 988 1446 1026 fibi,
1465 990 1498 1020 ὅ(
1518 988 1688 1019 Haeredibus
1707 990 1725 1008 ³¹⁵
1745 988 1795 1019 suis
1812 1014 1822 1024 ,
1844 990 1977 1026 praedieta
1992 1012 2002 1028 ,
2026 989 2131 1020 Villam
2146 1013 2155 1028 ,
2174 991 2323 1027 Castrum,
2340 1010 2359 1029 ,k

1267 1028 1301 1057 &
1324 1025 1505 1057 Comitatum
1523 1026 1559 1057 de
1584 1026 1791 1066 Rokesburgh:
1811 1027 1930 1066 Villam,
1949 1028 2084 1059 Castrum
2098 1051 2108 1067 ,
2127 1029 2160 1059 ἃ*
2185 1029 2327 1059 For-estam

1268 1065 1305 1095 de
1321 1065 1502 1103 Jedeworth:
1524 1065 1626 1096 Villam
1649 1066 1682 1096 &
1703 1065 1883 1096 Comitatum
1902 1067 1939 1097 de
1958 1067 2082 1097 Selkirk:
2103 1067 2137 1097 &
2151 1067 2278 1097 For-estas
2294 1066 2330 1097 de

1268 1104 1379 1134 Selkirk
1392 1128 1402 1142 ,
1421 1105 1454 1135 &
1477 1103 1565 1143 Etryk
1581 1113 1587 1133 ε
1608 1103 1729 1142 Villam,
1749 1102 1899 1142 Castrum,
1918 1106 1951 1136 ὃς
1972 1105 2155 1136 Comitatum
2175 1105 2211 1135 de
2236 1105 2332 1135 Eden—

1269 1143 1381 1181 burgh,
1397 1152 1465 1173 cum
1481 1141 1703 1173 Constabulariis
1719 1142 1753 1172 de
1767 1141 1943 1182 Hadyngton
1960 1145 1993 1175 δε
2016 1143 2184 1185 Lynliscou:
2223 1143 2332 1173 Villam

1270 1181 1303 1211 ὃ(
1318 1180 1497 1211 Comitatum
1512 1179 1548 1210 de
1564 1179 1680 1210 Pebles:
1701 1181 1734 1211 &
1750 1179 1872 1218 Villam,
1888 1182 1921 1211 ὃς
1937 1182 2089 1220 Castrum,
2109 1181 2333 1213 &Comitatum

1271 1220 1308 1249 de
1330 1219 1484 1257 Dumfres,
1502 1227 1570 1249 cum
1590 1219 1780 1256 pertinentiis,
1799 1219 1833 1249 δε
1853 1220 1990 1258 quicquid
2010 1222 2039 1250 in
2062 1220 2164 1251 eisdem
2180 1220 2335 1251 Comitati-

1272 1258 1340 1296 bus,
1358 1258 1417 1288 tam
1436 1258 1465 1287 in
1488 1256 1651 1287 Dominico
1673 1258 1707 1288 δε
1728 1256 1847 1294 Feodo‚
1867 1258 1953 1295 quam
1977 1259 2006 1287 in
2024 1259 2163 1296 Servitio,
2181 1259 2333 1296 habemus,

1272 1296 1318 1326 vel
1340 1296 1443 1326 habere
1463 1295 1648 1333 deberemus,
1667 1295 1748 1325 simul
1767 1304 1835 1325 cum
1852 1295 1953 1326 Feodis
1969 1295 2113 1334 Militum,
2132 1297 2338 1328 Advocationi-

1273 1336 1324 1365 bus
1340 1334 1547 1372 Ecclesiarum,
1565 1333 1763 1371 Capellarum,
1782 1332 1953 1365 Domorum
1974 1334 2197 1374 Religiosarum,
2216 1336 2249 1366 δε
2270 1335 2338 1366 Ho-

1273 1372 1428 1411 spitalium,
1445 1373 1478 1403 ὅς
1492 1382 1561 1402 cum
1576 1371 1739 1409 Custodiis,
1757 1372 1791 1402 &
1806 1372 1862 1402 aliis
1877 1372 2015 1403 Proficuis
2030 1373 2262 1411 quibuscunque,
2274 1383 2338 1411 quae

1273 1411 1308 1441 ad
1322 1411 1408 1448 Nos,
1426 1411 1580 1448 Haeredes,
1597 1412 1631 1441 &
1645 1410 1824 1441 Succeffores
1838 1410 1951 1441 nostros
1969 1413 2109 1450 pertinere
2129 1419 2277 1449 poterunt,
2295 1422 2339 1443 ra-

1276 1451 1354 1480 tione
1369 1449 1559 1481 Vacationum
1574 1448 1794 1487 Episcopatuum
1810 1448 1905 1487 Regni
1916 1449 2038 1487 Scotiae,
2055 1450 2092 1480 de
2112 1450 2225 1487 Terris,
2243 1450 2342 1480 Tene-

1277 1489 1394 1525 mentis,
1414 1487 1500 1518 Bonis
1512 1488 1545 1518 &
1563 1486 1693 1525 Catallis,
1712 1488 1781 1516 infra
1793 1486 1972 1526 Comitatus,
1990 1488 2101 1519 &loca
2122 1488 2274 1527 praedicta,
2292 1497 2342 1518 ex-

1277 1526 1438 1563 istentibus,
1457 1526 1490 1556 ὅ(
1505 1525 1539 1555 ad
1555 1525 1668 1555 eosdem
1685 1525 1867 1562 Episcopatus
1882 1526 2087 1565 spectantibus,
2106 1536 2139 1557 ac
2162 1536 2232 1558 cum
2252 1526 2342 1557 Hun-

1277 1565 1387 1603 dredis,
1407 1564 1562 1602 Mercatis,
1578 1563 1601 1592 F
1603 1564 1679 1600 eriis,
1698 1563 1835 1600 Forestis,
1854 1562 1994 1603 Chaceis,
2011 1565 2120 1601 Parcis,
2137 1564 2251 1602 Boscis,
2267 1565 2341 1595 Wa-

1279 1604 1371 1633 rennis
1387 1625 1396 1641 ,
1415 1601 1540 1632 Piscariis
1554 1624 1563 1639 ,
1580 1611 1695 1631 necnon
1716 1611 1784 1632 cum
1805 1600 1970 1633 Dominicis
1984 1626 1994 1641 ,
2013 1602 2161 1634 Dominiis
2176 1627 2186 1643 ,
2205 1603 2343 1643 Escaetis,

1279 1641 1492 1678 Forisfacturis,
1509 1641 1543 1671 δε
1562 1639 1784 1670 Reversionibus
1806 1640 2019 1680 quibuscunque
2055 1641 2274 1682 Regalitatibus,
2292 1642 2343 1672 Li-

1280 1680 1433 1710 bertatibus
1447 1679 1603 1718 regalibus,
1620 1678 1714 1708 liberis
1729 1676 2009 1717 Consuetudinibus,
2026 1665 2186 1720 Portubus,
2206 1682 2267 1712 tam
2276 1680 2345 1712 Ma-

1281 1719 1335 1756 ris,
1354 1718 1440 1755 quarn
1455 1717 1601 1755 Aquarum
1615 1716 1742 1747 dulcium
1777 1715 1857 1746 simul
1878 1726 1946 1747 cum
1968 1717 2115 1748 Custumis
2136 1721 2169 1751 ὃς
2189 1719 2348 1751 Maletoltis

1281 1758 1435 1794 omnibus,
1452 1757 1512 1786 tam
1532 1756 1560 1785 in
1580 1754 1671 1792 Villa,
1690 1755 1723 1786 &
1744 1739 1834 1785 Portu
1848 1754 1932 1785 dietae
1949 1755 2033 1787 Villae
2046 1756 2197 1795 Berewici,
2213 1759 2301 1796 quam
2314 1759 2345 1788 in

1286 1796 1392 1833 Locis,
1410 1796 1443 1825 ὃς
1468 1793 1610 1823 Portubus
1632 1793 1692 1823 aliis
1715 1794 1943 1832 praenominatis,
1961 1805 1994 1826 ac
2008 1805 2076 1825 cum
2092 1795 2291 1835 Subjeetione,
2309 1798 2344 1827 &

1283 1835 1439 1873 Regii-nine
1452 1832 1554 1870 Populi
1572 1833 1605 1862 ὃς
1621 1830 1762 1862 Gentium
1778 1831 1917 1868 praedictis
1935 1833 2023 1872 locis,
2039 1835 2073 1865 ὃς
2089 1835 2226 1866 omnibus
2239 1835 2297 1865 aliis
2310 1835 2347 1865 ad

1284 1872 1384 1904 eadem
1398 1895 1408 1911 ,
1426 1870 1512 1901 Villas
1526 1893 1534 1908 ,
1554 1868 1652 1899 Castra
1667 1892 1677 1908 ,
1696 1868 1858 1900 Comitatus
1874 1893 1883 1908 ,
1903 1870 2030 1902 Forestas
2050 1874 2083 1903 &
2106 1872 2350 1912 constabularias‚

1285 1911 1528 1951 qualitercumque
1543 1909 1575 1939 &
1592 1909 1756 1946 ubicunque
1769 1908 1974 1949 spectantibus,
1989 1911 2035 1941 seu
2052 1912 2273 1951 pertinentibus,
2289 1913 2350 1944 tam

1285 1949 1527 1985 non-nominatis,
1544 1948 1630 1986 quam
1645 1948 1814 1984 nominatis,
1833 1946 1891 1977 fine
1905 1947 1964 1978 ullo
1978 1948 2186 1980 Retinemento
2201 1951 2320 1990 separata
2333 1952 2350 1981 a

1285 1990 1368 2028 regali
1383 1988 1421 2018 D‘
1444 1989 1543 2024 nitate,
1558 1987 1591 2017 &
1606 1984 1726 2016 Corona
1736 1985 1842 2016 Scotiae
1856 1986 2086 2025 imperpetuum,
2102 1989 2136 2019 &
2148 1989 2231 2027 regali
2245 1989 2351 2029 Digni-

1286 2030 1350 2066 tati,
1367 2028 1401 2057 &
1444 2034 1599 2062 oronae,ac
1614 2023 1720 2063 Regno
1734 2023 1845 2062 Angliae
1871 2026 2009 2062 perpetuis
2023 2027 2198 2063 temporibus
2212 2027 2349 2066 Annexa,

1288 2066 1397 2103 Unita,
1416 2065 1449 2095 ὃς
1466 2064 1664 2100 Incorporata,
1682 2063 1739 2092 una
1754 2071 1823 2093 cum
1838 2046 1959 2101 Castro,
1978 2063 2070 2101 Villa,
2088 2066 2121 2095 ὃς
2137 2064 2287 2096 Comitatu
2301 2066 2355 2096 Be-

1286 2106 1399 2142 rewici,
1416 2101 1591 2139 supradietis,
1610 2102 1640 2130 in
1661 2101 1772 2138 plenam
1795 2099 2021 2132 Satisfaffionem
2042 2102 2187 2134 dictorum
2210 2104 2350 2136 Duorum

1290 2143 1407 2174 Milium
1425 2141 1605 2171 Libratarum
1618 2138 1735 2178 Terrae,
1755 2138 2007 2181 ficutopraedictum
2023 2140 2073 2171 est.

1327 2181 1360 2212 In
1379 2180 1456 2218 cujus
1474 2180 1512 2208 rei
1527 2177 1742 2221 Testimonium
1756 2200 1765 2215 ,
1786 2176 1852 2208 huic
1872 2176 1965 2210 Cartae
1984 2178 2129 2220 Magnum
2147 2179 2277 2220 Sigillum
2296 2192 2350 2213 no-

1290 2219 1379 2251 strum
1396 2218 1502 2258 apponi
1522 2217 1660 2255 fecimus,

2376 1011 2429 1038 IV.

2343 1050 2414 1081 616,

1505 2295 1570 2325 Hiis
1589 2293 1740 2334 Testibus,
1756 2294 1975 2327 venerabilibus
1993 2295 2140 2335 Patribus,

1294 2375 1337 2404 W
1338 2372 1443 2403 illielmo
1450 2371 1652 2412 Archiepifiopo
1660 2370 1808 2401 Eboracen-
1845 2374 1967 2403 Patricio
2012 2374 2043 2403 de
2080 2373 2208 2403 Dumbar
2254 2377 2355 2404 Comite

1326 2412 1355 2451 si
1366 2410 1478 2448 Angliae
1494 2414 1634 2449 Primate,
1789 2421 1796 2427 ·
1888 2411 2008 2450 March,
2055 2422 2062 2430 ¹

1294 2450 1429 2480 Richardo
1442 2448 1631 2488 Dunelmenfi,
1846 2448 1949 2479 Thomd
1965 2451 2051 2480 Wake
2066 2453 2181 2480 Domino
2193 2451 2224 2480 de
2244 2449 2359 2490 Lydell,

1296 2491 1337 2518 Et
1351 2488 1486 2526 Johanne
1499 2486 1663 2528 Karliolenfi
1672 2486 1808 2526 ,Episco-
1846 2489 1961 2518 Ricardo
1977 2488 2076 2518 Talbot
2091 2491 2208 2518 Domino
2221 2490 2253 2519 de
2270 2492 2359 2527 Mar,

1335 2529 1395 2565 pis,
1848 2528 1890 2555 W
1889 2525 1996 2556 illielmo
2015 2527 2048 2556 de
2070 2530 2167 2557 Monte
2188 2531 2282 2558 Acuta
2301 2530 2359 2558 Dua

1297 2565 1429 2604 Johanne
1441 2565 1472 2594 de
1481 2563 1622 2594 Warennd
1633 2567 1734 2593 Comite
1741 2567 1810 2593 Sur·
1885 2568 1955 2594 mino
1970 2565 2001 2594 de
2017 2569 2090 2595 Man
2098 2589 2108 2605 ,

1335 2607 1383 2633 riae
1399 2602 1437 2638 εἶφ’
1450 2604 1481 2632 de
1496 2602 1663 2641 Stratlaern,
1848 2604 1966 2632 Henrico
1980 2604 2011 2633 de
2027 2606 2124 2644 Percy,

1298 2645 1414 2672 Henrico
1426 2643 1457 2671 de
1470 2640 1545 2670 Bella
1559 2644 1656 2670 Monte
1670 2643 1771 2670 Comite
1777 2641 1810 2670 de
1846 2641 1989 2680 Radulpho
2001 2644 2033 2673 de
2047 2642 2170 2682 Nevyll,

1337 2680 1451 2717 Bogloan
1461 2704 1470 2719 ,
1848 2678 2014 2710 Alexandro
2026 2681 2058 2710 de
2074 2681 2226 2722 Moubray,

1299 2720 1403 2749 David
1421 2719 1452 2748 de
1480 2716 1616 2756 strabolgi
1638 2720 1740 2747 Comite
1762 2720 1811 2747 A-
1848 2718 1964 2748 Roberto
1978 2720 2010 2749 de
2024 2719 2175 2757 Lowedre,

1338 2756 1411 2795 thol,
1848 2756 1886 2787 Et
1900 2757 1967 2787 aliis.

1337 2834 1406 2865 Dat.
1424 2843 1473 2871 per
1494 2842 1612 2863 manum
1634 2832 1775 2870 nostram,
1794 2831 1869 2869 apud
1890 2831 2018 2864 Novum
2041 2833 2175 2864 Castrum
2198 2834 2277 2873 super
2298 2835 2360 2875 Tys

1301 2882 1366 2903 nam
1376 2895 1385 2911 ,
1403 2871 1578 2902 duodecimo
1591 2871 1638 2901 die
1647 2871 1742 2909 Junii,
1761 2873 1852 2900 Anno
1866 2869 1962 2910 Regni
1977 2871 2066 2902 nostri
2081 2871 2225 2904 Secundo.

1337 2947 1393 2977 Sub
1410 2950 1513 2983 Magno
1532 2945 1622 2983 Sigillo
1641 2949 1753 2985 Scotiae,
1771 2948 1870 2977 viridis
1888 2946 1996 2987 coloris,
2010 2949 2144 2987 pendente
2161 2961 2179 2979 a
2188 2948 2250 2991 filis
2260 2949 2363 2990 sericis,

1370 2986 1451 3026 flavi
1465 2985 1589 3024 rubeique
1604 2984 1703 3014 coloris.

1370 3110 1419 3140 De
1436 3107 1545 3153 Seifina
1561 3105 1709 3140 differam
1729 3109 1765 3142 V
1764 3108 1888 3142 illarum
1906 3113 1942 3148 (ᾖν
1962 3108 2135 3153 Castrorum
2149 3108 2300 3158 capienda.

1311 3190 1430 3249 REX
1450 3191 1612 3231 Omnibus,
1626 3192 1662 3223 ad
1676 3202 1763 3232 quos,
1779 3194 1839 3225 &c.
1860 3193 1994 3226 Salutem.

1408 3229 1505 3261 Sciatis
1521 3231 1619 3270 quod,

1343 3267 1425 3299 Cum
1441 3270 1512 3299 inter
1525 3278 1626 3300 caetera
1639 3269 1742 3300 Terras
1756 3271 1791 3301 ὃς
1804 3270 1985 3301 Tenementa
1994 3295 2003 3308 ,

2380 3206 2459 3237 Ann.
2470 3205 2513 3236 D.

2398 3252 2484 3285 1334-

1352 3307 1453 3346 Qae,
1478 3307 1732 3339 Excellentiffimus
1755 3308 1890 3348 Princeps
1904 3332 1913 3347 ,
1937 3310 1971 3340 &
1994 3308 2226 3348 Consanguineus
2251 3309 2364 3349 noster,
2379 3287 2432 3352 {m
2451 3284 2478 3311 8

1306 3345 1453 3376 Dominus
1467 3345 1638 3384 Edwardus,
1654 3347 1719 3377 Rex
1732 3346 1904 3386 Scotorum,
1914 3357 1962 3385 per
1977 3346 2093 3378 Cartam
2105 3349 2183 3379 suam
2195 3348 2366 3379 NobisDe-
2378 3331 2445 3389 Scot3.
2465 3359 2491 3390 g⁸¹

1305 3384 1363 3421 dit,
1382 3383 1547 3423 Concessit,
1565 3385 1598 3414 ὃς
1612 3384 1766 3424 Affignavit
2378 3403 2400 3426 E
2452 3408 2479 3428 m

1344 3422 1480 3466 Dederit,
1498 3422 1694 3461 Concefferit,
1712 3424 1745 3453 &
1760 3408 1945 3462 Affignaverit
1958 3423 2056 3454 Nobis
2075 3424 2196 3463 Villam,
2215 3423 2364 3465 Castrum,
2380 3408 2445 3466 χέ’
2482 3418 2488 3426 ”

1308 3461 1341 3492 &
1357 3460 1554 3499 Comitatum,
1572 3461 1608 3491 de
1619 3461 1830 3500 Rokesburgh,
1844 3472 1912 3492 cum
1927 3463 2111 3501 pertinentiis,
2129 3462 2268 3493 Habenda
2282 3465 2367 3496 nobis

1308 3500 1341 3530 &
1356 3499 1526 3529 Haeredibus
1541 3499 1660 3537 nostris,
1679 3500 1735 3530 unii
1750 3509 1819 3530 cum
1834 3500 1935 3532 Feodis
1956 3500 2102 3538 Militum,
2118 3500 2367 3534 Advocationibus

1310 3537 1518 3576 Ecclefiarum,
1537 3538 1569 3568 &
1590 3538 1726 3578 omnibus
1747 3538 1816 3576 aliis,
1836 3538 1869 3568 ad
1889 3538 2004 3576 eadem,
2024 3538 2144 3577 Villam,
2161 3538 2314 3578 Castrum,
2333 3542 2367 3572 &¹

1309 3575 1507 3614 Comitatum,
1528 3575 1771 3614 qualitercumque
1785 3578 1818 3607 ὃς
1833 3578 2008 3613 ubicumque
2021 3577 2225 3616 spenstantibus,
2237 3578 2294 3609 sine
2308 3579 2368 3610 ullo

1310 3614 1515 3683 Regnemento
1526 3639 1534 3652 ,
1552 3623 1635 3652 prout
1651 3616 1679 3645 in
1695 3614 1781 3645 Carta
1795 3614 1928 3652 praedicta
1940 3615 2049 3652 plenius
2061 3616 2239 3655 continetur,

1385 3663 1436 3691 os,

1349 3691 1398 3724 De
1410 3691 1665 3729 circumspectione
1679 3690 1813 3729 provida,
1832 3690 1940 3721 Dileeti
1954 3691 1988 3722 &
2003 3689 2103 3722 Fidelis
2123 3691 2228 3732 nostri,
2247 3692 2372 3726 Galfridi·

1312 3729 1348 3760 de
1363 3729 1508 3768 Moubray
1524 3730 1633 3767 plenius
1647 3729 1834 3766 confidentes,

1350 3768 1544 3807 Affignamus,
1563 3766 1787 3804 Constituimus,
1805 3768 1838 3798 δε
1853 3766 2029 3804 Deputamus
2062 3767 2156 3806 Ipsum
2178 3769 2212 3800 ad
2233 3771 2371 3810 recipien-

1313 3806 1402 3845 dum,
1420 3807 1484 3849 vice
1504 3807 1537 3836 ὃς
1558 3806 1676 3835 nomine
1695 3805 1797 3849 nostris
1811 3829 1820 3843 ,
1839 3804 1875 3834 de
1894 3806 2011 3845 praefato
2032 3791 2114 3849 Rege
2132 3807 2304 3849 Scotorum,
2322 3812 2369 3841 seu

1314 3844 1463 3884 Deputans
1497 3843 1542 3874 vel
1556 3842 1702 3881 Deputato
1715 3844 1751 3873 ab
1771 3846 1846 3882 ipso,
1863 3843 1975 3883 plenam
1997 3845 2129 3876 Seilinarn
2150 3846 2186 3877 de
2200 3846 2292 3886 Villa,
2311 3848 2369 3879 Ca-

1315 3883 1392 3921 stro,
1410 3884 1444 3914 &
1459 3867 1606 3924 Comitatu
1620 3904 1630 3919 ,
1648 3881 1804 3920 praedictis,
1820 3883 1876 3912 una
1891 3892 1959 3913 cum
1980 3882 2084 3914 Feodis
2105 3883 2252 3924 Militum,
2268 3887 2371 3919 Advo-

1316 3921 1471 3952 cationibus
1494 3920 1700 3957 Eccleharum,
1719 3920 1752 3950 &
1772 3921 1908 3952 omnibus
1927 3921 2001 3959 aliis,
2018 3921 2053 3952 ad
2074 3923 2187 3962 eadem,
2206 3923 2331 3964 Villam,
2350 3922 2370 3946 ²*
2386 3943 2401 3959 ῃ
2419 3941 2470 3969 ΝΑ

1317 3959 1468 3996 Castrum,
1485 3959 1518 3988 &
1534 3957 1712 4001 Comitatum
1727 3959 1968 3998 qualitercumque
1980 3961 2014 3992 &
2028 3961 2203 4001 ubicumque
2223 3964 2371 4002 spectanti-

1319 3999 1386 4036 bus,
1406 3997 1475 4027 sicut
1489 3995 1659 4034 praedictum
1675 3996 1724 4028 est.

1356 4036 1390 4068 In
1406 4036 1482 4073 cujus
1491 4057 1501 4073 ,
1518 4035 1579 4066 &c.

2388 3982 2452 4015 617.

1844 4109 1869 4142 P
1886 4120 1906 4141 2
2287 4112 2378 4146 Teste
