2562 4279
52 230 128 264 Ann.
139 230 182 262 D.

74 279 159 310 1341.

52 310 119 338 Ζάν.
140 317 166 345 3.

49 2033 185 2073 ⁸,⁴V.263.

154 1485 253 1553 pR

171 2541 288 2597 „RE

167 3596 285 3652 ,RE

831 151 1293 200 ET<ACTA
1378 153 1855 202 PUBLICA.

209 237 270 268 sum
290 247 423 269 revocare
443 237 577 277 possimus
595 238 631 269 ad
654 236 868 276 Concordiam,
883 239 917 270 ὃς
936 239 1008 270 inter
1019 238 1081 269 Vos
1093 249 1167 270 verae
1182 239 1263 269 Pacis

207 273 325 306 Foedera
346 276 490 313 ordinare,
509 277 543 307 ad
562 277 639 315 Qae
658 277 755 307 libenti
769 278 867 308 animo
881 287 977 309 vacare
993 278 1141 315 volumus,
1157 279 1191 309 &
1205 279 1262 307 irn-

206 314 327 355 pendere
337 317 453 354 operosz'i
466 315 666 345 Prosecutione
681 315 813 345 Labores.

241 351 287 382 Ad
306 353 399 392 Quae,
417 354 435 383 si
457 352 587 383 Consiliis
602 352 702 383 nostris
714 354 871 383 consentire
885 354 919 384 &
933 353 1108 391 adquiescere
1123 352 1260 390 volueris,

200 400 233 422 ut
253 390 409 429 speramus,
427 392 532 429 placeat
551 391 623 421 Tibi
636 392 688 420 tuis
703 392 802 422 Literis
818 391 914 421 Nobis
926 392 990 421 dare
1003 390 1173 421 Potestatem
1188 400 1259 427 prae-

205 429 318 460 missam
331 429 486 460 Tradiandi
501 428 747 468 Concordiam,&
761 430 797 460 ad
810 429 928 460 Annum
941 429 986 459 vel
1000 428 1150 459 Biennium
1165 427 1260 459 Treu-

201 477 247 509 gas
260 467 417 498 ordinandi.

242 505 311 536 Nec
334 505 382 536 Te
403 514 515 536 moveat
538 505 688 544 Amicitia,
706 507 777 535 inter
790 504 858 534 Nos
872 505 905 535 ὃς
919 505 1084 542 praeclarum
1096 503 1258 546 Philippum

200 543 314 582 Regem
330 543 455 574 Franciae
470 543 634 583 praedistum
649 545 716 574 inita
730 544 764 574 &
782 543 941 580 contract23

236 581 337 619 Nam,
355 590 389 611 ex
410 591 470 620 quo
491 581 543 612 Tu
557 582 682 619 Treugas
695 582 729 611 &
743 589 834 610 certos
847 580 999 610 Terminos
1011 579 1164 612 Tractandi
1176 581 1258 612 Con-

198 619 325 650 cordiam
346 618 418 649 inter
437 620 485 650 Te
508 621 540 650 &
564 620 732 657 praedictum
756 618 917 686 Philippum
938 619 1067 657 accepisti
1089 620 1145 650 fine
1158 620 1258 650 nostro

201 659 288 695 scitu,
307 656 471 696 voluntate,
489 658 523 689 δε
542 658 663 695 asstnsu,
688 656 724 686 de
745 655 833 686 Consi
844 658 873 686 io
891 657 1051 688 nostrorum
1075 656 1258 698 Principum,

201 697 251 734 qui
273 696 370 735 Ligas‚
396 695 499 734 Pacta,
524 697 557 726 &
577 694 708 725 Uniones
727 693 834 724 nostras
855 697 987 726 noverint
1009 696 1143 734 (Quibus
1163 697 1256 727 visum

200 735 288 766 fuerat
308 734 387 773 quod
412 733 500 772 Hoc,
526 733 600 763 salvo
620 732 742 763 Honore
765 732 881 771 nostro,
899 734 988 764 Facere
1008 733 1157 772 poffimus)
1177 734 1259 765 Con-

201 773 329 805 cordiam
351 773 384 803 &
406 772 573 803 Amicitiam
587 779 654 802 cum
668 769 749 800 dicto
763 769 845 810 Rege
860 772 986 804 Franciae
1001 775 1206 812 contraximus,
1223 774 1257 804 ὃς

202 811 357 844 Unionem
370 811 512 841 inivimus.

243 848 273 880 V
282 859 343 880 ica
353 858 397 880 R1
407 858 427 879 A
436 854 539 890 Tuas,
556 855 607 883 pei·
629 844 697 877 Nos
716 846 807 879 Vobis
821 849 1024 888 commissum,
1041 858 1075 880 ex
1088 848 1184 881 Causis
1195 848 1258 881 Re-

202 888 369 919 vocavimus
382 893 549 925 praenotatls.

240 924 300 957 Pro
320 925 403 955 firmo
421 925 535 954 sciturus
555 923 634 962 quod
649 924 677 954 in
688 924 866 956 Trad’tatibus
888 925 989 956 nostris
1002 925 1039 957 fic
1053 927 1124 958 Tibi
1137 926 1256 958 fraterne

201 965 377 1004 providimus
404 961 482 999 quod
508 962 544 996 (si
565 962 694 993 Consiliis
715 963 815 993 nostris
833 963 988 995 consentire
1004 965 1142 1004 volueris)
1169 965 1258 996 Causa

203 1011 250 1036 tua
263 1002 298 1033 ad
311 1000 397 1031 finem
413 1000 538 1038 bonum,
556 1000 697 1032 mediante
708 1001 808 1032 nostro
819 1003 937 1042 auxilio,
953 1004 1126 1040 perducetur.

237 1041 329 1078 Super
342 1038 454 1078 quibus,
463 1046 537 1069 tuam
551 1038 720 1070 Amicitiam
735 1039 770 1070 de
783 1040 942 1071 Intentione
952 1041 1047 1072 nostrii
1059 1042 1165 1080 plenius
1179 1041 1259 1073 duxi-

202 1088 267 1111 mus
278 1077 502 1114 informandam,
518 1076 692 1116 Religiosum
706 1077 807 1109 Virum
822 1079 947 1115 Fratrem
962 1080 1137 1112 Eberardum
1152 1080 1259 1110 [66ὶο-

201 1127 264 1148 rem
283 1113 399 1146 Ordinis
419 1115 629 1146 Heremitarum
643 1116 738 1147 Sancti
750 1116 917 1156 Augustini,
936 1118 1082 1157 specialem
1095 1118 1193 1149 Curiae
1207 1129 1260 1148 no-

202 1155 267 1186 strae
284 1154 484 1194 Capelianum,
503 1162 559 1184 tuae
581 1154 752 1186 Fraternitati
764 1156 973 1195 transmisimus,
1007 1157 1108 1196 Quem
1123 1158 1260 1196 petimus,

203 1194 233 1225 su
253 1203 283 1224 er
301 1192 461 1233 praemissis,
479 1192 605 1223 celeriter
623 1193 783 1233 expeditum
795 1195 907 1224 remitti.

272 1240 308 1262 at.
330 1231 589 1271 Franchinsordiae,
604 1239 640 1270 25
665 1231 771 1263 Menfis
789 1231 886 1271 Junii,
903 1242 979 1263 anno
990 1231 1086 1273 Regni
1103 1233 1190 1263 nostri
1206 1235 1261 1272 26,

202 1269 316 1310 Imperii
331 1271 400 1302 vero
418 1279 463 1310 14.

269 1398 328 1429 Pro
351 1397 464 1429 comite
488 1393 524 1427 de
545 1395 697 1440 lwtrrief
709 1395 754 1429 ad
770 1406 871 1443 partes
889 1400 989 1432 Scotiae
1013 1397 1188 1431 dive-mente.

262 1480 327 1512 EX
347 1481 493 1512 Universis
507 1480 540 1511 &
555 1480 666 1519 singulis
679 1480 919 1520 vicecomitibus,
939 1482 1110 1521 Majoribus,
1129 1483 1236 1515 Ballivis
1253 1507 1264 1521 ,

272 1519 430 1559 Ministris,
447 1520 480 1550 &
495 1519 550 1549 aliis
562 1519 704 1550 Fidelibus
717 1520 784 1560 suis,
802 1522 836 1552 ad
873 1531 943 1559 uos,
963 1523 1024 1560 &q
1038 1521 1168 1552 Salutem.

237 1558 317 1589 Cum
334 1558 478 1596 johannes
496 1557 638 1596 Randolf,
658 1557 767 1590 Comes
788 1559 823 1590 de
877 1558 978 1598 urreif,
996 1570 1085 1597 nuper
1095 1560 1130 1590 de
1147 1559 1258 1591 Guerra

200 1606 310 1638 captus,
328 1598 361 1628 δε
384 1596 457 1626 infra
476 1595 614 1635 Regnum
634 1596 762 1628 nostrum
779 1598 825 1628 An
846 1598 890 1628 liae
903 1597 952 1628 sub
967 1598 1107 1628 Carcerali
1119 1596 1257 1629 Custodia

178 1660 185 1667 .
198 1637 342 1674 detentus,
356 1636 455 1673 &jam
470 1646 485 1666 a
500 1634 640 1665 Custodia
652 1635 786 1673 praeditffta
797 1636 826 1666 su
860 1635 937 1666 certa
949 1636 1041 1667 form-si
1053 1636 1175 1666 dimissus
1190 1645 1258 1666 cum

201 1674 366 1706 Duodecim
384 1674 559 1704 Hominibus
577 1672 743 1712 Equitibus,
762 1674 796 1705 ad
816 1682 905 1714 partes
922 1674 1027 1705 Scotiae
1043 1676 1071 1705 in
1084 1676 1216 1713 proximo
1230 1674 1257 1706 se

197 1714 332 1750 divertat,
349 1712 455 1742 ibidem
469 1722 517 1750 per
532 1720 642 1749 tempus
654 1710 766 1750 aliquod
780 1720 951 1749 moraturus,

234 1751 272 1782 Et
286 1752 355 1781 infra
369 1750 553 1790 Qiindenam
571 1749 777 1780 Decollationis
791 1750 888 1781 Sanffi
898 1750 1034 1789 Johanriis
1048 1750 1177 1791 Baptistae
1191 1760 1257 1790 pro-

195 1792 276 1821 ximo
290 1790 428 1828 futuram,
446 1798 514 1819 cum
529 1798 648 1818 numero
662 1789 816 1819 hominum
834 1790 1051 1828 praedictorum,
1069 1791 1097 1820 in
1111 1790 1255 1829 Angliam,

193 1830 229 1860 ad
245 1827 455 1859 Reintrandum
468 1826 581 1866 Corpus
593 1827 672 1856 suum
688 1827 718 1856 in
732 1826 875 1857 Prisonam
912 1827 1083 1867 rediturum,

230 1865 408 1904 Suscepimus
425 1864 514 1903 ipsum
534 1863 700 1903 Comitem,
718 1875 751 1895 ac
768 1864 860 1895 dictos
880 1850 1045 1896 Duodecim
1058 1866 1201 1898 Homines
1216 1866 1256 1897 E-

214 1907 299 1942 uitos,
318 1904 414 1934 eundo
433 1903 467 1933 ad
488 1903 575 1933 dietas
591 1911 679 1940 partes
692 1903 814 1941 Scotiae,
834 1904 939 1934 ibidem
956 1905 1110 1941 morando,
1130 1907 1162 1936 &
1176 1905 1255 1935 exin-

215 1943 248 1981 ὲ,
264 1945 331 1974 citra
345 1942 451 1972 dietam
465 1941 668 1980 Quindenam,
686 1943 715 1971 in
731 1942 998 1980 Angliam,necnon
1012 1943 1082 1980 ipsos
1090 1944 1255 1975 Duodecim

198 1980 344 2012 Homines
367 1979 495 2018 Equites,
511 1979 576 2016 post
598 1979 823 2009 Reintrationem
837 1979 975 2020 Corporis
990 1982 1117 2020 praedicti
1133 1981 1257 2013 Comitis

195 2021 225 2050 in
244 2020 389 2050 Prisonarn
407 2017 589 2055 praedictam,
613 2018 643 2053 in
663 2017 760 2048 ScotiCt
779 2018 938 2057 redeundo,
963 2021 1019 2050 *in
1041 2020 1253 2051 Prorectionem

195 2059 230 2089 &
252 2057 456 2088 Defenfionem
470 2054 593 2085 nostram
607 2055 770 2094 specialem,
787 2066 901 2088 necnon
916 2059 945 2088 in
960 2057 1064 2089 salvum
1080 2059 1113 2089 &
1126 2059 1254 2090 securum

195 2095 384 2126 Conductum
397 2093 543 2131 nostrum,

233 2134 271 2164 Et
285 2133 353 2164 ideo
368 2134 449 2164 vobis
463 2132 640 2170 mandamus,
654 2130 713 2167 &a
722 2139 803 2171 prout
817 2136 846 2162 in
859 2134 1028 2176 confinalibus
1042 2136 1074 2165 de
1089 2137 1256 2168 Protec‘lione

195 2175 308 2205 Litoris.

232 2211 267 2243 In
283 2211 373 2248 cuius,
392 2210 452 2240 &c.
468 2209 551 2248 usque
565 2208 598 2240 ad
613 2208 796 2248 Qiindenam
811 2211 976 2247 praedictam
992 2212 1139 2244 duraturas.

267 2248 356 2281 Teste
372 2248 454 2288 Rege
470 2248 543 2287 apud
560 2247 698 2288 Langele,
713 2249 808 2286 primo
821 2249 866 2279 die
877 2249 953 2288 Julii.

833 2329 888 2356 Per
901 2325 983 2366 ipfitm
993 2328 1096 2365 Regem,

287 2459 345 2489 Pro
371 2458 502 2489 Domino
533 2454 570 2488 de
593 2456 703 2488 Monte
729 2454 839 2496 Calvi,
865 2452 902 2486 de
928 2452 1154 2498 Indempnitate.

298 2540 329 2572 X
347 2539 508 2578 Omnibus,
527 2539 562 2570 ad
577 2550 664 2579 quos,
682 2541 744 2572 &c.
763 2538 898 2570 Salutem.

311 2578 408 2610 Sciatis
426 2580 522 2615 quod,

232 2617 328 2656 Cum,
345 2617 440 2647 dilecti
459 2617 493 2647 &
513 2615 604 2646 fideles
619 2616 723 2655 nostri,
742 2615 896 2646 Bernardus
912 2614 974 2646 Ezii
988 2615 1132 2646 Dominus
1145 2614 1180 2647 de
1196 2615 1253 2647 Le-

112 2687 118 2694 ,
157 2650 163 2657 ’
193 2657 291 2696 breto,
308 2655 402 2693 Hugo
423 2654 459 2684 de
482 2653 603 2684 Geneve
618 2654 763 2684 Dominus
779 2655 814 2684 de
825 2653 923 2684 Varrai
936 2656 969 2685 &
983 2654 1018 2683 de
1033 2654 1169 2692 Anthon,
1190 2655 1253 2685 Lo-

156 2728 162 2734 ,
194 2705 262 2727 cum
280 2694 411 2725 nostrum
429 2700 554 2723 tenentes
576 2693 605 2722 in
627 2692 743 2723 Ducatu
765 2692 865 2722 nostro
880 2692 906 2722 A
928 2693 1054 2730 uitaniae,
1071 2693 1105 2722 ὃς
1120 2692 1253 2724 Oliverus

193 2734 229 2764 de
249 2733 367 2772 lngham
391 2730 558 2761 Senescallus
575 2730 668 2760 noster
687 2730 855 2768 Vaseoniae,
879 2740 894 2760 a
939 2739 999 2761 etro
1019 2730 1054 2760 de
1075 2729 1253 2767 Ronynham

193 2772 327 2802 Domino
348 2769 383 2799 de
402 2768 508 2798 Monte
527 2767 631 2805 Calvi,
650 2769 684 2799 ad
706 2768 812 2799 Pacem
831 2768 956 2799 nostram
975 2769 1120 2808 veniente,
1137 2768 1252 2801 Homa-

192 2811 272 2849 gium
290 2807 389 2839 nostro
402 2807 521 2837 nomine
535 2807 661 2844 ceperint
673 2829 683 2844 ,

230 2847 268 2878 Et
293 2847 343 2877 sibi
362 2844 538 2883 promiserint
558 2844 639 2883 quod
652 2854 703 2874 nos
716 2843 840 2883 Pacem,
858 2844 903 2874 seu
918 2845 1061 2884 Treugam
1072 2868 1082 2883 ,
1101 2855 1169 2876 cum
1183 2847 1252 2876 Ho-

191 2885 279 2917 stibus
299 2884 400 2915 nostris
421 2883 546 2913 Franciae
568 2892 628 2912 non
648 2883 784 2920 iniemus,
821 2892 854 2913 ee
875 2883 1024 2921 faciemus,
1042 2883 1093 2913 nisi
1107 2883 1183 2914 idem
1197 2884 1252 2915 Pe-

191 2932 265 2962 trus,
283 2923 437 2962 Sequaces,
452 2921 485 2951 &
507 2920 584 2951 Socii
604 2920 661 2958 sui,
678 2921 707 2951 in
730 2921 797 2951 eade
847 2921 1137 2960 comprehendantur,
1156 2923 1189 2953 &
1201 2923 1251 2954 Se-

191 2963 310 2993 curitate
328 2970 427 2992 eorum
449 2958 526 2997 quod
545 2969 604 2989 non
623 2959 806 2997 Banniantur,
819 2967 865 2990 aut
878 2957 1017 2998 Exulent,
1034 2968 1080 2990 aut
1093 2959 1191 2991 Castra
1205 2962 1251 2992 sua

191 3001 366 3038 Diruantur,
379 2997 556 3038 provideatur
575 2997 713 3036 expresse,
732 3005 815 3035 prout
857 3007 885 3027 er
910 2997 1026 3028 Litteras
1043 2997 1189 3037 Parentes,
1208 3000 1250 3040 ip-

191 3040 287 3070 sorum
309 3038 423 3068 Locum
442 3035 572 3066 nostrum
594 3037 763 3074 tenentium,
779 3036 812 3066 &
847 3035 989 3074 enescalli,
1007 3035 1074 3066 inde
1089 3035 1251 3078 confectas,

191 3078 300 3116 plenius
315 3077 416 3114 poterit
429 3083 578 3113 apparere,

229 3115 297 3146 Nos
338 3125 371 3145 ea
383 3138 393 3154 ,
413 3123 477 3152 quae
499 3122 547 3150 per
570 3111 720 3151 praedictos
735 3135 745 3150 ,
764 3112 878 3144 Locum
902 3111 1032 3143 nostrum
1053 3120 1175 3143 tenentes
1190 3137 1199 3151 ,
1215 3114 1249 3145 ὃ(

191 3137 377 3184 Senescallum
397 3153 426 3182 in
449 3151 501 3182 hac
514 3159 590 3189 parte
604 3150 675 3181 faeta
691 3151 772 3189 sunt,
787 3158 982 3188 acceptantes,
1001 3160 1049 3187 ea,
1065 3160 1199 3188 quatenus
1214 3152 1248 3182 ad

192 3201 244 3222 nos
265 3192 378 3230 attinet,
393 3188 610 3228 confirmamus,
628 3197 710 3230 prout
733 3189 849 3220 Litterae
871 3188 1012 3227 praedietae
1026 3188 1135 3227 plenius
1149 3189 1251 3221 testan-

191 3239 244 3261 tur.

228 3268 260 3298 In
276 3267 370 3305 cujus,
388 3267 447 3297 δίς.

265 3306 353 3339 Teste
368 3306 449 3345 Rege
463 3305 534 3344 apud
551 3306 694 3344 Langele,
712 3305 809 3347 primo
822 3306 868 3337 die
876 3305 952 3345 Julii.

702 3384 756 3412 Per
769 3385 931 3413 Petilionem
946 3383 978 3413 de
994 3380 1116 3412 Concilio.

510 3509 567 3540 Pro
586 3509 718 3540 Civitate
734 3505 925 3552 Burdegaliae.

295 3594 326 3625 X
345 3593 506 3631 Omnibus,
524 3591 560 3622 ad
575 3601 662 3630 quos,
681 3591 742 3622 &c.
762 3591 896 3622 Salutem.

306 3631 501 3672 Supplicarunt
516 3631 615 3668 nobis,
632 3630 726 3660 dilecti
741 3630 774 3660 &
787 3629 879 3660 fideles
893 3628 999 3670 nostri,
1017 3627 1132 3670 Major,
1147 3629 1248 3669 Jurati,

191 3673 225 3704 &
245 3681 303 3704 tota
321 3671 507 3707 Comunitas,
521 3668 651 3699 Civitatis
670 3667 776 3698 nostrae
801 3667 990 3707 Burdegaliae,
1006 3679 1054 3707 per
1075 3669 1247 3700 Petitionem

154 3715 161 3721 ”
190 3711 283 3751 suam,
302 3719 400 3742 coram
418 3709 501 3739 nobis
521 3707 555 3738 &
576 3706 714 3737 Concilio
733 3706 832 3736 nostro
853 3707 1022 3745 exhibitam,
1038 3717 1068 3738 ut
1080 3717 1167 3737 omne
1177 3707 1244 3745 Jus,

189 3751 266 3818 &uod
289 3749 322 3781 ad
342 3758 394 3779 nos
414 3747 551 3788 pertinet,
565 3744 610 3776 seu
625 3745 760 3784 pertinere
774 3746 891 3783 poterit,
909 3746 1056 3776 occasione
1070 3744 1246 3784 Vadiorum‚

164 3791 171 3798 ⁰
219 3789 416 3819 ontentionum
431 3809 440 3823 ,
465 3783 641 3822 Vulnerutri,
666 3785 699 3814 δε
720 3782 970 3822 Verberationum,
994 3784 1065 3814 infra
1089 3782 1244 3814 Civitatem

188 3825 354 3866 praedictam
368 3826 400 3856 &
416 3822 589 3854 Distritstum
603 3821 723 3860 ejusdem
736 3821 1023 3866 commissorum,vel
1034 3831 1146 3853 exnunc
1160 3832 1245 3853 com-

189 3863 408 3903 mittendorum,
425 3863 462 3893 eis
475 3861 539 3891 dare
552 3861 586 3891 &
599 3859 756 3891 concedere
768 3860 887 3891 velimus
901 3861 1037 3899 gratiose,

228 3901 369 3976 IAIXSg’tata
389 3940 423 3971 &
443 3938 517 3970 utilia
538 3937 704 3980 Obsequia,⁴
718 3937 800 3966 nobis
820 3945 872 3981 per¹
891 3936 1057 3974 praedicitos,
1082 3934 1245 3980 Maiorem,

187 3977 621 4048 Jurassjtifglclplgnilffimoem'
639 3974 766 4007 Civitatis
787 3975 947 4014 praedffiae,
963 3984 1025 4008 nori
1045 3974 1103 4006 sine
1124 3974 1244 4007 Labori-

2298 174 2374 215 105

1925 249 2112 290 multipliciter
2126 254 2265 292 impensa,
2282 265 2354 287 con-
2374 250 2448 281 Ann.
2463 252 2507 283 D.

2394 296 2406 316 1
2470 313 2477 319 .

1619 328 1770 359 praetextu,
1789 333 1889 354 eorum
1903 323 2104 366 Supplicationi
2119 331 2146 359 in
2162 330 2215 361 hac
2227 339 2304 372 parte
2315 333 2355 363 fa<
2371 299 2480 365 Eds-13

1302 237 1354 279 bus
1373 239 1526 281 indefessis,
1544 243 1578 272 &
1596 242 1758 283 Sumptibus
1769 246 1906 286 onerosis,

1302 276 1494 308 siderationem
1509 280 1680 319 condignam
1695 284 1841 323 habentes,

1341 313 1385 343 Ac
1403 314 1545 353 volentes,
1562 328 1597 347 eo

1304 353 1462 383 vorabiliter
1475 354 1608 386 inclinare
1616 381 1624 393 ,

1340 390 1478 434 Volumus
1500 392 1533 421 &
1555 396 1737 426 concedimus
1756 399 1834 437 quod
1853 399 1957 439 iidem,
1986 401 2096 440 Major,
2112 403 2215 445 Jurati,
2234 408 2268 438 ὃς
2291 407 2354 438 Co-

1302 436 1437 465 munitas,
1454 429 1573 473 habeant
1584 433 1617 462 &
1630 436 1781 473 percipiant
1792 446 1839 475 per
1853 437 1906 476 Se,
1924 440 1957 469 ὅς
1971 440 2056 478 Suos,
2075 452 2161 472 omne
2173 445 2240 475 illud
2274 447 2353 483 quod

1302 465 1335 495 ad
1358 475 1557 535 nosdgirtinet,
1573 470 1618 500 seu
1633 474 1768 509 pertinere
1781 476 1899 514 poterit,
1917 479 2065 509 occasione
2077 479 2233 517 hujusmodi
2247 469 2353 515 vadio-⁷

1302 513 1382 542 rum,
1420 547 1423 549 Β
1451 514 1647 549 ntentionum,
1668 509 1840 554 Vulnerum,
1858 514 1890 544 &
1910 515 2161 558 Verberationum,
2180 522 2248 552 infra
2271 521 2353 553 Civi-

1300 549 1385 572 tatem
1406 544 1584 588 pnieditsstam,
1604 548 1637 577 δε
1661 547 1830 580 Οιίὶῑιέῖυῐη
1844 551 1982 591 ejusdem,
1999 558 2230 597 commistorum,
2248 561 2290 590 vel
2303 570 2352 591 ex-

1301 589 1377 610 nunc
1398 584 1687 623 committendorum,
1707 588 1721 615 {1
1740 587 1785 617 die
1806 590 1993 621 confectionis
2009 595 2199 635 praesentium,
2219 598 2301 638 usque
2316 599 2351 630 ad

1300 617 1389 686 §Sl-{m
1411 619 1465 649 Sex
1486 621 1638 652 Annorum
1652 646 1661 660 ,
1688 624 1821 663 proximo
1840 627 2010 666 sequentium
2024 654 2033 670 ,
2053 633 2174 670 plenarie
2195 637 2353 674 completo-

1339 694 1370 725 In
1386 696 1479 733 cujus,
1496 697 1557 728 δίε.
1576 708 1624 735 per
1657 700 1784 731 raedicstos
1797 702 1851 732 Sex
1865 703 1965 735 Annos
1981 706 2127 740 duraturas.

1375 733 1464 764 Teste
1477 734 1559 775 Rege
1572 747 1624 774 apu
1660 737 1797 779 Langele,
1817 744 1898 772 tertio
1913 744 1957 774 die
1967 744 2042 782 Julii.

1771 817 1823 846 Per
1836 818 1977 849 Concilium
1989 825 2018 851 in
2032 822 2224 857 Pdrliamento,

1300 893 2343 923 Ἣ

1367 940 1417 975 De
1437 944 1525 977 Villa
1544 945 1581 978 de
1602 948 1700 994 Burgo
1720 958 1808 981 extra
1827 962 1952 984 manum
1971 956 2055 1000 Regis
2077 969 2132 988 non
2145 959 2286 1002 ponenda.

1301 1025 1430 1080 REX
1450 1028 1611 1072 Omnibus,
1626 1031 1660 1061 ad
1674 1042 1761 1071 quos,
1781 1034 1840 1064 &c.
1856 1035 1989 1080 Salutem.
2372 1047 2448 1078 Ann.
2464 1046 2505 1079 Di¹

1411 1065 1533 1105 Regiam
1559 1068 1640 1099 decet
1665 1069 1851 1109 Magestatem
1871 1075 1922 1104 illis
1944 1075 2082 1107 Favorem
2101 1079 2134 1109 &
2154 1079 2282 1111 Gratiam
2298 1083 2353 1113 im-
2396 1095 2481 1126 134¹·

1302 1103 1395 1140 pertiri
1409 1126 1426 1147 ,⁴
1444 1114 1514 1143 quos
1534 1105 1724 1138 Benemeritos
1742 1112 1875 1150 noverit,
1901 1113 1934 1143 &
1954 1116 2032 1153 regiis
2053 1115 2198 1156 Obsequiis
2218 1121 2353 1152 invenerit
2373 1128 2423 1152 An.
2446 1135 2453 1151 ι
2460 1134 2488 1160 5.

1301 1150 1497 1179 promptiores.
2372 1167 2401 1189 Ε.
2422 1173 2445 1199 3.

1303 1176 1476 1247 &Volentes
1495 1182 1597 1226 igitur,
1613 1184 1729 1228 dile&os
1753 1184 1785 1215 &t
1804 1185 1895 1216 fideles
1910 1189 2034 1229 nostros,
2053 1192 2211 1233 Maiorem,
2226 1194 2338 1234 Juratos
2375 1204 2440 1238 msc.
2461 1209 2503 1229 ι’.

1356 1226 1475 1249 caeteros
1492 1219 1673 1266 'Habitatores
1693 1221 1775 1253 Villae
1797 1223 1833 1253 de
1852 1224 1905 1254 Bur
1925 1237 1945 1256 o
1966 1229 2042 1267 super
2068 1230 2151 1261 Mai-e
2191 1234 2219 1263 in
2240 1219 2356 1266 Ducatu'
2373 1243 2404 1265 E.
2444 1260 2448 1265 .
2475 1217 2486 1238 ³

1303 1255 1403 1287 nostro
1424 1257 1599 1304 Aquitaniae,
1616 1270 1663 1299 qui
1685 1270 1746 1307 erga
1760 1261 1844 1300 Nos,
1864 1264 1896 1306 ξε
1938 1269 2105 1303 rogenitores
2120 1256 2229 1301 n0⁷stros
2262 1283 2349 1311 quon·
2374 1287 2408 1303 m.
2425 1249 2470 1304 318.

1304 1295 1369 1325 dam
1389 1295 1481 1339 Reges
1498 1296 1625 1342 Angliae,
1645 1301 1717 1343 bene
1740 1299 1913 1344 &tfideliter
1933 1303 1958 1333 se
1977 1305 1995 1323 ²*
2008 1306 2163 1347 gesserunt,
2183 1295 2354 1350 tem'poribus
2372 1315 2505 1349 *VJ-⁶42

1304 1333 1461 1371 retroaffis,
1478 1332 1575 1375 Regiis
1589 1338 1673 1367 attolli
1690 1337 1861 1377 Favoribus‚

1310 1415 1313 1418 Δ
1339 1372 1536 1418 Concessimus
1548 1375 1586 1403 eis
1600 1385 1653 1412 pro
1666 1376 1748 1406 nobis
1761 1377 1794 1407 &
1809 1377 1974 1409 Haeredibiis
1987 1381 2105 1426 nostris,
2119 1383 2178 1418 &a
2186 1393 2266 1424 prout
2272 1386 2356 1427 fhpra

1304 1423 1333 1442 m
1342 1409 1540 1486 1ιέζῖἔῇἑὲπὲ
1542 1419 1662 1480 gnutatrs
1677 1422 1849 1452 competenter
1863 1419 2011 1449 mutanda.

1376 1486 1465 1518 Teste
1474 1472 1561 1528 ²Rege
1581 1489 1655 1528 apud
1671 1489 1809 1531 Langele,
1827 1494 1928 1531 quinto
1940 1494 1985 1525 die
1993 1495 2070 1534 Juliii

1768 1570 1820 1599 Per
1835 1569 1977 1601 Concilium
1992 1575 2020 1602 in
2034 1574 2230 1607 Parliamento.v

1304 1652 2348 1673 Ἢ

1324 1699 1381 1732 Ad
1404 1702 1523 1733 Literas
1542 1705 1735 1748 imperaroris
1758 1702 1847 1743 (dat.
1871 1714 1913 1748 25
1931 1704 2050 1752 Junii)
2073 1710 2215 1755 Responfio
2234 1715 2332 1760 Regis,

1302 1785 1517 1847 SEreniffimo
1538 1784 1831 1831 Principi,-Domino
1853 1788 2033 1829 Lodowico,
2050 1791 2109 1822 Dei
2124 1794 2227 1833 gratia,
2243 1796 2354 1829 Rorna-
2378 1807 2438 1837 iim,
2463 1807 2495 1838 D

1357 1835 1459 1854 norum
1479 1824 1663 1863 Imperatori,
1681 1830 1786 1863 semper
1799 1827 1941 1866 Augusto,
1959 1829 2129 1869 Edwardus,
2145 1832 2243 1863 eadem
2261 1837 2343 1867 01,ka
2374 1832 2381 1837 ”
2414 1856 2425 1866 ἢ
2442 1830 2448 1837 ‘
2497 1830 2504 1839 ⁴

1300 1864 1365 1895 Rex
1380 1863 1489 1902 Angliae
1503 1864 1536 1894 &
1553 1863 1697 1902 Francize,
1713 1866 1746 1895 δε
1760 1864 1902 1896 Dominus
1917 1866 2084 1907 Hiberniae,
2099 1869 2237 1910 Salutem,
2278 1883 2289 1890 r
2303 1861 2355 1905 vo.²
2374 1856 2479 1912 JA³4¹¹J

1299 1905 1362 1934 rivis
1378 1901 1486 1938 semper
1500 1901 1677 1932 Succeffibus
1690 1903 1826 1939 gratulari.
2375 1900 2403 1950 ἐ
2421 1907 2437 1942 “,
2459 1901 2469 1921 )
2479 1904 2487 1912 “

1311 1977 1316 1985 ⁸
1335 1940 1493 1971 Serenitatis
1516 1940 1615 1971 vestrae
1636 1941 1740 1971 Literas
1752 1950 1909 1973 reverenter
1923 1945 2094 1985 recepimus,
2114 1946 2186 1977 inter
2199 1947 2263 1987 alia,
2284 1960 2355 1981 con-
2372 1945 2497 1998 ijzjsls

1297 1987 1416 2011 tinentes
2453 1984 2457 1989 ”
2499 1983 2505 1990 ”

1337 2001 1431 2057 Qiod
1445 2015 1597 2047 Praeclarus
1609 2016 1752 2056 Philippus
1764 2017 1798 2048 de
1812 2017 1979 2059 Valesio,ad
1993 2020 2188 2054 Tractandum
2204 2025 2272 2056 inter
2288 2027 2354 2058 Nos
2371 2004 2400 2027 E.
2415 2011 2447 2059 '3-

1299 2056 1439 2096 &Ipsum
1453 2055 1663 2095 Concordiam,
1680 2054 1755 2087 dedit
1770 2057 1866 2095 vobis,
1885 2059 1919 2088 ad
1933 2061 2136 2099 requisitionem
2152 2062 2286 2103 vestram,
2304 2066 2354 2097 suis
2375 2087 2400 2104 m
2415 2061 2438 2094 ἶ
2486 2078 2497 2105 l

1301 2096 1401 2128 Literis
1414 2093 1600 2124 potestatem:
2405 2097 2410 2102 '
2428 2087 2469 2114 ³4⁹
2478 2092 2485 2105 ‘
2497 2096 2503 2105 ⁴

1337 2133 1374 2165 Et
1392 2133 1429 2167 (si
1452 2133 1571 2176 placeret
1593 2130 1674 2163 nobis
1698 2132 1867 2178 potestatem
1890 2134 2047 2174 hujusmodl
2061 2137 2143 2168 vobis
2156 2138 2238 2178 dare)
2259 2141 2355 2174 libenti

1300 2173 1431 2204 vacaretis
1443 2181 1541 2201 animo
1553 2171 1586 2201 ad
1600 2171 1706 2202 didiam
1720 2171 1914 2203 Concordiam
1931 2175 2141 2206 reformandum
2159 2187 2164 2206 :

1337 2211 1374 2242 Et
1391 2209 1471 2250 quod
1492 2209 1626 2240 Amicitia
1645 2212 1716 2241 inter
1740 2220 1790 2240 vos
1804 2211 1837 2240 &
1850 2212 1996 2249 praefatum
2013 2212 2176 2253 Philippum
2196 2217 2282 2257 inita,
2298 2220 2353 2249 mi-

1298 2251 1377 2281 nime
1397 2259 1449 2280 nos
1467 2257 1615 2279 moveret:
1642 2259 1708 2280 narn
1729 2257 1763 2279 ex
1782 2258 1856 2288 quo,
1874 2250 1930 2280 sine
1951 2251 2029 2281 Scitu
2045 2252 2077 2282 ὃ(
2102 2253 2219 2285 Affensu
2243 2256 2335 2288 vestro

1300 2288 1428 2328 Treugas
1443 2297 1475 2318 ac
1489 2287 1642 2317 Terminos
1657 2287 1691 2318 ad
1706 2287 1882 2318 traCtandum
1897 2288 1932 2318 de
1949 2288 2022 2320 Pace
2038 2292 2111 2321 inter
2125 2282 2353 2327 Νοεὸεάίέὶωηῗ

1298 2325 1460 2366 Philippum
1485 2327 1667 2365 accepimus,
1694 2325 1801 2356 dietam
1830 2326 1992 2358 Amicitiam
2019 2338 2086 2359 cum
2112 2339 2147 2359 eo
2167 2330 2202 2360 de
2225 2332 2353 2366 Consilio

1298 2365 1467 2404 Principum
1485 2364 1641 2394 vestrorum
1661 2365 1780 2401 (quibus
1800 2365 1889 2395 visum
1910 2365 1992 2397 fuerit
2013 2368 2092 2407 quod
2106 2367 2174 2408 hoc,
2195 2370 2269 2401 salvo
2283 2371 2351 2404 Ho-

1297 2414 1368 2435 nore
1382 2403 1492 2442 vestro,
1511 2402 1622 2442 possetis
1635 2402 1742 2438 facere)
1762 2402 1933 2433 contraxistis
1947 2414 1953 2433 :

1335 2440 1364 2473 V
1373 2451 1384 2473 1
1393 2452 1409 2472 c
1418 2451 1470 2473 AR
1481 2451 1492 2472 1
1503 2449 1584 2477 ATJJ
1594 2449 1636 2480 Μ,
1655 2449 1702 2480 per
1723 2450 1774 2472 vos
1796 2441 1878 2471 nobis
1892 2442 2073 2482 concessum,
2087 2454 2201 2484 propter
2215 2447 2272 2479 hoc
2285 2448 2349 2480 Re-

1296 2490 1429 2513 vocantes
1443 2491 1449 2510 :

1334 2519 1371 2550 Et
1383 2520 1500 2559 quidem
1516 2518 1638 2555 Zelum,
1654 2527 1739 2556 quem
1753 2517 1859 2549 habetis
1872 2518 1905 2548 ad
1918 2517 2079 2551 faciendum
2091 2521 2199 2554 didiam
2216 2524 2351 2556 Concor-

1296 2557 1389 2597 diam,
1412 2558 1566 2596 plurimum
1585 2556 1839 2594 commendamus;
1862 2557 1990 2588 volentes
2012 2559 2110 2589 vestrae
2131 2570 2222 2598 patere
2242 2565 2350 2595 notitiae

1296 2597 1376 2635 quod
1396 2607 1448 2627 nos
1468 2595 1574 2627 Pacem
1595 2594 1785 2625 rationabilem
1805 2595 1908 2625 habere
1919 2605 1988 2626 cum
2001 2595 2080 2627 dic‘to
2095 2598 2226 2639 Philippo
2240 2602 2348 2640 semper

1294 2643 1444 2679 optamus,
1460 2635 1575 2673 Qiam,
1590 2635 1620 2664 in
1639 2641 1775 2672 quantum
1794 2633 1906 2673 decuit,
1923 2634 2016 2665 sumus
2036 2645 2102 2666 cum
2114 2637 2241 2669 instantia
2257 2640 2348 2677 prose·

1294 2683 1351 2704 cuti
1365 2683 1371 2703 ;

1332 2710 1369 2742 Et
1385 2735 1394 2751 ,
1411 2722 1441 2742 re
1458 2711 1523 2742 ver&
1537 2734 1546 2749 ,
1564 2711 1698 2741 votivum
1718 2709 1802 2740 nobis
1821 2709 1893 2742 foret
1915 2711 2071 2742 admodum
2089 2713 2121 2743 &
2143 2723 2307 2754 acceptum,
2326 2716 2346 2748 fi

1294 2750 1386 2790 posset
1405 2750 1465 2780 fieri
1486 2759 1535 2789 per
1553 2749 1620 2780 tanti
1641 2747 1805 2778 Mediatoris
1824 2749 1983 2780 instantiam
2004 2750 2058 2781 Pax
2077 2760 2188 2790 optata·
2225 2754 2263 2784 set
2284 2755 2347 2792 quia

1296 2789 1397 2819 scimus
1413 2787 1464 2827 Jus
1483 2787 1611 2818 nostrum
1632 2788 1664 2829 in.
1676 2785 1781 2825 Regno
1796 2786 1921 2817 Franci-ae
1935 2788 1995 2818 satis
2008 2788 2141 2829 Clarum,
2158 2777 2238 2828 illud,
2263 2793 2347 2823 Arbi-

1296 2828 1350 2872 trio
1361 2828 1531 2895 dugiomon
1543 2833 1728 2865 proponimus
1741 2825 1844 2855 ducere
1856 2824 1950 2857 Alicui
1963 2836 2011 2866 per
2026 2826 2130 2859 Literas
2143 2830 2247 2861 nostras
2262 2840 2345 2862 com-

1295 2874 1394 2895 mitten
1417 2874 1474 2895 um.

1331 2903 1456 2941 Verum,
1474 2902 1545 2933 dum
1558 2900 1663 2932 attentfi
1675 2900 1864 2932 Meditatione
1879 2902 2024 2940 pensamus
2034 2905 2148 2943 qualiter
2158 2906 2249 2937 vestra
2263 2908 2345 2938 Con-

1293 2941 1417 2972 sideratio
1440 2940 1654 2978 circumspecta,
1674 2939 1770 2970 videns
1784 2948 1924 2978 patentem
1940 2941 2066 2972 nostram
2078 2943 2218 2981 Justitiam
2229 2969 2238 2983 ,
2256 2946 2288 2975 δε
2303 2947 2345 2976 di—

1291 2980 1329 3011 cti
1353 2979 1473 3018 Philippi
1487 2978 1626 3009 Duritiam
1639 2978 1807 3009 obstinatam
1822 2976 1854 3009 δε
1869 2979 2012 3018 injuriam,
2030 2981 2177 3012 nobiscum
2191 2992 2288 3013 contra
2303 2985 2346 3014 di-

1292 3019 1371 3049 <stum
1392 3018 1552 3086 Philippum
1565 3041 1574 3055 ,
1592 3016 1676 3048 vestri
1695 3016 1781 3055 gratia
1796 3040 1806 3054 ,
1826 3017 1925 3056 Ligam
1945 3017 2033 3056 fecit,
2051 3020 2126 3050 velut
2148 3022 2175 3050 iii
2199 3021 2343 3058 specialem

1291 3057 1462 3096 Adoptionis
1510 3056 1608 3093 ilium,
1627 3055 1662 3085 de
1676 3055 1835 3085 dilectionis
1849 3056 2045 3096 exuberantia,
2061 3068 2111 3088 nos
2125 3058 2292 3099 admittens,
2310 3069 2342 3091 ut

1290 3105 1358 3126 cum
1381 3105 1449 3133 pace
1465 3093 1553 3125 vestra
1567 3094 1732 3131 loquamur,
1750 3094 1841 3123 mirari
1857 3104 1917 3124 non
1929 3094 2081 3126 sufficimus
2095 3098 2172 3134 quod
2186 3107 2242 3136 pne
2263 3108 2344 3129 otens

1292 3132 1382 3164 vestra
1401 3133 1576 3169 Sublimitas,
1614 3141 1657 3162 uae
1675 3132 1708 3162 ad
1726 3132 1837 3162 laudem
1852 3131 2014 3171 Bonorum,
2031 3134 2064 3164 δε
2079 3134 2230 3165 vindictam
2269 3137 2344 3167 4³10-

1292 3181 1372 3210 rum,
1391 3171 1433 3202 est
1455 3171 1589 3202 divinitus
1625 3170 1751 3208 nstituta,
1771 3180 1868 3201 contra
1889 3171 1957 3201 Nos
1969 3170 2046 3201 dicto
2062 3171 2210 3211 Philippo,
2229 3173 2344 3213 injuria-

1290 3211 1346 3242 tori
1366 3209 1464 3240 nostro
1484 3209 1616 3247 notori0,
1633 3209 1658 3238 se
1670 3206 1770 3248 ligavit.

1330 3247 1367 3279 Et
1383 3246 1410 3278 id
1424 3248 1501 3287 quod
1513 3248 1615 3278 dicitur
1630 3247 1711 3285 Nos,
1728 3247 1784 3277 sine
1797 3247 1875 3277 Scitu
1891 3247 1924 3278 &
1939 3247 2052 3278 Affensu
2066 3248 2177 3287 vestro,
2190 3260 2256 3280 cum
2272 3260 2344 3288 prze-

1289 3283 1347 3317 fato
1369 3284 1500 3326 Philippo
1520 3286 1663 3325 Treugas,
1680 3286 1713 3316 ὃς
1733 3285 1897 3315 Tractatum
1912 3285 2009 3324 Pacis,
2028 3287 2152 3325 inivisse,
2173 3289 2254 3326 quia,
2273 3290 2342 3320 dum

1291 3325 1487 3356 obsidebamus
1506 3324 1659 3355 Civitatem
1680 3323 1908 3360 Tornacensem,
1926 3325 2050 3361 oportuit
2071 3325 2138 3355 Nos
2157 3336 2255 3356 eorum
2268 3328 2342 3366 sequi

1293 3363 1433 3402 Consilia,
1457 3365 1503 3402 qui
1524 3363 1607 3393 nobis
1629 3361 1807 3392 Comitivam
1827 3362 1859 3391 ὃς
1884 3361 2027 3392 Auxilium
2049 3371 2117 3394 tunc
2138 3364 2281 3403 fecerunt,
2306 3367 2342 3397 δε

1292 3402 1411 3433 iminens
1431 3401 1517 3432 subita
1537 3400 1695 3431 Neceffitas
1713 3410 1746 3430 ac
1764 3401 1894 3430 locorum
1918 3399 2043 3431 distantia
2059 3401 2176 3431 vestram
2189 3403 2267 3441 super
2282 3404 2341 3434 hoc

1291 3441 1435 3472 consulere
1453 3439 1655 3470 Celsitudinem
1675 3439 1794 3468 minime
1815 3438 1997 3476 permiserunt
2014 3451 2024 3476 3
2061 3441 2153 3469 immo
2176 3442 2256 3470 nobis
2278 3442 2342 3473 alias

1292 3480 1332 3517 (si
1353 3480 1489 3515 recolitis)
1508 3476 1678 3508 concessistis
1697 3476 1792 3514 quod,
1809 3477 1877 3506 cum
1900 3476 2104 3514 Opportunitas
2123 3479 2268 3517 arrideret,
2287 3489 2342 3511 tra-

1291 3518 1367 3548 c‘tare
1393 3516 1535 3557 possemus
1554 3515 1590 3545 de
1611 3514 1684 3544 Pace
1704 3515 1785 3544 vobis
1802 3514 1979 3551 inconsultis,
1998 3516 2034 3545 ita
2056 3524 2149 3545 tamen
2170 3518 2267 3556 quod,
2283 3519 2340 3549 sine

1290 3555 1435 3586 Consensu
1458 3553 1567 3591 vestro,
1583 3552 1684 3583 Pacem
1708 3552 1831 3582 Finalem
1854 3562 1921 3582 cum
1942 3553 2021 3583 dieto
2035 3553 2165 3591 Philippo
2187 3556 2340 3587 nullatenus

1287 3595 1453 3631 faceremus,
1471 3602 1554 3632 quam
1574 3600 1718 3629 nunquam
1740 3590 1830 3621 facere
1852 3590 2095 3630 proposueramus,
2114 3593 2269 3636 priusquam
2291 3606 2341 3626 ve-

1288 3632 1376 3663 strum
1392 3632 1470 3669 super
1485 3633 1543 3662 hoc
1556 3629 1741 3660 habuissemus
1755 3628 1905 3668 providum
1920 3628 2076 3659 Consilium
2092 3632 2125 3661 ὃ(
2142 3631 2295 3662 Allensum.

1325 3671 1374 3702 Set
1392 3671 1499 3710 semper
1523 3671 1552 3699 in
1575 3669 1648 3699 votis
1663 3666 1794 3704 gessimus
1808 3667 1888 3697 vobis
1903 3667 1931 3696 in
1946 3668 2081 3698 omnibus
2094 3669 2183 3699 facere
2219 3672 2275 3701 uod
2289 3671 2339 3703 de-

1288 3710 1401 3740 buimus
1416 3709 1488 3746 juxta
1500 3708 1587 3744 vires,
1605 3708 1738 3743 sperantes
1754 3705 1833 3743 quod
1847 3704 1972 3735 Paternae
1985 3706 2083 3737 vestrae
2097 3708 2201 3747 plenitu
2222 3719 2241 3739 ο
2257 3709 2339 3740 Beni-

1286 3747 1419 3779 volentiae
1433 3756 1485 3777 nos
1499 3745 1532 3775 ad
1547 3753 1656 3780 tempus
1670 3744 1817 3782 benignius
1831 3742 1879 3780 sup
1900 3743 2020 3774 ortasset.

1325 3785 1443 3816 Videtur
1469 3785 1552 3815 etiam
1578 3782 1714 3820 aliquibus
1734 3804 1743 3819 ,
1774 3780 1854 3819 quod
1913 3784 2043 3813 evocatio
2069 3782 2338 3819 VicARIA'rus

1286 3823 1360 3855 fasta
1384 3823 1471 3853 fuerat
1493 3822 1676 3859 praemature,
1699 3820 1786 3857 cum,
1798 3820 1874 3857 juxta
1896 3819 2081 3859 Sponsionem
2088 3844 2098 3859 ,
2114 3822 2193 3860 super
2215 3823 2271 3855 hoc
2309 3836 2339 3856 er

1286 3861 1444 3900 Imperial&
1464 3860 1566 3897 Apices
1583 3859 1665 3889 nobis
1686 3857 1806 3895 factam,
1824 3867 1882 3888 non
1897 3858 2032 3889 debuisset
2045 3858 2103 3889 fieri
2138 3862 2262 3901 uousque
2307 3875 2338 3894 e—

1284 3910 1373 3970 gsum
1393 3898 1537 3936 Franciae,
1552 3897 1597 3929 vel
1618 3896 1760 3934 Majorem
1780 3905 1886 3935 partem
1904 3896 2042 3936 ejusdem,
2059 3899 2119 3935 paci
2140 3901 2175 3930 ce
2195 3900 2338 3932 fuissemus

1281 3949 1298 3972 a
1318 3948 1334 3969 e
1353 3946 1382 3968 ti.

1349 3974 1468 4007 raetniss'a
1488 3973 1681 4014 (quaesumus)
1701 3972 1768 4007 velit
1789 3973 1883 4041 innga
1901 3973 1984 4005 vobis
1999 3973 2144 4008 Nobilitas
2161 3975 2256 4046 debitde
2271 3986 2343 4016 pon-

2250 4024 2342 4053 erare,
