2562 4279
152 105 204 145 So
563 92 1211 140 CONVENTION

0 187 74 219 Anti.
86 188 126 218 D.
148 188 300 218 volentiam
325 186 459 226 prosperis
476 183 644 215 successibus
666 184 862 213 continuantes
877 205 886 219 ,
917 180 1066 220 ipii'imque
1086 179 1211 211 Manue-

17 236 99 266 1332.

0 267 63 294 Edv.
82 277 108 304 3.

0 678 67 709 nnn.
77 678 119 708 D.

17 727 101 757 1„-.

0 760 41 784 an.
62 759 87 786 6.

0 804 74 878 {lais
93 835 121 861 6.

0 882 4 886 .
65 882 103 903 m.

0 881 53 906 ..3.

8 1762 61 1787 IV.

0 1807 38 1833 ις.

0 2473 31 2494 3η

35 2488 39 2492 .
54 2462 97 2495 D.

0 2511 70 2570 3362.-

148 227 222 265 lem,
238 237 270 257 ac
285 225 423 255 Karolum
438 224 541 253 Filium
552 222 649 260 suum,
666 220 839 258 caeterosque
855 220 974 251 Liberos
998 218 1209 263 iu0s‚·praefato

146 265 282 294 Domino
304 263 377 299 Regi
397 260 630 292 recommendare
652 259 741 289 velitis
755 283 765 297 ,
792 257 974 297 ipsorumque
995 268 1108 297 negotia
1123 280 1133 296 ,
1160 267 1210 295 pe-

147 313 196 333 nes
218 303 305 340 ipsum
326 301 454 340 Regem,
481 298 666 329 effec‘tualiter
687 307 880 336 promovere,
902 297 1002 329 nostris
1025 297 1155 336 precibus
1173 297 1208 327 &

148 351 253 371 ΩΠἸΟΓΕ.

186 417 254 447 Dat.
272 424 303 446 ut
318 414 406 453 supra.

145 543 194 575 De
210 538 370 582 Navibus,
391 549 444 584 pro
472 538 603 585 Paffagio
626 541 713 586 Regis
726 566 735 578 ,
760 536 922 581 arcstandis
931 541 962 569 in
971 535 1144 576 thernia,
1168 540 1205 575 ὠ·

360 588 450 634 nsque
469 586 642 620 Holiheved
660 592 691 620 in
709 588 818 621 Willia
835 586 985 619 ducendis.

145 673 282 731 REX,
301 673 419 703 Dilecto
435 673 468 703 ὃς
481 672 568 703 Fideli
581 672 648 711 suo,
666 671 796 703 Antonio
810 671 846 702 de
864 671 962 712 Lucy,
977 671 1136 710 Justiciario
1156 669 1204 700 suo

198 729 201 730 ν
222 713 383 749 Hiberniae,
401 710 535 741 Salutem.

179 751 260 782 Cum
275 774 285 789 ,
309 752 336 780 in
358 750 547 780 Parliamento
568 748 684 787 nostro,
706 759 794 787 nuper
818 748 890 786 apud
912 747 1203 779 Westmonasterium

140 797 236 827 tento,
256 799 305 827 per
326 788 476 827 Praelatos,
496 788 643 828 Magnates
665 789 698 819 &
720 787 857 818 Proceres
880 787 977 825 Regni
999 785 1088 817 nostri
1110 785 1204 817 fuiffet

142 828 350 858 concordatum
364 827 443 866 quod
453 851 462 865 ,

179 865 237 897 Pro
251 867 451 897 reformatione
466 865 550 896 statiis
564 865 664 895 Terrze
678 863 781 894 nostrae
795 863 943 894 Hiberniae
952 886 962 902 ,
980 864 1014 894 ὃς
1029 862 1203 893 refraenatio-

139 915 176 935 ne
197 905 440 942 Hibernicorum,
458 903 646 934 Inimicorum
670 902 832 933 nostrorum
855 903 888 932 &
910 901 1074 932 Rebellium
1089 899 1203 931 nostro-

139 954 220 981 rum,
241 945 289 982 qui
303 944 363 975 tam
377 943 486 980 nostra,
505 943 625 980 Terras,
644 940 850 979 Posseffiories,
868 942 901 971 &
916 940 1011 977 Bona,
1030 940 1116 977 quam
1132 939 1202 968 alio-

138 992 205 1012 rum
221 982 360 1014 Fidelium
376 981 560 1019 nostrorum,
577 980 604 1010 in
621 979 720 1011 eadem
741 979 850 1017 Terra,
869 989 917 1016 per
937 978 1114 1016 Repentinos
1138 982 1201 1013 Ag-

137 1021 258 1060 gressuS,
277 1031 342 1052 ante
353 1021 415 1051 haec
428 1028 573 1058 tempora,
590 1018 783 1057 occuparunt,
802 1018 834 1049 &
848 1017 934 1047 indies
950 1018 1074 1048 nituntur
1089 1026 1141 1057 pro
1157 1017 1201 1046 vi-

138 1060 215 1090 ribus
229 1070 387 1098 occupare,

174 1098 220 1128 Ad
235 1108 323 1136 partes
337 1098 394 1128 illas
408 1107 459 1127 nos
473 1096 619 1126 transferre
631 1095 809 1134 personaliter
824 1094 994 1133 debeamus,

174 1137 210 1167 Et
224 1137 447 1167 ordinaverimus
462 1135 621 1175 passagium
637 1134 766 1165 nostrum
782 1133 871 1165 versus
885 1142 974 1174 partes
994 1131 1140 1170 praedictas
1162 1131 1197 1162 ad

137 1174 253 1206 Festum
267 1176 364 1206 Sancti
379 1174 544 1212 Michaelis,
563 1174 698 1212 proximo
713 1173 837 1203 futurum
846 1195 856 1210 ,

172 1214 234 1250 Ac,
254 1215 330 1253 tarn,
349 1223 402 1252 pro
418 1213 543 1252 Passagio
556 1211 655 1242 nostro
666 1212 699 1242 ὃς
713 1211 832 1241 aliorum
858 1208 995 1239 Fidelium
1015 1208 1195 1254 nostrorum,

132 1253 180 1292 qui
193 1254 344 1283 nobiscum
358 1252 393 1282 ad
408 1252 494 1282 dietas
511 1259 598 1288 partes
612 1259 646 1280 ex
657 1249 735 1280 causa
747 1248 882 1287 praediCta
897 1248 959 1278 sunt
972 1256 1099 1285 venturi,
1108 1256 1194 1284 quam

130 1301 184 1328 pro
199 1291 350 1322 Ductione
362 1290 528 1321 victualium
541 1290 574 1319 δε
587 1288 698 1318 aliarum
714 1298 825 1325 rerum,
846 1296 899 1323 pro
922 1286 1117 1316 sustentatione
1141 1295 1195 1314 no-

131 1328 186 1359 stra
200 1330 373 1368 &ipsorum
388 1328 525 1359 Fidelium
546 1326 726 1365 nostrorum,
746 1325 779 1356 ad
800 1325 910 1356 easdem
930 1333 1018 1362 partes
1040 1323 1194 1355 mittendo-

129 1377 212 1406 rum,
229 1368 342 1399 Navale
354 1367 514 1398 Subsidium
527 1373 655 1403 oporteat
671 1375 723 1394 nos
744 1364 863 1402 habere,

171 1406 262 1437 Vobis
284 1406 471 1443 mandamus,
494 1404 612 1434 firmiter
635 1404 825 1442 injungentes,
852 1400 931 1439 quod
951 1411 1052 1431 omnes
1077 1400 1192 1439 Naves,

127 1445 187 1483 jam
208 1446 236 1475 in
254 1445 412 1482 Portubus,
430 1446 461 1474 in
481 1442 581 1472 eadem
600 1441 690 1471 Terra
711 1440 810 1471 nostra
832 1441 1000 1478 Hiberniae,
1027 1439 1193 1479 existentes,

130 1483 167 1513 &
180 1483 213 1513 ad
228 1484 341 1514 eosdem
356 1483 458 1513 Portus
472 1482 616 1511 venientes
630 1480 707 1518 (quae
722 1490 774 1516 pro
789 1478 916 1517 Paffagio
930 1478 1068 1516 praedicto
1083 1478 1115 1509 &
1126 1477 1192 1509 Du-

128 1521 227 1552 ‹stione
249 1522 413 1553 victualium
438 1520 471 1551 &
493 1529 586 1550 rerum
616 1518 822 1556 praedi&orum
837 1519 916 1548 utiles
928 1517 1042 1554 fuerint)
1061 1517 1193 1547 ubicum-

131 1570 187 1598 que
207 1570 249 1590 eas
268 1562 297 1590 in
321 1560 462 1590 Portubus
477 1558 634 1595 praediffls,
649 1557 695 1587 seu
709 1557 773 1586 alibi
787 1558 815 1585 in
831 1556 930 1586 elidem
944 1555 1054 1593 Terra,
1072 1556 1193 1586 inveniri

127 1600 295 1637 contigerit,
319 1598 446 1635 arestari,
465 1598 499 1628 &
519 1595 619 1626 Naves
641 1596 698 1626 illas
717 1594 751 1625 ad
775 1594 897 1626 Portum
915 1594 951 1623 de
972 1593 1137 1624 Holiheved
1162 1595 1191 1624 in

126 1637 231 1668 Walli'a
254 1637 321 1668 duci
343 1637 463 1673 faciatis,
485 1636 521 1665 ita
542 1633 622 1673 quod
643 1634 694 1663 {int
722 1633 828 1664 ibidem
843 1635 872 1663 in
889 1631 1011 1663 crastino
1026 1632 1191 1663 Nativitatis

127 1675 215 1705 beatae
238 1675 342 1706 Mariae
363 1675 502 1715 Virginis,
529 1674 663 1712 proximo
682 1672 795 1711 futuro,
818 1672 851 1702 ad
874 1672 1028 1709 ultimum,
1053 1680 1087 1701 ex
1109 1670 1190 1702 causa

124 1714 333 1784 superagitatam
355 1751 518 1789 Magistris,
537 1750 571 1780 &
594 1748 785 1786 Custodibus,
816 1747 947 1779 Navium
972 1747 1188 1788 praedictarum,

123 1791 161 1822 de
176 1791 272 1822 Fretto
286 1791 418 1822 Navium
432 1789 611 1825 earumdem,
630 1788 778 1818 conveniri
791 1787 824 1817 ὃς
839 1786 1007 1817 concordari
1022 1787 1139 1816 faciatis:

163 1829 201 1860 Et
218 1832 301 1860 etiam
323 1828 508 1866 superviden,
527 1827 606 1864 quod
627 1826 727 1856 Naves
752 1826 897 1863 praedicftae
911 1824 1014 1863 Claiis,
1032 1824 1187 1864 Pontibus,

122 1869 156 1900 &
171 1869 227 1898 aliis
244 1867 433 1904 Necessariis,
452 1867 525 1896 bene
539 1866 573 1895 ὅ(
586 1864 756 1895 sufficienter
771 1865 948 1894 muniantur:

161 1906 206 1937 Ac
230 1905 388 1945 Magistris,
404 1905 437 1936 &
458 1903 650 1940 Custodibus,
670 1903 867 1942 praedictarum
888 1902 1037 1950 Navium,
1056 1902 1092 1933 de
1119 1903 1187 1934 Fre-

121 1945 215 1980 &aaio
228 1944 391 1975 earumdem
407 1943 552 1979 Navium,
570 1941 703 1979 satisfieri;

158 1977 286 2014 Necnon
309 1982 431 2020 Pontes,
449 1980 555 2019 Claias,
572 1982 605 2011 &
628 1980 678 2010 alia
696 1979 844 2010 necessaria
869 1989 922 2018 pro
935 1978 1069 2011 Navibus
1082 1980 1185 2018 praedi-

120 2022 189 2059 ἂίε,
208 2021 245 2051 sic
260 2021 397 2060 arestatis,
414 2021 472 2051 emi
485 2020 518 2051 &
533 2018 674 2058 provideri
686 2018 798 2050 faciatis.

152 2101 243 2135 Teste
260 2101 346 2141 Rege
359 2100 433 2140 apud
447 2099 628 2139 Wodest0k‚
647 2099 784 2133 vicesimo
797 2101 897 2140 quinto
910 2099 956 2130 die
965 2099 1044 2138 Julii.

805 2184 857 2212 Per
870 2180 950 2220 ipfitm
964 2183 1067 2220 Regem.

115 2313 175 2347 Ad
190 2317 305 2360 Papam
317 2340 326 2356 ,
349 2324 404 2360 pro
424 2312 566 2360 Johanne
586 2312 621 2345 de
644 2312 800 2361 Pulteney,
818 2312 911 2359 fitper
931 2314 1177 2359 Appropriatione

548 2360 740 2395 concedenda.

167 2449 261 2481 APAE
275 2450 341 2481 Rex
356 2449 457 2481 devota
472 2450 581 2481 Pedum
596 2449 689 2480 oscula
704 2448 863 2479 beatorum.

199 2488 258 2519 Pro
277 2489 445 2526 Expiatione
465 2489 649 2527 septemplicis
668 2486 771 2526 Cuipae
783 2512 792 2525 ,
839 2486 873 2517 ua
894 2486 1022 2519 Christus
1042 2489 1175 2526 operibus

115 2528 276 2558 mortalium
291 2528 378 2557 indies
394 2527 564 2565 offenditur,
584 2526 715 2557 Dilee'tus
729 2525 761 2556 δί
786 2498 884 2556 Fidelis
904 2526 1016 2565 noster,
1031 2527 1175 2565 Johannes

113 2565 289 2605 Pulteneye,
313 2565 409 2603 Major
431 2566 558 2596 Civitatis
579 2565 682 2596 nostrae
704 2564 867 2595 Londoniae
881 2588 890 2601 ,
919 2566 947 2594 in
969 2565 1079 2596 honore
1098 2565 1174 2595 Festi

114 2603 252 2643 Corporis
275 2603 400 2642 Christi,
419 2613 582 2642 perpetuam
603 2603 781 2641 Cantariam,
800 2604 829 2633 in
850 2601 965 2640 Capella
1000 2613 1049 2642 per
1067 2604 1173 2643 ipsum,

109 2643 187 2681 juxta
200 2643 355 2673 Ecclesiam
372 2642 567 2673 parochialem
584 2643 657 2673 beati
674 2641 817 2671 Laurentii
840 2640 876 2670 de
896 2641 960 2671 Can
981 2641 1173 2682 elwyghtstre-

116 2690 162 2720 te,
185 2682 257 2712 infra
276 2682 384 2712 distam
408 2680 577 2719 Civitatem,
601 2681 762 2719 sumptuose
783 2678 973 2718 constructa,
1000 2690 1049 2718 per
1067 2681 1173 2718 septem

111 2719 284 2751 Presbiteros
298 2720 525 2758 imperpetuum,
543 2719 640 2750 divina
653 2719 763 2749 favente
778 2716 956 2756 Clementia,
975 2719 1171 2749 celebrandam

109 2758 252 2789 salubriter
265 2759 424 2796 ordinavit,
443 2767 474 2789 ut
491 2760 520 2788 in
535 2758 567 2788 ea
581 2757 725 2788 cotidiano
745 2756 910 2795 Libamine,
929 2767 979 2793 per
1001 2756 1173 2788 presbiteros

109 2796 182 2834 ipsos
194 2797 307 2834 oblato,
328 2796 469 2827 Altiffimo
485 2797 609 2834 placetur
619 2820 628 2833 ,
647 2798 680 2828 ὃς
695 2795 859 2834 septiformis
874 2796 958 2834 gratia
973 2795 1093 2833 Spiritus
1102 2795 1172 2827 San-

109 2835 149 2866 eti
164 2835 323 2874 hujusmodi
343 2834 506 2864 Ministerio
525 2836 697 2873 impetretur.

149 2873 295 2904 Devotam
317 2873 402 2911 igitur
423 2872 509 2903 fidelis
528 2873 615 2903 nostri
633 2871 759 2910 praedicti
780 2870 973 2902 Intentionem
994 2872 1170 2904 Beatitudinis

113 2911 217 2943 vestrae
239 2912 331 2942 fulciri
353 2911 483 2949 praefidiis
502 2913 662 2949 cupientes,
681 2911 770 2947 Ipsam
786 2920 820 2939 ex
833 2911 921 2941 corde
932 2911 1059 2941 duximus
1072 2911 1174 2950 suppli-

109 2950 228 2982 candam
243 2950 391 2988 quatimis,
410 2950 438 2978 in
454 2958 640 2987 augmentum
657 2948 760 2979 Cultus
777 2947 892 2987 Divini,
910 2959 963 2988 pro
986 2949 1107 2979 uberiori
1128 2950 1172 2981 su-

108 2988 278 3020 stentatione
296 2986 521 3018 Ministrantium
536 2989 565 3017 in
579 2987 695 3025 Capella
712 2986 864 3026 praedieia,
882 2988 988 3025 velitis,
1008 2987 1171 3019 Venerabili

107 3027 185 3058 Patri
302 3025 495 3056 Londoniensi
516 3026 659 3064 Episcopo
679 3026 878 3063 committere,
898 3034 928 3056 ut
947 3026 1089 3064 praefatam
1113 3027 1171 3058 Ec-

108 3066 221 3097 clesiam
235 3065 331 3095 Sanc‘ti
349 3064 491 3095 Laurentii
507 3065 583 3102 (quze
599 3072 711 3102 propter
725 3063 806 3101 ipsius
826 3064 985 3095 Exilitatem
1005 3066 1088 3096 etiam
1111 3075 1171 3096 non

106 3104 224 3139 taxatur)
240 3102 394 3134 accedente
407 3103 542 3133 consensu
559 3103 674 3132 Patroni
697 3102 835 3140 eiusdem,
853 3103 1011 3133 concedere
1031 3113 1063 3134 ac
1083 3103 1172 3142 depu-

107 3150 167 3212 tgtr'e
181 3142 287 3180 valeat,
301 3142 466 3172 auctoritate
482 3140 666 3179 Apostolicfi,
682 3139 806 3180 Capellae
821 3150 854 3171 ac
870 3141 1031 3173 Presbiteris
1051 3141 1172 3181 supradi-

143 3192 178 3211 is·

149 3205 194 3249 A⁷c
216 3218 386 3258 Religiosis,
412 3218 518 3249 Abbati
537 3218 571 3248 &
592 3217 756 3248 Conventui
778 3216 1073 3249 westmonasteriensi
1093 3220 1171 3257 juxta

110 3257 312 3295 Londoniam,
328 3257 443 3288 Ordinis
457 3257 551 3287 Sancti
569 3256 731 3293 Benedicti,
749 3255 782 3285 ad
798 3255 964 3286 Romanam
978 3255 1097 3287 Curiam
1109 3258 1172 3288 nul-

110 3296 141 3326 lo
155 3296 251 3326 medio
263 3296 429 3333 pertinenti,
445 3295 573 3326 Patronis
585 3295 670 3325 didiae
682 3293 814 3325 Eccleliae
829 3294 922 3324 Sancti
936 3295 1096 3333 Laurentii,
1109 3296 1171 3334 dig-

108 3336 218 3365 nemini
234 3334 300 3364 dare
316 3334 476 3364 Licentiam
492 3333 673 3363 Patronatum
689 3332 811 3371 ejusdem
826 3332 960 3363 Ecclefiae
978 3333 1073 3363 Sancti
1095 3334 1171 3364 Lau-

109 3375 191 3403 rentii
203 3373 306 3403 eisdem
321 3372 482 3403 Presbitens
495 3373 631 3411 perpetuo
645 3370 822 3409 concedere,
843 3372 875 3402 δε
890 3371 976 3402 dietae
998 3370 1171 3411 Appropria-

110 3412 183 3441 tioni
199 3411 374 3448 consentire,

148 3449 223 3479 Non
247 3448 376 3479 obstante
394 3448 474 3486 quod
496 3448 574 3479 idem
596 3447 693 3478 Abbas
713 3447 878 3485 Juramento
899 3455 1022 3477 teneatur
1043 3447 1170 3478 albidius

110 3497 171 3518 non
189 3487 306 3518 alienare
326 3487 404 3518 Bona
426 3487 496 3518 dieti
516 3485 686 3518 Monasterii
707 3485 845 3516 Romano
870 3485 1010 3517 Pontifice
1029 3487 1170 3517 inconsul-

114 3533 146 3555 to
162 3538 167 3543 ·

148 3551 298 3606 I'tayquod,
316 3563 450 3601 cedente,
468 3563 514 3593 vel
527 3562 699 3602 decedente,
715 3562 844 3593 Restoie
859 3562 953 3602 ipsius,
966 3572 1015 3600 per
1029 3572 1118 3593 unum
1133 3562 1170 3593 de

115 3602 250 3638 praedietis
264 3602 423 3632 Presbiteris
438 3602 525 3632 valeat
537 3602 699 3642 gubernari:

150 3639 194 3670 Ac
209 3642 290 3670 etiam
304 3640 376 3670 aliud
387 3640 560 3670 Beneficium
576 3638 805 3671 Ecclesiasticum
818 3648 927 3676 unum,
944 3639 990 3670 vel
1013 3638 1107 3676 plura,
1124 3649 1169 3669 us-

116 3686 173 3720 que
191 3678 223 3707 ad
244 3679 370 3708 valorem
392 3678 502 3716 Viginti
526 3679 692 3716 Librarum,
709 3678 780 3708 infra
795 3676 1023 3708 Cantuariensem
1046 3677 1169 3708 Provin-

115 3723 205 3751 ciam,
223 3726 290 3745 cum
309 3716 440 3753 optulerit
462 3717 488 3746 se
505 3717 645 3754 Facultas,
663 3716 744 3746 simili
765 3716 855 3746 modo
875 3715 978 3746 eisdem
994 3715 1169 3754 concedere,

114 3751 231 3819 Patimini
242 3754 411 3819 (adveniente
427 3755 560 3786 consensu
573 3778 584 3795 ,
611 3755 722 3793 valeat,
748 3755 777 3785 in
800 3755 927 3794 proprios
948 3753 1010 3786 usus
1029 3763 1144 3793 perpetu

134 3800 153 3820 o
177 3801 186 3819 i
207 3799 240 3819 en
262 3801 284 3820 a.

113 3800 133 3829 P
154 3827 327 3866 Conservet,
344 3830 402 3861 &c.

151 3907 219 3940 Dat.
237 3907 309 3945 apud
324 3907 504 3950 Wodestok‚
520 3911 656 3945 vicesimo
667 3911 744 3944 sexto
757 3910 801 3942 die
809 3909 886 3950 Julii.

1239 91 1357 139 ES,
1441 91 1839 146 LITERAE,

1252 273 1302 305 De
1316 272 1445 319 eligendo
1463 277 1608 308 Homines
1625 274 1739 308 Pedites
1756 273 1799 307 ad
1810 272 2053 320 proficisbendum
2071 285 2141 306 cum
2168 277 2246 322 Rege
2269 275 2314 309 ad
2330 258 2398 284 Edv.
2421 265 2448 292 3‘

1643 334 1745 370 partes
1759 321 1919 356 Hiberniae.

1254 407 1393 463 REX,
1408 409 1566 448 Justiciario
1582 412 1631 444 suo
1645 413 1834 450 Suthwailiae,
1851 410 1898 442 vel
1909 412 1966 442 e'us
1980 411 2096 442 Locum
2115 410 2258 451 Tenenti,
2275 423 2310 445 ac
2327 405 2415 436 An.6.

1281 482 1285 486 Ι
1332 450 1467 492 omnibus
1490 449 1740 490 Vicecomitibus,
1764 451 1872 481 Ballivis
1887 474 1897 487 ,
1965 449 2064 480 inistris
2078 473 2088 488 ,
2113 450 2148 481 &
2171 450 2311 483 Fidelibus
2326 448 2359 483 ,Ε-
2381 455 2408 482 3-

1247 479 1314 548 ἔξω,
1322 496 1365 553 Sinl
1377 486 1458 518 ἀιᾶιε
1472 489 1594 526 partibus
1608 490 1798 529 Suthwalliae‚
1812 490 1873 520 tarn
1889 488 1961 518 infra
1975 488 2147 528 Libertates,
2161 490 2248 527 quam
2261 498 2314 525 eir-A
2327 485 2387 546 ΞΜ·
2396 485 2433 558 ⁶}

1273 530 1304 558 a,
1343 534 1358 553 a
1369 534 1456 555 utem.
2350 542 2357 549 ·
2377 531 2403 557 3·
2436 543 2444 550 ·

1286 559 1366 592 Ciim
1375 587 1383 600 ,
1396 564 1425 593 in
1440 563 1627 597 Parliamento
1639 564 2130 605 nostr0,apudWestmonasterium
2141 564 2310 605 tento,&c.
2329 567 2400 588 ²·m·
2418 559 2461 596 ¹⁶2

1241 603 1324 633 prout
1332 599 1418 639 fitpra
1432 603 1464 632 de
1478 603 1537 633 dat.
1554 613 1589 642 25
1606 604 1700 643 Julii,
1718 605 1797 646 usque
1808 604 1864 634 haec
1878 603 1985 639 verba,⁸
2005 606 2067 633 viz.
2154 611 2158 614 “

1284 637 1346 682 Ac,
1371 649 1424 677 pro
1442 641 1615 673 refraenanda
1638 643 1750 675 Malitia
1770 643 1916 674 diffitorum
1932 641 2177 681 Hibernicorum,
2203 642 2306 675 auxilio

1246 672 1415 743 Hcffininum
1429 677 1561 710 Peditum
1572 681 1760 721 indigeamus,

1321 725 1370 753 os,

1284 751 1333 783 De
1346 755 1599 792 circumspectione
1613 757 1647 788 &
1661 758 1812 796 industria,
1830 758 2013 790 Dile&orum
2034 759 2068 790 &
2089 756 2232 788 Fidelium
2250 768 2305 790 no-

1244 788 1382 859 ffiprum,
1402 793 1452 861 Rg
1473 796 1512 824 eri
1527 795 1562 824 de
1576 794 1746 835 chaundos,
1761 797 1900 835 Johannis
1915 796 2049 835 Giffard,
2067 798 2100 829 δε
2113 795 2254 828 Ni'cholai
2267 797 2304 828 de

1296 839 1353 868 on,
1372 841 1429 861 con
1471 842 1548 863 entes

1282 867 1490 911 Affignavimus
1513 858 1602 915 ipsos,
1627 873 1661 904 &
1681 873 1766 904 Duos
1785 883 1905 913 eorum,
1921 874 1956 905 ad
1976 875 2009 905 eli
2030 873 2152 912 endum,
2170 875 2200 904 iti
2218 874 2304 905 dietis

1241 906 1364 948 partibus
1379 908 1569 948 Suthwalliae,
1586 921 1654 941 cum
1666 913 1748 941 omni
1761 912 1916 949 celeritate,
1936 913 1992 950 qua
2025 914 2062 943 eri
2077 913 2198 952 poterit,
2218 913 2301 952 Qa-
2317 938 2338 959 ᾔ

1239 943 1403 988 dringentos
1424 946 1569 978 Homines
1589 949 1608 968 ³*
1631 948 1756 987 Pedites,
1775 950 1811 980 de
1833 950 1860 980 V
1862 950 2018 982 alidioribus
2039 952 2072 983 ὃς
2093 951 2302 983 Potentioribus
2355 942 2409 971 IV·

1237 990 1359 1019 partium
1374 985 1556 1025 earumdem,
1573 987 1607 1017 ὃς
1622 987 1657 1017 ad
1670 988 1740 1025 ipsos
1755 988 1916 1027 Homines,
1928 989 1966 1019 fic
1981 989 2101 1028 eleetos,
2113 990 2299 1030 arraiandum,
2317 988 2335 1016 5
2338 981 2385 1009 ²⁶·

1241 1020 1275 1050 &
1297 1021 1330 1051 ad
1351 1032 1404 1053 nos
1426 1023 1591 1055 ducendum
1615 1025 1698 1063 (cum
1711 1025 1783 1063 ipsos
1793 1026 1874 1064 super
1887 1027 1944 1057 hoc
1958 1027 2108 1058 fecerimus
2121 1031 2296 1067 praemuniri)

1241 1057 1275 1102 ad
1297 1060 1536 1097 proficiscendum
1557 1063 1658 1094 exinde
1672 1064 1819 1095 nobiscum
1829 1087 1837 1103 ,
1855 1065 1890 1095 &
1902 1065 1959 1095 aliis
1972 1065 2114 1096 Fidelibus
2127 1066 2244 1106 nostris,
2262 1067 2298 1099 ad

1237 1096 1330 1143 ⁶¹¹5&
1341 1109 1430 1137 partes
1444 1100 1610 1140 Hiberniae,
1624 1103 1657 1133 ad
1673 1103 1752 1133 vadia
1767 1102 1876 1140 nostra,
1892 1102 1926 1132 ad
1939 1103 2299 1141 ipsorumHibernicorum

1238 1134 1396 1181 Malitiain,
1415 1149 1482 1169 cum
1498 1139 1556 1170 Dei
1567 1141 1721 1180 adjutorio,
1740 1141 1957 1171 refraenandam:

1273 1173 1310 1217 Et
1332 1176 1399 1207 ideo
1418 1179 1503 1208 vobis
1525 1179 1690 1210 mandamus
1711 1179 1794 1218 quod
1809 1180 1931 1218 eisdem,
1948 1180 2087 1218 Rogero,
2101 1179 2227 1218 Johanni
2262 1184 2298 1216 δε

1234 1211 1401 1256 Nicholao,
1420 1217 1458 1260 &¹
1468 1216 1591 1248 Duobus
1604 1228 1723 1257 eorum,
1743 1219 1771 1248 in
1786 1217 1953 1257 Eleffione,
1972 1219 2165 1258 Arraiatione,
2183 1221 2216 1251 ὃς
2230 1207 2296 1253 bu-

1233 1251 1347 1296 fflone,
1365 1253 1532 1285 Hominum
1544 1257 1765 1296 praedictorum,
1781 1256 1960 1287 intendentes
1975 1257 2045 1295 sitiS,
2062 1257 2295 1299 consulentes,&

1231 1290 1405 1330 auxiliantes,
1425 1295 1555 1331 quotiens
1573 1296 1606 1326 &
1623 1295 1736 1333 quando
1750 1305 1800 1334 per
1815 1295 1904 1334 ipsos,
1921 1295 1967 1328 vel
1983 1295 2067 1326 Duos
2078 1305 2195 1335 eorum,
2212 1298 2293 1337 super

1232 1327 1307 1367 hoc,
1331 1339 1365 1374 ex.
1380 1340 1457 1368 parte
1471 1332 1586 1372 nostra,
1601 1333 1706 1365 fueritis
1720 1334 1892 1374 praemuniti.
2241 1351 2243 1355 ·

1269 1366 1304 1398 In
1320 1378 1414 1409 cujus,
1432 1372 1492 1401 &c.

2303 1443 2311 1458 Ῡ

1269 1447 1359 1480 Teste
1374 1449 1460 1489 Rege
1471 1450 1545 1489 apud
1558 1452 1742 1494 Wodestok,
1758 1453 1897 1486 vicesimo
1912 1452 2018 1485 oistavo
2031 1453 2077 1484 die
2088 1452 2166 1492 julii.

1898 1536 1952 1564 Per
1966 1532 2048 1575 i'in'sm
2060 1537 2165 1573 Regem.

1283 1609 1398 1642 Eodem
1411 1612 1502 1644 modo
1515 1613 1682 1654 assignantur
1696 1614 1855 1656 subscripti,
1872 1615 1907 1646 ad
1921 1614 2064 1646 Homines
2077 1616 2108 1646 in
2122 1615 2248 1654 partibus

1465 1652 1622 1691 subscriptis
1636 1653 1816 1693 eligendum,
1833 1654 1895 1685 &c.
1911 1653 2063 1692 videlicet,
2084 1694 2087 1697 s

1609 1740 1638 1837 {

1224 1942 1273 1975 De
1291 1941 1466 1976 intendendo
1477 1943 1570 1991 fitper
1586 1945 1735 1978 Traeiatu
1752 1943 1789 1977 de
1808 1946 1901 1988 Pace,
1931 1949 1963 1978 in
1990 1948 2089 1980 Terra
2115 1943 2267 1979 Hiberniae
2277 1947 2292 1989 ,'

1652 1990 1868 2039 conservanda.

1656 1733 1694 1764 Et
1713 1734 1774 1764 duo
1795 1714 1897 1765 eorum
1912 1734 1947 1765 ad
1960 1734 2126 1772 eligendum
2138 1735 2294 1767 Sexcentos

1655 1772 1800 1842 1122),me
1814 1772 1924 1804 Pedites
1936 1774 1965 1803 in
1981 1774 2104 1813 partibus
2122 1773 2294 1806 Northwal-

1225 1727 1371 1765 Johannes
1383 1732 1415 1761 de
1430 1733 1573 1772 Leybourn
1580 1757 1590 1773 ,

1226 1768 1307 1805 Resus
1321 1778 1356 1807 ap
1369 1770 1485 1809 Grtffi't,

1226 1806 1358 1837 Robertus
1372 1809 1403 1838 de
1419 1809 1570 1841 Bilkemore
1579 1835 1588 1849 ,

1220 2083 1361 2145 REX,
1379 2085 1540 2117 Venerabili
1556 2087 1585 2117 in
1601 2086 1717 2118 Christo
1731 2086 1824 2126 Patri,
1842 2103 1928 2111 --
1945 2086 2046 2119 eadem
2059 2085 2290 2127 gratia,Archie-
2311 2083 2440 2117 Ann.D.·

1303 2124 1420 2163 piscopo
1433 2124 1595 2156 Caffellensi
1604 2150 1614 2165 ,
1630 2125 1763 2157 Salutem.
2340 2133 2424 2164 1332.

1259 2160 1357 2201 Cijm'
2283 2177 2285 2179 ·
2309 2166 2352 2191 Aa
2378 2166 2406 2193 6.

1257 2199 1317 2231 Pro
1331 2202 1412 2233 bono
1426 2202 1524 2241 Pacis,
1541 2204 1575 2234 &
1587 2203 1621 2233 ad
1639 2202 1798 2241 Malitiam,
1816 2203 1876 2234 tam
1896 2203 2104 2244 Anglicorum,
2122 2203 2209 2242 quam
2230 2203 2289 2235 Hi-
2308 2205 2339 2230 E·
2359 2211 2386 2239 3·

1215 2236 1401 2282 bernicorum
1411 2264 1420 2280 ,
1435 2251 1534 2273 contra
1548 2242 1654 2273 Pacem
1668 2242 1795 2272 nostram
1809 2241 2005 2282 existentium,
2022 2243 2052 2272 in
2071 2241 2164 2273 Terra
2183 2242 2282 2274 nostra
2306 2240 2395 2277 claus.
2411 2241 2441 2271 6.

1216 2274 1366 2309 Hiberniae
1381 2280 1588 2311 refraenandum
2303 2282 2333 2306 Ε·
2345 2288 2370 2315 3·
2384 2289 2421 2308 m·

1256 2315 1311 2346 Per
1335 2317 1441 2348 Literas
1463 2319 1570 2350 nostras
1595 2303 1724 2350 Parentes
1738 2318 1917 2358 dederimus,
1933 2318 2054 2350 Dilecto
2070 2318 2205 2351 &Fideli
2227 2329 2283 2351 no-
2308 2316 2353 2348 18.

1216 2352 1292 2392 str0‚
1318 2355 1406 2387 Fratri
1427 2357 1548 2397 Rogero
1571 2357 1718 2396 Outlawe,
1743 2357 1835 2388 Priori
1858 2358 2012 2396 Hospitalis
2034 2357 2130 2388 Sandii
2144 2357 2283 2396 Johanm's

1211 2391 1361 2430 jerusalem
1385 2396 1414 2425 in
1434 2395 1593 2435 Hibernia,
1613 2395 1787 2427 Potestatem
1810 2395 1846 2426 ad
1862 2396 2042 2428 trasiandum
2058 2406 2126 2427 cum
2139 2395 2282 2433 praedietis

1214 2429 1344 2469 Anglicis
1367 2433 1402 2464 ὃς
1424 2433 1603 2472 Hibernicis,
1622 2435 1658 2465 de
1680 2435 1825 2465 veniendo
1846 2435 1880 2465 ad
1904 2435 2010 2466 Pacem
2024 2435 2058 2465 &
2072 2433 2203 2464 Gratiam
2225 2443 2280 2463 no-

1214 2467 1316 2509 stram,
1332 2481 1417 2509 prout
1431 2474 1460 2503 in
1470 2474 1612 2512 praedidlis
1630 2473 1730 2503 Literis
1744 2473 1846 2504 nostris
1862 2473 1972 2511 plenius
1987 2472 2164 2509 continetur,

1252 2508 1341 2539 Vobis
1362 2511 1390 2540 in
1412 2510 1483 2542 Fide
1507 2514 1541 2544 &
1563 2511 1744 2549 Dilefflone,
1764 2513 1865 2550 quibus
1886 2511 1969 2541 nobis
1991 2510 2145 2546 tenemini,
2163 2508 2278 2540 manda-

1211 2556 1290 2585 mus,
1310 2547 1427 2579 firmiter
1447 2552 1639 2590 injungentes,
1660 2552 1788 2587 quatinus
1806 2549 1944 2586 praedicto
1964 2548 2054 2578 Priori
2074 2548 2104 2577 in
2124 2547 2192 2585 hiis,
2211 2557 2277 2586 qiiae

1211 2585 1245 2615 ad
1260 2586 1430 2618 Tractatum
1444 2590 1630 2625 praedictum,
1648 2598 1701 2624 pro
1715 2587 1938 2617 Conservatione
1953 2585 2039 2617 dietae
2055 2585 2135 2616 Pacis
2155 2585 2278 2625 nostrae,

1214 2625 1368 2663 pertinent,
1386 2628 1500 2662 pareatis
1515 2628 1548 2657 &
1564 2625 1729 2664 intendatis,
1745 2624 1922 2662 Consilium,
1942 2624 2104 2663 Auxilium,
2123 2625 2156 2655 &
2181 2624 2279 2655 Avisa-

1213 2671 1346 2693 mentum
1361 2663 1487 2694 vestrum
1497 2664 1646 2702 diligenter
1661 2663 1855 2701 imponendo,
1894 2664 2002 2693 uotiens
2023 2664 2057 2694 &
2077 2663 2210 2701 quando,
2228 2672 2279 2701 per

1211 2700 1300 2736 ipsum
1323 2700 1468 2740 Priorem,
1486 2702 1565 2743 super
1586 2702 1661 2739 hoc,
1676 2711 1710 2731 ex
1733 2710 1809 2739 parte
1831 2711 1870 2731 no
1898 2712 1944 2739 ra,
1962 2702 2067 2732 fueritis
2084 2701 2221 2739 requisiti,
2241 2701 2276 2732 &

1212 2738 1270 2768 hoc
1279 2763 1288 2776 ‚
1307 2738 1376 2770 ficut
1390 2740 1476 2779 Nos,
1493 2743 1527 2773 &
1542 2741 1697 2771 Honorem
1712 2740 1839 2770 nostrum
1848 2762 1858 2778 ,
1873 2750 1906 2770 ac
1920 2740 2157 2779 Tranquilitatem
2170 2740 2273 2771 Terrae

1211 2776 1315 2807 nostrae
1329 2778 1491 2819 praedictae,
1511 2780 1642 2820 diligitis,
1658 2778 1812 2810 nullatenus
1827 2779 1972 2809 omittatis.

1243 2867 1332 2899 Teste
1350 2869 1433 2909 Rege
1447 2869 1521 2908 apud
1533 2869 1644 2909 Hanle,
1662 2879 1764 2909 quarto
1775 2868 1820 2900 die
1837 2867 1967 2908 Augusti.

1875 2961 1929 2990 Per
1941 2957 2025 2999 ipficm
2039 2959 2146 2997 Regem

1248 3038 1361 3070 Eodem
1383 3039 1475 3071 modo
1499 3040 1665 3073 mandatum
1687 3040 1922 3111 egiefisulzscriptis,
1949 3038 2060 3072 muoetis
2081 3037 2238 3078 mutandis;

1666 3091 1696 3112 vi
1754 3090 1789 3112 ce
1807 3102 1818 3118 ‚

1249 3157 1396 3188 Willielmo
1411 3159 1443 3189 de
1456 3163 1547 3198 Burgo
1563 3165 1661 3192 Comiti
1681 3158 1810 3190 Ultom'ae.

1249 3201 1386 3226 Mauritio
1402 3198 1432 3226 de
1448 3201 1522 3237 Rupe
1537 3203 1631 3238 Furti,
1695 3199 1713 3225 Ὶ

1250 3234 1396 3301 Ειιίίαώίο
1411 3235 1435 3264 le
1450 3238 1533 3274 Poer,

1247 3272 1288 3310 Jo
1309 3276 1375 3301 anni
1388 3272 1413 3301 le
1428 3275 1511 3311 Poer,

1334 3322 1342 3327 ,
1711 3312 1717 3326 .

1247 3311 1602 3390 Ιέιὲτξςῑίοιξῑςξίεςξ”’
1708 3328 1885 3368 >mitibus-

1248 3386 1412 3432 Geraldoha'e
1426 3390 1525 3418 Sam‘i‘o
1543 3389 1679 3420 Michaele
1685 3369 1722 3500 ²]

1247 3424 1374 3462 Johanm
1387 3425 1418 3454 de
1434 3426 1598 3469 I‘Vellesteye,

1246 3465 1364 3493 Henrico
1377 3464 1547 3506 Traharum,

1246 3553 1350 3582 David
1358 3552 1425 3583 Filio
1440 3556 1546 3586 David
1553 3556 1586 3586 de
1600 3559 1711 3596 Bury,

1245 3594 1382 3637 Maur-itio
1388 3592 1461 3638 ¹l's'ilio
1474 3594 1607 3641 Nicholatj
1612 3617 1622 3633 ,

1244 3630 1352 3697 m-
1360 3630 1603 3709 {laffasszff⁷¹
1613 3633 1646 3663 ά
1657 3635 1748 3672 ²³¹4>ss
1760 3649 1953 3692 >Amas

1249 3704 1394 3736 Willielmo
1407 3707 1439 3737 de
1451 3713 1524 3749 Rupe
1536 3713 1632 3749 Forti,
1767 3691 1773 3742 l

1247 3743 1353 3775 Thomae
1368 3747 1487 3787 Wgan,
1786 3746 1788 3755 ι
