2562 4279
768 181 876 222 ET
962 181 1223 222 ACTA

55 264 132 294 Arm·
145 261 185 292 D·
202 269 236 298 tis
250 268 367 306 nostris,
390 268 417 298 in
458 268 536 298 uibus
549 267 659 298 diversis
671 266 850 298 Hominibus
869 268 897 296 in
912 268 1033 306 partibus
1053 267 1082 297 T
1083 265 1255 296 ransmarinis

78 310 162 341 1341.
203 314 344 345 tenemur,
361 306 421 337 sunt
473 306 591 345 bligata,

55 342 123 368 Ην·
140 349 166 377 3·
238 344 473 384 Aslignaverimus
485 346 577 375 eidem
594 343 704 374 Comiti
726 345 952 383 Qadringentos
969 343 1073 373 Saccos
1096 341 1200 379 Lanae,
1221 341 1256 371 de

200 382 285 413 Lanis
299 383 417 422 nostris,
433 383 515 413 nobis
526 384 556 412 in
572 382 672 413 ultimo
687 382 876 413 Parliamento
891 382 989 412 nostro
1004 379 1152 416 conceffis,

238 421 436 460 percipiendos
450 421 617 459 (videlicet)
636 420 764 452 Centum
777 421 880 452 Saccos
892 419 958 450 inde
972 421 1002 449 in
1016 418 1163 449 Comitatu
1177 418 1257 448 Ebo-

201 470 265 492 rum

239 483 365 530 Ce’ntum
380 499 483 530 Saccos
496 499 525 528 in
541 499 663 538 partibus
677 497 713 529 de
733 497 894 538 Lyndeseye
907 497 940 527 &
955 494 1116 534 Kesteven,
1134 496 1162 525 in
1180 494 1259 525 dicio

200 536 352 569 Comitatu
368 536 545 575 Lincolniae,

242 575 262 595 '¹²
282 574 408 606 Centum
423 575 526 606 Saccos
541 576 570 606 in
584 574 772 606 Comitatibus
784 572 1007 610 Suthamptoniae
1023 572 1055 603 &
1070 572 1205 603 Wiltesrae
1215 595 1225 611 ‚

242 613 282 645 Et
294 613 421 644 Centum
435 613 538 644 Saccos
553 615 582 644 in
599 613 746 644 Comitatu
761 611 795 642 N
798 611 951 649 orffolciae,
1204 649 1206 652 .

242 651 298 683 Per
315 661 414 683 manus
432 651 627 691 Receptorum
651 652 793 683 Lanarum
814 649 1012 687 praedictarum
1029 650 1058 680 in
1071 649 1261 691 Comitanbus

202 690 239 722 &
262 691 384 728 partibus
404 690 563 728 supradietis
578 714 587 729 ,
602 699 686 729 prout
706 690 737 720 in
760 689 860 720 Literis
882 688 983 719 nostris
1001 688 1179 726 Parentibus,
1195 686 1262 717 inde

201 729 342 797 coiligeetis
349 753 359 768 ,
376 729 482 769 plenius
495 731 657 760 continetur
663 751 674 767 ,

279 777 311 798 os

244 791 379 837 Voleiites
400 805 567 836 Miffionem
590 804 730 835 Lanarum
751 804 944 844 praediCtarum
968 805 1001 836 ad
1015 812 1103 843 partes
1119 802 1263 843 praedidlas

205 845 297 876 modis
311 847 410 884 quibus
423 846 575 884 poterimus
589 845 717 874 maturari
729 867 737 881 ,

240 884 311 915 Tibi
335 885 515 923 praecipimus
527 904 537 919 ,
563 882 642 919 quod
665 890 774 912 tantum
794 883 830 913 de
853 881 1017 913 Canevacio
1030 907 1039 918 ,
1057 890 1193 920 quantum
1211 889 1265 918 pro

204 922 288 953 dietis
305 921 435 953 Centum
452 921 546 950 Saccis
569 921 656 951 Lanae
673 944 682 959 ,
701 920 794 951 eidem
815 920 928 951 Comiti
950 923 978 950 in
994 921 1075 951 dictis
1089 920 1211 958 partibus
1229 919 1264 947 de

206 960 335 1001 Lyndese
356 961 388 991 &
413 957 554 989 Kesteven
567 982 576 997 ,
595 968 643 998 per
663 959 730 989 Nos
751 963 800 996 (ut
817 960 1011 997 prcemittitur)
1029 959 1182 997 affignatis,
1198 957 1266 987 Sac-

206 1000 302 1031 candis
322 999 356 1029 &
377 997 530 1028 Paccandis
551 998 749 1029 rationabiliter
766 998 941 1037 indiguerit,
964 998 998 1027 de
1014 996 1142 1028 Exitibus
1156 996 1276 1034 Ballivae*

209 1047 266 1069 tuae
278 1038 333 1066 sme
346 1035 479 1066 dilatione
497 1036 589 1074 aliqua
602 1036 669 1067 Emi
685 1058 695 1075 ,
711 1037 745 1068 &
758 1035 929 1075 Captoribus
949 1034 1090 1066 Lanarum
1105 1034 1266 1065 nostrarum

207 1078 239 1105 in
253 1074 356 1105 eisdem
371 1075 507 1114 partibus,
525 1084 575 1112 per
588 1074 789 1114 Indenturam,
807 1074 872 1106 inde
893 1074 982 1105 modo
1003 1074 1100 1104 debito
1113 1073 1268 1105 conficien-

207 1115 272 1145 dam
308 1112 447 1151 Liberaui,
465 1123 497 1143 ac
512 1113 639 1153 Cariagia
659 1123 710 1151 pro
727 1114 830 1145 eisdem
846 1112 973 1144 Centum
993 1113 1087 1144 Saccis
1104 1112 1208 1150 Lanae,
1227 1111 1270 1141 us-

207 1163 262 1193 que
276 1135 396 1182 s'ortum
410 1150 445 1182 de
461 1149 489 1181 K
508 1151 628 1191 ngeston
648 1152 727 1190 super
740 1151 813 1183 Hull
826 1175 836 1191 ,
853 1153 885 1184 &
900 1153 948 1183 alia
963 1151 1110 1181 necessaria
1126 1152 1199 1181 circa
1214 1150 1270 1180 La-

208 1201 257 1222 nas
276 1190 331 1220 illas
350 1199 479 1230 apponen
501 1200 515 1220 a
527 1213 536 1227 ,
561 1191 597 1221 de
618 1190 720 1221 eisdem
740 1192 858 1222 exitibus
873 1190 994 1221 similiter
1010 1190 1130 1220 inveniri
1150 1190 1271 1225 faciatis,

207 1230 304 1267 aliquo
318 1228 459 1259 Mandato
471 1228 585 1268 nostro,
603 1230 655 1260 tibi
671 1230 700 1259 in
715 1231 888 1261 contrarium
901 1228 1011 1259 direeto
1025 1249 1035 1265 ‚
1051 1237 1113 1258 non
1127 1227 1271 1258 obstante:

247 1267 284 1299 Et
297 1267 332 1297 de
347 1266 508 1305 Custubus,
528 1278 599 1306 quos
611 1269 641 1298 in
654 1268 707 1298 hac
722 1277 797 1307 parte
814 1268 987 1306 apposueris,
1003 1267 1074 1297 cum
1087 1266 1149 1296 illos
1162 1266 1273 1296 sciveri-

211 1316 273 1338 mus
283 1331 292 1344 ,
312 1306 364 1336 tibi
379 1307 408 1336 in
424 1303 577 1346 Compoto
590 1315 658 1345 tuo,
677 1306 711 1337 ad
726 1308 904 1339 Scaccarium
920 1305 1068 1343 nostrum,
1083 1305 1207 1336 debitam
1224 1304 1275 1334 Al—

211 1346 385 1376 locationem
399 1345 501 1374 habere
515 1345 660 1375 faciemus.

247 1382 338 1416 Teste
351 1383 434 1422 Rege
446 1383 519 1422 apud
534 1383 654 1414 Turrim
671 1383 806 1415 London.
826 1382 962 1415 vicefimo
976 1390 1074 1421 quarto
1089 1381 1135 1412 die
1144 1380 1277 1419 Augusti.

53 585 196 622 0¹:478.

209 1459 378 1492 Confimilia
392 1459 491 1491 Brevia
505 1460 661 1500 diriguntur
675 1458 901 1492 vicecomitibus
920 1460 1076 1499 subscriptis
1090 1482 1100 1496 ,
1118 1468 1168 1496 pro
1181 1456 1278 1486 Cane-

248 1500 346 1536 stacio,
362 1509 415 1539 pro
428 1499 522 1530 Saccis
533 1499 704 1539 subscriptis,
720 1500 844 1531 emendo
858 1499 909 1530 sub
923 1498 1024 1530 eadem
1039 1497 1102 1528 data
1111 1509 1120 1536 3
1130 1496 1276 1533 videlicet,

252 1579 281 1607 V
281 1578 408 1607 icecomiti
423 1575 543 1605 Eburum
558 1577 590 1606 de
602 1579 715 1606 Centum
730 1579 826 1606 Saccir.

252 1617 407 1645 Vicecomiti
416 1614 495 1644 Suth.
510 1615 542 1643 de
557 1614 756 1654 Quadraginta
771 1618 865 1644 Saccit.

254 1657 282 1683 V
282 1656 408 1683 icecomitz
423 1655 464 1682 W
464 1652 536 1690 iltes]
552 1655 583 1683 de
598 1657 749 1691 Sexaginta
763 1656 859 1683 Sareis-

253 1695 283 1723 V
284 1695 411 1723 icecomiti
425 1690 550 1731 Norffilk
567 1692 598 1722 de
612 1696 724 1722 Centum
740 1695 836 1722 Saccir.

577 1738 582 1757 e

254 1770 318 1797 Vic.
333 1767 461 1808 Liceystr.
474 1769 506 1798 de
520 1771 653 1799 Ducentis
666 1773 684 1799 S
687 1773 764 1798 accis.

256 1809 319 1837 Vic.
342 1806 424 1837 Rotel
435 1808 467 1838 de
483 1811 597 1837 Centum
612 1811 707 1838 saccis.

356 1951 416 1982 Pro
435 1951 474 1983 E.
495 1953 573 1998 Rege
587 1953 706 1990 Scotiae,
730 1950 767 1983 de
785 1952 984 1984 Arraiatione
994 1947 1151 1994 facienda.

291 2032 374 2073 EX,
391 2034 502 2066 dilectis
520 2035 553 2066 &
575 2035 702 2067 fidelibus
722 2035 790 2074 suis,
803 2034 927 2075 Johanni
950 2035 985 2066 de
1000 2033 1163 2074 Moubray,
1181 2033 1290 2065 Radul-

72 2042 150 2074 Arm.
160 2039 203 2071 D.
219 2033 283 2096 R

94 2088 180 2119 1341-
300 2073 361 2118 pho
372 2073 409 2103 de
420 2073 568 2112 Bulmere,
585 2075 619 2105 &
632 2073 800 2113 Johannide
814 2073 1048 2113 Faucomberge‚
1067 2073 1200 2117 Salutem.

71 2123 124 2149 An.
143 2128 184 2154 15-
259 2111 357 2143 Sciatis
376 2112 458 2150 quod
478 2112 701 2151 assignaverimus
724 2124 776 2144 vos
788 2137 797 2152 ,
822 2113 1003 2150 conjuntstim
1016 2135 1026 2150 ‚
1049 2113 1083 2143 &
1102 2111 1214 2143 divmm
1228 2134 1238 2149 ,
1256 2111 1290 2141 ad

72 2162 103 2186 Ε.
125 2166 151 2193 3.
224 2151 397 2190 Eligendum
412 2151 445 2181 δε
459 2150 667 2191 Arraiandum,
685 2152 729 2184 vel
740 2152 807 2191 eligi
821 2152 855 2182 ὃς
869 2152 978 2182 arraiari
997 2150 1176 2189 faciendum,
1192 2160 1293 2181 omnes

72 2201 195 2231 scot.15.
227 2190 372 2221 Homines
391 2188 557 2221 Comitatfis
576 2189 722 2228 Eborum,
740 2192 798 2222 tam
817 2190 889 2221 infra
912 2189 1082 2228 Libertates,
1096 2190 1183 2229 quam
1198 2197 1294 2227 extra,

74 2239 104 2262 Ε.
123 2244 148 2271 3.
226 2227 420 2261 Defensabiles
432 2229 465 2260 δε
478 2228 512 2259 ad
527 2238 604 2260 arma
616 2227 766 2267 Potentes,

74 2282 113 2303 m.
127 2275 156 2302 6.
261 2267 300 2299 Et
317 2267 352 2298 ad
373 2277 440 2305 eos,
457 2266 554 2298 Armis
575 2269 804 2306 competentibus
825 2267 993 2306 (videlicet)
1012 2266 1168 2307 quemlibet
1188 2275 1293 2297 eorum

221 2306 302 2346 juxta
317 2305 421 2337 statum
435 2304 533 2343 suum,
548 2307 653 2336 muniri
666 2307 828 2338 faciendum
838 2329 848 2345 ,

264 2345 395 2384 Ipsosque
409 2344 447 2375 fic
462 2342 593 2383 Eiectos,
608 2345 766 2384 Arraiatos,
785 2345 819 2376 &
832 2346 906 2376 bene
922 2343 1072 2381 Munitos,
1084 2343 1138 2382 ad,
1154 2343 1291 2375 dssectum

224 2383 476 2423 Confimguineum
493 2383 527 2414 &
548 2383 660 2415 fidelem
680 2384 829 2421 nostrum,
848 2380 1040 2422 Magnificum
1054 2381 1218 2422 Principem
1233 2382 1292 2412 Ed-

223 2422 355 2453 wardum
370 2421 407 2452 de
423 2421 542 2452 Balliolo
563 2424 668 2461 (quem
690 2422 889 2454 constituimus
909 2420 1097 2459 Capitaneum
1121 2422 1155 2452 ὅ(
1177 2421 1293 2452 Βυέῒο-

225 2470 290 2491 rem
310 2462 395 2492 totius
415 2460 562 2492 Exercitus
576 2462 681 2499 nostri,
700 2471 752 2499 pro
771 2459 884 2491 Guerra
906 2459 1011 2491 Scotiae
1029 2459 1166 2496 ordinati)
1185 2460 1294 2491 ducen-

224 2498 314 2542 dum,
329 2500 475 2538 quodem,
493 2500 527 2532 &
544 2500 673 2538 quando,
689 2499 853 2530 Periculum
864 2498 977 2537 aliquod
992 2509 1025 2529 ex
1040 2499 1213 2537 Scotorum,
1226 2497 1295 2528 Ho-

226 2535 311 2569 stium
331 2537 495 2568 nostrorum
514 2562 524 2577 ,
551 2539 744 2570 Invasionibus
763 2539 900 2576 imineat,
925 2538 958 2568 δε
981 2547 1031 2577 per
1054 2537 1146 2577 ipsum
1159 2536 1294 2575 Regem,

225 2575 304 2615 super
319 2575 393 2615 hoc,
412 2585 447 2606 ex
458 2587 536 2614 parte
549 2578 662 2616 nostra,
680 2577 783 2608 fueritis
799 2576 971 2615 praemuniti.

267 2613 306 2645 Et
327 2614 361 2645 ad
382 2614 468 2645 alium
481 2637 491 2652 ‚
509 2616 554 2646 vel
569 2616 654 2654 alios,
674 2615 825 2653 idoneum,
844 2615 889 2646 vel
903 2615 1037 2652 idoneos,
1057 2614 1126 2644 loco
1143 2613 1246 2652 vestri,
1264 2614 1295 2643 in

226 2652 298 2683 locis
314 2653 363 2683 ubi
385 2662 437 2683 vos
457 2653 504 2691 ipsi
525 2654 559 2684 ad
580 2654 638 2684 hoc
654 2664 755 2685 vacare
774 2664 834 2684 non
857 2654 999 2692 poteritis,
1020 2653 1241 2692 Deputandum,
1260 2651 1295 2682 ad

229 2691 372 2731 praemiffa
388 2691 550 2722 faciendum
562 2693 596 2723 &
613 2692 799 2729 explendum:

265 2729 305 2761 Et
326 2730 394 2760 ideo
416 2731 498 2760 vobis
510 2751 518 2765 ‚
541 2731 575 2761 &
591 2731 706 2762 cuilibet
726 2728 854 2762 vestrum
870 2752 881 2767 ‚
905 2727 954 2760 sub
973 2728 1146 2761 forisfaetura
1162 2729 1297 2758 omnium

227 2777 292 2807 quae
313 2768 397 2797 nobis
419 2767 577 2798 forisfacere
597 2769 725 2806 poteritis
736 2791 746 2806 ,
763 2767 929 2798 mandamus
942 2791 952 2806 ,
976 2768 1093 2799 firmiter
1109 2768 1298 2806 injungentes,

228 2806 310 2844 quod
322 2806 399 2836 circa
413 2805 552 2844 praemissa
566 2807 662 2836 omnia
676 2807 710 2837 &
724 2807 828 2846 singula
843 2806 1009 2845 intendatis,
1029 2808 1063 2838 ὃς
1080 2816 1111 2836 ea
1123 2807 1243 2844 faciatis,
1264 2806 1297 2836 ὃς

229 2845 406 2882 exequamini
420 2845 450 2874 in
463 2844 557 2875 forma
572 2845 716 2882 praedicstft.

268 2881 379 2913 Damus
392 2891 487 2913 autem
502 2883 600 2920 vobis,
618 2883 653 2914 &
669 2883 784 2913 cuilibet
797 2881 941 2920 vestrum,
963 2880 1098 2920 Plenam,
1116 2889 1213 2911 tenore
1227 2890 1299 2918 pne-

228 2919 364 2959 sentium,
383 2919 555 2951 Potestatem
576 2921 728 2959 capiendi,
746 2922 779 2952 &
800 2920 935 2951 arestandi
957 2921 1069 2951 Omnes
1082 2920 1161 2958 illos,
1180 2929 1251 2957 quos
1270 2921 1300 2949 in

230 2959 285 2990 hac
298 2968 375 2997 parte
387 2959 555 2990 Contrarios
574 2960 734 2990 inveneritis
748 2983 757 2998 ,
774 2960 819 2990 seu
834 2958 965 2990 Rebelles
979 2982 988 2997 ,
1005 2961 1039 2991 ὃ(
1055 2968 1103 2989 eos
1116 2958 1234 2988 Prisonis
1248 2967 1300 2988 no-

233 2997 294 3028 stris
314 2998 513 3029 committendi
526 3021 536 3036 ,
551 2999 579 3027 in
595 2998 698 3029 eisdem
712 3007 870 3029 moraturos
885 2999 1030 3037 quousque
1049 2996 1085 3027 de
1107 2998 1145 3027 eis
1157 2996 1234 3027 aliter
1248 2996 1300 3027 du·

235 3037 358 3067 xerimus
370 3036 568 3068 ordinandum.

271 3075 405 3106 Necnon
421 3074 595 3106 Vicecomiti
608 3074 707 3105 nostro
722 3074 885 3106 Comitatus
899 3074 1025 3113 praedieli
1041 3097 1051 3112 ,
1068 3084 1101 3104 ac
1120 3072 1250 3104 universis
1265 3073 1298 3104 &

234 3113 346 3152 singulis
361 3113 597 3152 Constabulariis,
616 3113 740 3152 Ballivis,
760 3113 917 3152 Ministris,
935 3115 970 3145 &
991 3113 1127 3143 omnibus
1143 3113 1200 3142 aliis
1214 3111 1299 3141 Fide-

235 3151 308 3182 libus
328 3152 430 3183 nostris
448 3154 477 3183 in
499 3151 649 3183 Comitatu
667 3152 805 3190 praedie‘to
819 3175 829 3190 ,
853 3153 914 3182 tam
932 3152 1002 3182 infra
1017 3151 1170 3181 Libertates
1181 3173 1191 3195 ζ
1211 3150 1297 3190 quam

234 3198 326 3229 atra,
345 3190 470 3222 {imiliter
484 3192 514 3221 in
526 3191 667 3223 Mandatis
679 3213 689 3229 ,
705 3191 786 3230 quod
800 3191 883 3222 vobis
896 3213 906 3229 ,
923 3191 957 3221 δε
975 3190 1090 3220 cuilibet
1103 3189 1245 3226 vestrum,
1264 3189 1297 3218 &

235 3227 416 3269 Deputandis
434 3230 450 3260 ὲ
471 3230 553 3260 vobis
563 3253 573 3269 ‚
590 3231 624 3261 ὅ(
645 3229 773 3270 quolibet
794 3228 938 3267 vestrsim,
954 3230 984 3258 in
997 3228 1131 3258 omnibus
1143 3228 1176 3258 &
1188 3227 1299 3264 fingulis

235 3267 380 3305 praemiffis
392 3267 525 3298 faciendis
537 3269 571 3299 &
586 3269 755 3307 exequendis
770 3276 898 3307 pareant,
913 3267 1046 3298 obediant
1059 3290 1070 3304 ,
1087 3267 1120 3297 ὃς
1136 3266 1297 3303 intendant,

274 3305 312 3337 Et
327 3305 407 3344 quod
427 3305 505 3336 idem
526 3305 697 3337 vicecomes
716 3316 817 3337 omnes
833 3306 893 3336 illos
906 3330 915 3345 ,
932 3316 1003 3346 quos
1019 3313 1134 3343 propter
1153 3304 1300 3334 Rebellio-

235 3354 304 3375 nem
318 3344 363 3375 vel
379 3343 616 3376 Contrarietatem
629 3345 705 3375 suam
717 3346 748 3374 in
763 3344 906 3382 praemiffis
918 3345 966 3375 sibi
982 3344 1177 3381 liberaveritis,
1194 3344 1209 3373 {i
1218 3344 1300 3374 vobis

235 3383 271 3414 δε
285 3382 413 3423 quolibet
428 3381 553 3414 vestrum
567 3384 699 3421 recipiat,
715 3384 750 3414 &
764 3385 794 3413 in
807 3383 924 3414 Prisona
942 3382 1039 3413 nostrai
1061 3382 1138 3414 salvo
1153 3381 1299 3413 Custodiri

239 3422 321 3452 saciat
333 3422 362 3452 in
376 3421 468 3452 forma
481 3422 624 3461 praediCta.

89 3472 224 3510 ‘xl-²79.
279 3461 299 3481 ἢ*
318 3459 352 3490 In
365 3462 460 3498 cujus,
479 3460 539 3490 &c.
826 3499 831 3504 1
953 3499 958 3504 ¹
1045 3499 1050 3504 .
1235 3499 1239 3504 ἰ

312 3497 403 3530 Teste
412 3497 498 3538 Rege
508 3497 582 3537 apud
595 3496 901 3537 westmonasterium,
917 3507 1011 3539 primo
1022 3497 1069 3529 die
1081 3498 1262 3539 Septembris.

919 3576 974 3604 Per
984 3573 1065 3613 ipsn'tm
1078 3576 1183 3612 Regem.

307 3652 408 3684 Odem
422 3652 513 3683 modo
532 3651 684 3691 affignatur
698 3650 864 3692 Radulphus
883 3650 920 3682 de
938 3649 1039 3683 Nevill
1053 3674 1064 3690 ,
1081 3651 1116 3682 ad
1130 3650 1301 3690 Eligendum

316 3693 350 3723 &
363 3691 550 3723 Arraiandum
563 3701 663 3722 omnes
674 3690 817 3721 Homines
831 3689 998 3721 Comitatus
1016 3689 1246 3721 Northumbriae.

240 3651 297 3724 E

404 3825 556 3871 Corfimile
570 3822 766 3859 Mandatum
784 3822 922 3870 Episitopo
937 3823 1139 3866 Dunolmeaefi.

309 3909 373 3943 EX
391 3910 551 3943 Venerabili
567 3911 596 3941 in
611 3907 728 3941 Christo
742 3907 817 3940 Patri
829 3907 870 3940 R.
884 3908 984 3940 eadem
997 3907 1099 3948 gratia,
1117 3905 1301 3938 Dunolmen-

321 3950 342 3979 fi
353 3949 495 3990 Episcopo
503 3974 513 3989 ,
529 3949 661 3980 Salutem.
1090 3984 1095 3989 ι

278 3985 449 4021 Mandamus
468 3989 551 4021 vobis
572 3987 652 4028 quod
675 3996 775 4018 omnes
793 3984 938 4016 Homines
959 3983 1110 4016 Libertatis
1121 3983 1222 4015 vestrae
1238 3982 1303 4014 Du-

241 4025 408 4065 nolmenfis‚
424 4027 616 4059 Defensabiles
630 4027 662 4057 &
677 4026 712 4057 ad
726 4034 801 4057 arma
814 4023 966 4062 Potentes,
984 4032 1053 4054 cum
1065 4024 1147 4053 omni
1163 4023 1303 4055 celeritate

241 4063 304 4103 eligi
318 4065 352 4097 ὃς
367 4066 492 4105 arraiari,
507 4065 569 4103 &u
582 4071 664 4106 prout
674 4064 753 4104 ficpra
769 4062 847 4104 usque
861 4062 916 4095 haec
929 4061 1034 4101 verba,
1050 4064 1113 4093 viz.

87 3924 167 3956 Anu.
180 3922 222 3955 D.
244 3912 301 3968 R

110 3971 196 4002 ¹341·

87 4005 141 4030 An.
161 4011 204 4038 ¹5·

86 4043 118 4068 Σ.
140 4049 166 4075 3.

120 4078 186 4107 ibid.

1304 148 1615 221 PUBLRI
1655 184 1770 222 CA.

1326 264 1381 308 Per
1396 265 1532 307 aliquem,
1553 266 1594 309 sen
1614 267 1718 304 aliquos
1731 290 1740 305 ‚
1760 276 1807 299 ner
1823 277 1873 297 vos
1887 269 1920 298 ad
1942 269 1998 299 hoc
2014 268 2214 307 Deputmu'osz,
2232 267 2283 305 ad,
2301 266 2344 296 di-
2363 266 2436 297 Ann.
2453 269 2493 300 D,

1290 301 1400 347 leeluni
1417 303 1664 342 Conlanguineurn
1684 307 1716 335 ὃ(
1735 300 1845 336 fidelem
1867 307 2013 343 nostrum,
2034 307 2221 346 Magnificum
2237 307 2345 336 Princi—
2384 316 2467 346 1341.

1293 351 1357 379 pem
1379 341 1551 371 edwardum
1573 344 1607 384 de
1627 343 1742 373 Billxolo
1766 350 1870 381 <quem
1893 344 2086 375 constituimus
2106 345 2293 383 capitaneum
2313 346 2347 375 &
2364 349 2430 373 Edu.
2450 357 2474 382 3.

1294 380 1455 409 Duc-iorem
1469 389 1553 409 totius
1568 380 1711 411 lzxercin'is
1725 382 1812 412 nostri
1822 405 1831 420 ,
1849 392 1900 420 pro
1915 382 2024 414 oneri-{2
2032 384 2136 414 Scotiwe
2149 384 2281 417 ordinatii
2294 384 2346 414 du-

1294 418 1398 460 cendos
1414 441 1422 456 ,
1448 419 1578 455 quotiens
1590 442 1600 456 ,
1621 421 1654 450 ὃς
1674 421 1786 457 quando
1800 442 1809 457 ‚
1834 420 1994 451 Periculum
2017 422 2128 460 aliquod
2144 432 2177 452 ex
2192 423 2348 453 Scotorum

1295 455 1431 486 Hostium
1451 456 1614 499 nostrorum
1635 457 1822 488 Invasronibus
1843 461 1954 489 imineat
1968 482 1977 497 ,
1996 461 2029 490 &
2045 470 2093 499 per
2106 461 2273 501 praedietum
2288 459 2349 490 Re-

1297 503 1361 537 gem
1377 495 1532 537 Scotiaetex
1547 504 1622 532 parte
1638 495 1730 525 nostra
1744 497 1848 527 fueritis
1862 499 2034 537 praemuniti:

1336 532 1373 562 ht
1386 532 1443 575 hoc
1453 555 1461 569 ,
1479 535 1547 575 licut
1562 533 1647 576 Nos,
1663 536 1696 566 &
1711 534 1863 565 Honorem
1876 536 2018 574 nostrum,
2034 547 2066 567 ac
2079 536 2269 568 salvationem
2281 536 2349 567 dien

1297 571 1391 608 Regni
1407 571 1509 608 nostri,
1527 571 1652 611 diligitis,
1669 573 1822 604 nullatenus
1837 576 1979 605 omittatis.

1335 608 1424 640 Teste
1435 618 1464 639 ut
1478 610 1562 647 supra.

2276 197 2346 223 111

1978 652 2031 680 Per
2044 653 2124 692 ipsum
2137 655 2241 691 Regem.

1349 771 1407 805 Ad
1422 774 1586 804 Civitatem
1608 773 1720 805 Baionae
1736 801 1746 815 ‚
1773 774 1808 806 de
1826 777 1945 822 Treuga
1969 779 2126 823 Prorogota
2139 803 2148 819 ,
2175 780 2210 814 ὠ·
2231 777 2300 807 Na-

1662 820 1749 854 vibus
1764 836 1818 855 non
1833 823 1993 857 mittendis.

1300 906 1386 961 RE
1399 906 1444 945 X,
1461 907 1566 937 dilestis
1588 908 1630 950 &⁴
1641 906 1765 938 fidelibus
1784 908 1851 946 suis,
1868 908 1989 946 Maiori,
2002 909 2114 948 Juratis,
2135 909 2261 940 Centum
2278 908 2354 939 Pari·
2379 911 2453 941 Ann.
2468 909 2507 940 D.

1370 946 1438 983 bus,
1458 947 1490 976 ὃς
1505 946 1700 984 Comunitati,
1718 946 1845 978 Civitatis
1858 945 1912 977 suae
1926 947 2056 985 Baionae,
2074 948 2205 978 Salutem.
2398 959 2482 989 1341.

1337 981 1460 1014 Turbati
1475 986 1617 1014 referimus
1632 983 1728 1023 quod,
2374 993 2428 1017 An.
2452 998 2459 1015 ι
2466 997 2493 1024 5.

1339 1018 1421 1051 Cum
1436 1022 1551 1053 effemus
1562 1024 1620 1059 jam
1633 1023 1715 1061 parati
1729 1022 1762 1052 ad
1777 1021 2010 1060 proficiscendum
2026 1024 2052 1053 in
2075 1023 2165 1054 Manu
2180 1023 2266 1055 valida
2283 1024 2360 1060 supra
2379 1032 2407 1054 Ε.
2432 1037 2444 1062 3

1305 1058 1412 1104 Mare,
1437 1062 1471 1092 &
1493 1061 1533 1104 ad¹
1550 1060 1785 1104 progrediendum
1807 1061 1917 1093 ulterius
1937 1064 1967 1092 in
1992 1062 2140 1093 Franciam
2160 1085 2169 1100 ‚
2185 1072 2237 1101 pro
2247 1062 2362 1100 juribus
2381 1066 2446 1101 Vasc.
2472 1070 2515 1098 15.

1303 1097 1405 1127 nostris
1417 1098 1610 1129 Haereditarns
1628 1099 1831 1137 perquirendis,
2380 1109 2409 1131 Ε.
2431 1113 2455 1139 3.

1343 1136 1570 1204 Supervenerunt
1591 1135 1705 1166 Nuncii
1724 1136 1812 1166 nostri
1825 1161 1835 1175 ,
1851 1138 1884 1168 ad
1903 1136 2100 1169 Tradtandum
2113 1149 2180 1170 cum
2193 1137 2309 1168 Gallicis
2323 1138 2363 1168 su-
2382 1152 2418 1170 m.
2438 1149 2465 1175 5,

1306 1184 1355 1212 per
1400 1185 1449 1205 ace
1470 1176 1514 1205 vel
1535 1173 1651 1213 Treugfi
1671 1175 1780 1213 pridem
1799 1175 1870 1205 miffi
1885 1198 1894 1213 ,
1910 1177 1992 1206 nobis
2008 1200 2017 1214 ,
2039 1178 2109 1207 inter
2130 1178 2179 1207 alia
2194 1201 2204 1215 ,
2222 1177 2368 1206 referentes

1309 1212 1389 1251 quod
1412 1213 1525 1250 Alligati
1549 1215 1582 1245 ὃ(
1604 1214 1647 1243 alii
1670 1213 1777 1244 Fideles
1792 1213 1894 1251 nostri,
1911 1214 2056 1244 existentes
2073 1216 2100 1245 in
2122 1216 2201 1246 dieto
2214 1214 2370 1253 Traetatu,

1309 1252 1457 1283 voluerunt
1473 1253 1574 1282 habere
1593 1250 1827 1291 Prorogationem
1841 1251 1967 1291 Treugae
1987 1253 2068 1293 usque
2083 1253 2116 1284 ad
2139 1254 2253 1284 Festum
2269 1252 2372 1284 Pente—

1311 1290 1403 1321 costes
1419 1291 1552 1331 proximo
1570 1291 1711 1329 futurum,
1728 1290 1774 1320 vel
1785 1291 1906 1321 circiter.

1352 1328 1469 1369 Propter
1489 1329 1565 1368 quod
1579 1329 1670 1359 statim
1685 1329 1838 1359 convocari
1859 1328 1976 1359 fecimus
1991 1328 2124 1366 quosdam
2143 1328 2267 1359 Nobiles
2279 1330 2373 1370 Regni

1314 1367 1403 1398 nostri
1418 1368 1545 1407 Angliae,
1567 1368 1682 1406 Qibus
1696 1367 1841 1398 videbatur
1856 1377 1908 1404 pro
1922 1366 2056 1405 Meliori,
2075 1368 2154 1404 quiid
2169 1368 2254 1397 dietat:
2269 1367 2374 1398 Proro-

1313 1407 1418 1446 gationi
1438 1407 1628 1444 praeberemus
1649 1406 1822 1444 Affensum3
1846 1406 1879 1436 δε
1901 1405 1938 1436 sic
1957 1405 2039 1436 valde
2061 1405 2164 1435 fuimus
2179 1407 2207 1435 in
2226 1406 2378 1444 perplexo,

1316 1446 1380 1482 quia
1395 1444 1486 1475 dietus
1498 1443 1658 1484 Progressus
1674 1445 1771 1474 noster
1785 1444 1838 1475 fuit
1849 1444 1927 1483 super
1940 1445 2036 1474 omnia
2049 1444 2131 1474 nobis
2144 1445 2232 1473 cordi.

1351 1482 1574 1520 Verumptamen
1583 1507 1592 1521 ,
1613 1483 1752 1521 sequentes
1767 1483 1890 1513 Consilia
1902 1482 2045 1513 dictorum
2059 1481 2249 1520 Alligatorum
2265 1483 2297 1513 ὃς
2307 1481 2377 1512 Νο-

1317 1521 1436 1560 bilium,
1457 1522 1604 1552 Aslensum
1617 1522 1789 1560 praebuimus
1804 1522 1837 1552 ὃ(
1850 1520 1944 1552 Inviti.

1354 1559 1402 1590 Set
1416 1582 1425 1597 ‚
1444 1569 1491 1598 per
1512 1560 1568 1590 Dei
1585 1561 1700 1599 gratiam
1714 1585 1724 1599 ,
1743 1561 1780 1590 lic
1799 1560 1910 1590 interim
1925 1559 2051 1590 nostrum
2065 1559 2260 1590 ordinabimus
2275 1558 2380 1598 Nego-

1319 1599 1409 1635 tium,
1427 1598 1506 1636 quod
1522 1598 1711 1636 Dispendium
1727 1598 1878 1628 Dilationis
1891 1608 1950 1628 non
1964 1599 2053 1635 capiet
2067 1598 2209 1637 longioris.

1358 1636 1449 1666 Unde
1464 1636 1594 1666 Missioni
1611 1636 1752 1675 Navigii,
1774 1637 1850 1675 quod
1864 1646 1916 1675 pro
1929 1636 2028 1666 nostris
2044 1636 2205 1675 Obsequiis,
2223 1636 2306 1668 vestri
2321 1646 2382 1676 gra-

1320 1675 1377 1713 tia,
1391 1676 1449 1713 jam
1465 1674 1592 1713 parastis,
1608 1675 1778 1712 supersedere
1790 1685 1840 1706 vos
1853 1675 2001 1713 volumus,
2024 1675 2166 1714 quousque
2181 1675 2253 1705 aliud
2269 1677 2283 1705 a
2300 1678 2383 1708 nobis

1321 1714 1472 1744 habueritis
1484 1714 1512 1743 in
1529 1712 1678 1743 Mandatis.

1357 1750 1395 1783 Et
1409 1775 1417 1791 ,
1441 1760 1569 1789 tempore
1587 1751 1682 1782 medio
1696 1774 1707 1789 ,
1725 1751 1896 1781 continueris
1915 1759 1978 1789 erga
1999 1759 2050 1780 nos
2069 1750 2232 1781 laudabilem
2255 1751 2379 1783 Gestum

1321 1790 1445 1822 vestrum
1461 1803 1471 1828 3
1491 1790 1636 1820 Tenentes
1655 1800 1707 1827 pro
1732 1789 1815 1819 firmo
1836 1788 1915 1827 quod
1935 1797 2008 1828 grata
2031 1789 2118 1818 vestra
2138 1789 2279 1828 Fidelitas,
2318 1800 2382 1822 uam

1322 1830 1403 1859 nobis
1426 1829 1535 1866 semper
1554 1836 1611 1865 prae
1631 1829 1737 1858 caeteris
1759 1827 1914 1858 ostendistis
1929 1851 1938 1865 ,
1955 1829 1984 1857 in
2005 1827 2167 1857 Memoriali
2182 1827 2285 1858 nostrat:
2335 1831 2382 1860 ile-

1322 1868 1424 1898 &ionis
1440 1869 1576 1906 perpetuo
1592 1866 1632 1896 est
1652 1866 1826 1905 conscripta,
1846 1866 1880 1896 δε
1893 1867 2023 1896 votivum
2036 1863 2077 1895 est
2093 1866 2190 1904 nobis,
2210 1869 2384 1908 praecipuum

1322 1907 1420 1943 vobis,
1438 1915 1506 1935 cum
1519 1905 1712 1941 exuberantia,
1731 1912 1835 1943 gratam
1848 1904 1939 1934 facere
1953 1903 2150 1941 Repenfivam.

1360 1944 1428 1975 Dat.
1443 1943 1515 1983 apud
1526 1942 1830 1981 Westmonasterium,
1849 1942 1972 1974 secundo
1986 1943 2031 1973 die
2043 1942 2223 1982 Septembris.

1960 2022 2013 2049 Per
2027 2018 2108 2058 ipftmz
2121 2021 2226 2057 Regem.

1459 2171 1518 2202 Pro
1535 2164 1718 2201 Marchione
1733 2165 1904 2214 Juliaceqfi
1918 2166 2030 2199 comite
2047 2161 2246 2211 Cantebrigiae.

1327 2252 1422 2315 RE
1433 2252 1464 2284 X
1483 2252 1655 2284 Vicecomiti
1670 2251 1864 2291 Cantebrigiae
1875 2250 2006 2282 Salutem.

1446 2291 1528 2323 Cum
1543 2301 1647 2330 nuper,

1366 2331 1442 2363 Inter
1454 2331 1522 2368 alia,
1542 2340 1606 2369 quae
1628 2337 1678 2368 per
1692 2329 1798 2360 Literas
1818 2326 1923 2359 nostras
1938 2327 2066 2359 Parentes
2079 2327 2208 2358 dedimus
2225 2326 2259 2358 &
2271 2326 2388 2357 conces·
2408 2319 2486 2351 Ann-
2502 2318 2547 2349 D·

1328 2370 1430 2409 simus,
1447 2369 1556 2400 dilecto
1576 2369 1609 2399 &
1631 2367 1707 2399 fideli
1727 2367 1839 2405 nostro,
1857 2366 2026 2397 Guillielmo
2048 2365 2210 2397 Marchioni
2220 2364 2387 2404 juliacensi,
2436 2366 2523 2397 1341.

1328 2418 1458 2449 tempore
1481 2418 1539 2446 quo
1561 2407 1652 2445 ipsum
1672 2408 1701 2437 in
1722 2405 1873 2438 Comitem
1899 2404 2088 2444 Cantebrigiae
2102 2428 2113 2444 ,
2145 2414 2194 2444 per
2216 2404 2387 2435 Cindiuram
2412 2401 2465 2425 An.
2486 2405 2518 2432 ¹5
2521 2418 2528 2423 -

1330 2447 1443 2486 Gladii,
1460 2446 1684 2484 praefecerimus,
2415 2440 2445 2464 E.
2467 2445 2496 2478 32

1368 2488 1387 2507 ³¹²
1407 2486 1537 2523 Septimo
1557 2484 1602 2514 die
1625 2483 1695 2514 Maii
1709 2506 1719 2522 ,
1739 2483 1827 2513 Anno
1849 2481 1946 2520 Regni
1968 2481 2056 2511 nostri
2072 2481 2183 2520 Angliae
2200 2480 2391 2520 Qartodeci-
2413 2476 2545 2510 Claus.i5‚

1332 2535 1401 2563 mo,
1419 2523 1577 2554 dederimus
1590 2523 1623 2552 &
1640 2522 1858 2552 concesserimus
1878 2520 1972 2550 eidem
1984 2519 2165 2557 Marchioni,
2183 2520 2300 2549 nomine
2316 2529 2389 2557 prae-
2409 2516 2438 2540 Ε·
2461 2522 2488 2548 3-

1330 2564 1398 2594 disti
1412 2563 1553 2599 Comitis,
1570 2561 1678 2600 Viginti
1695 2560 1793 2590 Libras
1805 2570 1854 2597 per
1869 2559 2005 2596 Annum,
2024 2557 2173 2588 Habendas
2186 2558 2389 2595 &Percipien-
2411 2558 2435 2588 Ρ·
2454 2561 2486 2598 7··,

1334 2602 1381 2632 das
1402 2601 1462 2631 Sibi
1484 2601 1517 2632 &
1539 2599 1707 2630 Haeredibus
1727 2599 1778 2629 suis
1794 2621 1804 2636 ,
1821 2598 1857 2628 de
1876 2596 2008 2634 Corpore
2023 2597 2071 2626 suo
2087 2596 2211 2635 legitime
2224 2598 2391 2636 procreatis,
2411 2598 2447 2616 ⁷7²·
2470 2590 2496 2616 b·

1332 2641 1367 2670 de
1383 2639 1513 2670 Exitibus
1532 2637 1694 2669 Comitatus
1715 2637 1844 2675 praediffl
1859 2658 1868 2674 ,
1884 2645 1932 2675 per
1946 2634 2052 2665 Manus
2071 2634 2254 2665 Vicecomiti<
2267 2633 2388 2671 ejusdem
2411 2627 2430 2646 *
2441 2629 2475 2654 V·
2485 2624 2548 2654 230-

1331 2677 1496 2709 Comitatus
1510 2700 1519 2716 ,
1542 2679 1590 2716 qui
1610 2687 1661 2713 pro
1683 2685 1810 2715 tempore
1830 2675 1934 2712 fuerit,
1959 2673 1992 2703 ad
2014 2673 2093 2703 Festa
2111 2673 2220 2703 Paschae
2243 2672 2276 2703 Sc
2296 2671 2392 2702 Saneti

1334 2716 1498 2753 Michaelis,
1516 2726 1565 2753 per
1578 2715 1695 2754 aequales
1711 2714 1877 2751 Portiones,
1896 2713 2105 2750 imperpetuum
2117 2734 2125 2750 ‚
2143 2720 2226 2750 prout
2248 2712 2277 2740 in
2294 2711 2393 2740 Literis

1335 2756 1437 2786 nostris
1450 2754 1590 2794 praediCtis
1603 2754 1712 2793 plenius
1726 2754 1904 2789 continetur,

1369 2795 1440 2824 Tibi
1463 2793 1656 2831 praecipimus,
1680 2791 1748 2821 sicut
1768 2792 1829 2821 alias
1850 2789 2086 2828 praeceperimus,
2104 2786 2183 2826 quod
2197 2787 2288 2817 eidem
2317 2786 2396 2817 Mar-

1335 2832 1450 2869 chioni,
1467 2832 1511 2861 vel
1524 2832 1582 2868 ejus
1594 2831 1623 2859 in
1637 2830 1688 2859 hac
1704 2839 1780 2866 parte
1796 2829 1965 2864 morinus,
1984 2827 2011 2856 id
2021 2849 2030 2864 ,
2048 2827 2126 2866 quod
2138 2826 2229 2855 eidem
2247 2825 2397 2855 lelarchio-

1335 2872 1364 2900 ni
1379 2882 1393 2901 a
1409 2880 1482 2900 retro
1497 2869 1537 2898 cst
1551 2869 1587 2898 de
1603 2867 1742 2903 praediCtis
1759 2866 1863 2906 Viginti
1879 2865 1971 2896 Libris
1986 2865 2094 2894 Annuis
2107 2888 2116 2903 ,
2133 2864 2169 2894 de
2192 2865 2314 2895 terminis
2328 2865 2398 2893 San-

1337 2910 1377 2939 cii
1393 2907 1540 2938 Michaelis
1553 2907 1585 2937 ὅτ.
1601 2905 1730 2942 Paschae,
1746 2907 1878 2942 proximo
1894 2904 2054 2943 prieteritis,
2071 2904 2104 2934 a&
2119 2904 2203 2933 ctiam
2220 2903 2325 2932 crudem
2344 2902 2397 2931 Vi-

1335 2948 1405 2987 ginti
1428 2946 1527 2976 Libras
1546 2954 1659 2974 exnunc
1681 2943 1792 2980 lingulis
1813 2944 1901 2974 Annis
1918 2966 1928 2981 ,
1955 2941 2087 2980 quamdiu
2108 2942 2214 2971 ibidem
2229 2940 2398 2971 vicecomes

1336 2985 1432 3015 noster
1452 2984 1533 3014 fueris
1548 3006 1557 3021 ,
1574 2982 1609 3012 de
1623 2980 1748 3012 Exitibus
1765 2982 1875 3012 Balliva:
1888 2990 1943 3011 tuae
1958 3004 1966 3019 ,
1985 2980 2071 3011 solves
2083 2981 2161 3018 juxta
2175 2988 2303 3010 tenorem
2319 2979 2397 3009 Lite-

1336 3034 1428 3054 rarum
1447 3022 1603 3052 nostrarum
1618 3020 1836 3058 praedietarum5
2348 3056 2352 3060 ι

1375 3062 1529 3099 Recipiens
1544 3070 1559 3090 a
1573 3059 1689 3097 praefato
1704 3058 1894 3096 Mar-chione,
1912 3058 1956 3088 vel
1970 3057 2052 3087 dielis
2068 3055 2300 3098 suisQArtornatiQ
2318 3055 2399 3085 Luc-

1336 3111 1376 3130 ras
1389 3100 1445 3131 suas
1460 3100 1505 3130 Ac
1527 3099 1680 3135 iiietantiae,
1696 3107 1759 3136 quie
1772 3107 1825 3136 pro
1846 3096 1944 3126 Nobis
1960 3097 1992 3126 ὃ(
2007 3095 2055 3125 Te
2067 3094 2231 3124 sufficientes
2251 3094 2353 3123 fuerint
2368 3095 2398 3123 in

1336 3139 1389 3169 hac
1405 3147 1494 3179 parte:
1541 3146 1553 3168 t
1568 3145 1619 3166 nos
1632 3137 1682 3166 tibi
1696 3136 1780 3174 inde,
1799 3137 1828 3165 in
1843 3133 1994 3172 Compoto
2008 3143 2058 3163 tuo
2069 3156 2078 3171 ,
2097 3132 2219 3163 debitam
2240 3132 2397 3163 Allocatio-

1335 3187 1403 3208 nem
1416 3177 1517 3207 habere
1531 3176 1672 3206 faciemus.

1373 3215 1463 3246 Teste
1477 3214 1558 3253 Rege
1571 3212 1644 3251 apud
1657 3213 1777 3243 Turrim
1792 3210 1926 3242 London.
1945 3210 2060 3240 decimo
2076 3208 2121 3239 die
2137 3208 2317 3246 Septembris.

1508 3360 1566 3391 Pro
1581 3358 1668 3390 Duce
1684 3356 1805 3397 Gelriae,
1831 3353 1868 3386 de
1888 3356 2057 3386 Ammitate
2067 3352 2223 3397 sblvcnda.

1338 3441 1466 3499 REX
1486 3441 1696 3472 Collestoribus
1717 3438 1867 3470 Custumae
1888 3438 2028 3469 Lanarum
2044 3461 2053 3475 ,
2077 3436 2231 3467 Coriorum
2245 3460 2255 3476 ‚
2282 3437 2315 3467 δε
2334 3436 2398 3468 Pel-

1411 3483 1482 3511 lium
1499 3480 1685 3517 Lanutarum,
1705 3479 1734 3509 in
1750 3478 1837 3508 Portu
1852 3477 2028 3514 Londoniae,
2045 3476 2177 3506 Salutem.

1376 3518 1474 3558 Cum,
1492 3517 1604 3548 Illustris
1624 3516 1808 3556 Reginaldus,
1828 3515 1898 3545 Dux
1921 3514 2061 3544 Gclrcnfis
2077 3515 2110 3544 &
2123 3513 2231 3544 Comes
2245 3513 2396 3552 Zutphen-

1338 3557 1387 3596 sis,
1406 3558 1534 3588 Sororius
1555 3556 1648 3586 noster
1668 3554 1819 3586 carissimus
1831 3578 1841 3591 ,
1859 3553 2037 3592 Homagium
2053 3553 2085 3583 &
2105 3553 2201 3583 omnia
2215 3575 2223 3589 ,
2241 3562 2304 3592 quae
2320 3561 2396 3583 tene-

1337 3597 1384 3627 bat
1400 3596 1436 3626 de
1457 3595 1591 3626 Domino
1612 3593 1746 3633 Philippo
1759 3593 1795 3623 de
1811 3591 1919 3622 Valelio
1932 3593 2004 3630 (pro
2019 3590 2102 3629 Rege
2118 3591 2244 3621 Franciae
2259 3591 2283 3621 se
2295 3600 2396 3630 geren-

1338 3636 1382 3672 te)
1404 3633 1506 3665 Eidem
1525 3632 1658 3673 Philippo
1670 3656 1679 3671 ,
1695 3632 1844 3663 occasione
1864 3629 2054 3659 Adhaeremiae
2072 3630 2154 3659 nobis
2175 3628 2257 3660 saetae
2272 3652 2282 3667 ,
2301 3629 2393 3660 reddi-

1338 3674 1409 3705 derit

1373 3697 1522 3752 Nobisque
1534 3710 1630 3741 fecerit
1643 3708 1820 3747 Homagium
1836 3707 1869 3738 ὃς
1886 3705 2034 3736 Fidelitatis
2043 3704 2260 3744 juramentum,

1374 3751 1421 3781 Ac
1438 3760 1490 3780 nos

1374 3774 1557 3820 Attendeiites
1571 3785 1710 3816 ostensam
1724 3785 1805 3814 nobis
1818 3793 1866 3824 per
1880 3782 2030 3821 praefatum
2051 3781 2167 3812 Ducem
2183 3780 2397 3812 Gratirudinem

1339 3829 1368 3858 in
1382 3828 1433 3858 hac
1448 3835 1540 3865 parte,
1559 3826 1592 3855 &
1607 3824 1725 3863 proinde
1741 3824 1864 3853 volentes
1879 3822 1929 3852 libi
1944 3829 2051 3858 gratam
2063 3820 2155 3850 facere
2172 3819 2380 3858 Repenfivam,

1376 3865 1521 3896 Vicelimo
1541 3864 1635 3902 primo
1654 3863 1699 3893 die
1724 3861 1896 3902 Septembris
1910 3882 1919 3898 ‚
1953 3860 2041 3890 Anno
2062 3858 2157 3897 Regni
2178 3858 2268 3888 nostri
2289 3857 2399 3897 Anglice

1337 3904 1574 3940 Tertiodecimo‚
1589 3900 1806 3931 concesserimus
1826 3899 1851 3928 ei
1873 3897 1954 3928 Mille
1978 3897 2073 3927 Libras
2096 3896 2322 3943 Sterlingorum,
2336 3906 2398 3938 per-

1339 3944 1364 3973 ci
1387 3942 1495 3980 iendas,
1512 3940 1603 3970 Annis
1623 3939 1732 3978 singulis
1744 3962 1754 3976 ,
1775 3938 1808 3967 ad
1832 3945 1923 3967 totam
1939 3934 2035 3965 Vitam
2048 3935 2141 3974 suam,
2159 3935 2193 3965 ad
2210 3935 2287 3966 Festa
2303 3935 2397 3976 Sancti

1381 3980 1489 4011 ichaelis
1509 3980 1541 4009 δε
1564 3977 1691 4015 Paschae,
1716 3987 1763 4014 per
1778 3987 1802 4005 ιι·
1822 3975 1893 4005 uales
1908 3973 2072 4011 Portiones,
2090 3973 2126 4003 de
2139 3972 2283 4004 Custumis
2296 3971 2395 4001 nostris

1341 4021 1370 4050 in
1389 4018 1530 4049 Portubus
1551 4016 1728 4055 subscriptis,
1752 4015 1815 4048 vide
1826 4015 1880 4044 icet
1894 4036 1903 4051 ,
1921 4014 1950 4043 in
1971 4011 2061 4044 Portu
2082 4011 2211 4043 Civitatis
2231 4009 2371 4050 praedietae
2388 4032 2396 4046 ,

1344 4058 1524 4097 Qingentas
1538 4055 1649 4092 Libras,
2366 4082 2400 4114 In

2421 3440 2496 3471 Ann.
2507 3440 2549 3471 D.

2442 3488 2528 3518 1341.

2416 3523 2469 3547 Aa.
2483 3529 2526 3555 15.

2417 3562 2553 3632 52..³.J..5.

2418 3638 2447 3662 E.
2471 3643 2496 3670 3.

2419 3680 2443 3709 p.
2465 3681 2491 3699 2.

2417 3720 2452 3739 m.
2468 3719 2496 3743 4.
