<?xml version="1.0" encoding="UTF-8"?>
<!DOCTYPE html PUBLIC "-//W3C//DTD XHTML 1.0 Transitional//EN"
    "http://www.w3.org/TR/xhtml1/DTD/xhtml1-transitional.dtd">
<html xmlns="http://www.w3.org/1999/xhtml" xml:lang="en" lang="en">
 <head>
  <title>
</title>
<meta http-equiv="Content-Type" content="text/html;charset=utf-8" />
  <meta name='ocr-system' content='tesseract 3.04.00' />
  <meta name='ocr-capabilities' content='ocr_page ocr_carea ocr_par ocr_line ocrx_word'/>
</head>
<body>
  <div class='ocr_page' id='page_1' title='image "./fderaconventione02ryme_0634.png"; bbox 0 0 2562 4279; ppageno 0'>
   <div class='ocr_carea' id='block_1_1' title="bbox 45 159 1451 335">
    <p class='ocr_par' dir='ltr' id='par_1_1' title="bbox 45 159 1451 335">
     <span class='ocr_line' id='line_1_1' title="bbox 203 159 1451 213; baseline -0.011 0"><span class='ocrx_word' id='word_1_1' title='bbox 203 173 285 213; x_wconf 57' lang='grc' dir='ltr'>ιπ</span> <span class='ocrx_word' id='word_1_2' title='bbox 639 159 1451 212; x_wconf 47' lang='lat' dir='ltr'>coNVENTioNEQ</span> 
     </span>
     <span class='ocr_line' id='line_1_2' title="bbox 45 246 1260 288; baseline -0.011 0"><span class='ocrx_word' id='word_1_3' title='bbox 45 251 126 288; x_wconf 52' lang='lat' dir='ltr'>Anu.</span> <span class='ocrx_word' id='word_1_4' title='bbox 139 254 182 286; x_wconf 89' lang='lat' dir='ltr'>D.</span> <span class='ocrx_word' id='word_1_5' title='bbox 261 253 412 287; x_wconf 86' lang='lat' dir='ltr'>Onfitniles</span> <span class='ocrx_word' id='word_1_6' title='bbox 427 252 532 283; x_wconf 88' lang='lat' dir='ltr'>Literas</span> <span class='ocrx_word' id='word_1_7' title='bbox 550 251 636 281; x_wconf 86' lang='lat' dir='ltr'>habet</span> <span class='ocrx_word' id='word_1_8' title='bbox 648 249 724 281; x_wconf 85' lang='lat' dir='ltr'>idem</span> <span class='ocrx_word' id='word_1_9' title='bbox 739 249 936 281; x_wconf 70' lang='lat' dir='ltr'><strong>Theodericus</strong></span> <span class='ocrx_word' id='word_1_10' title='bbox 949 249 985 280; x_wconf 84' lang='lat' dir='ltr'>de</span> <span class='ocrx_word' id='word_1_11' title='bbox 999 249 1123 280; x_wconf 90' lang='lat' dir='ltr'>Duobus</span> <span class='ocrx_word' id='word_1_12' title='bbox 1139 246 1260 277; x_wconf 85' lang='lat' dir='ltr'>Milibus</span> 
     </span>
     <span class='ocr_line' id='line_1_3' title="bbox 50 285 1257 335; baseline -0.009 -10"><span class='ocrx_word' id='word_1_13' title='bbox 50 292 53 295; x_wconf 79' lang='grc'><strong>’</strong></span> <span class='ocrx_word' id='word_1_14' title='bbox 70 303 154 335; x_wconf 77' lang='lat'><em>1337.</em></span> <span class='ocrx_word' id='word_1_15' title='bbox 276 292 547 330; x_wconf 58' lang='lat' dir='ltr'>8:12u-iuiingentis</span> <span class='ocrx_word' id='word_1_16' title='bbox 562 290 685 319; x_wconf 81' lang='lat' dir='ltr'>Florenis</span> <span class='ocrx_word' id='word_1_17' title='bbox 704 288 790 327; x_wconf 69' lang='lat' dir='ltr'>Auri,</span> <span class='ocrx_word' id='word_1_18' title='bbox 808 290 892 319; x_wconf 83' lang='lat' dir='ltr'>bonis</span> <span class='ocrx_word' id='word_1_19' title='bbox 912 289 948 319; x_wconf 90' lang='lat' dir='ltr'>de</span> <span class='ocrx_word' id='word_1_20' title='bbox 968 287 1133 325; x_wconf 78' lang='lat' dir='ltr'>Florentia,</span> <span class='ocrx_word' id='word_1_21' title='bbox 1159 285 1196 316; x_wconf 92' lang='lat' dir='ltr'>de</span> <span class='ocrx_word' id='word_1_22' title='bbox 1207 295 1257 315; x_wconf 90' lang='lat' dir='ltr'>eo-</span> 
     </span>
    </p>
   </div>
   <div class='ocr_carea' id='block_1_2' title="bbox 46 324 1257 560">
    <p class='ocr_par' dir='ltr' id='par_1_2' title="bbox 46 324 1257 560">
     <span class='ocr_line' id='line_1_4' title="bbox 46 324 1257 371; baseline -0.01 -6"><span class='ocrx_word' id='word_1_23' title='bbox 46 336 113 365; x_wconf 72' lang='lat' dir='ltr'>zdv.</span> <span class='ocrx_word' id='word_1_24' title='bbox 135 344 160 371; x_wconf 85' lang='lat'>3.</span> <span class='ocrx_word' id='word_1_25' title='bbox 198 335 263 365; x_wconf 91' lang='lat' dir='ltr'>dem</span> <span class='ocrx_word' id='word_1_26' title='bbox 281 331 424 362; x_wconf 79' lang='lat' dir='ltr'>Termino</span> <span class='ocrx_word' id='word_1_27' title='bbox 439 329 551 359; x_wconf 59' lang='lat' dir='ltr'>Paschae</span> <span class='ocrx_word' id='word_1_28' title='bbox 562 350 571 365; x_wconf 72' lang='lat'>,</span> <span class='ocrx_word' id='word_1_29' title='bbox 588 328 621 358; x_wconf 69' lang='grc' dir='ltr'>δε</span> <span class='ocrx_word' id='word_1_30' title='bbox 636 328 671 357; x_wconf 94' lang='lat' dir='ltr'>de</span> <span class='ocrx_word' id='word_1_31' title='bbox 679 327 848 358; x_wconf 87' lang='lat' dir='ltr'>Duodecim</span> <span class='ocrx_word' id='word_1_32' title='bbox 865 326 985 358; x_wconf 84' lang='lat' dir='ltr'>Milibus</span> <span class='ocrx_word' id='word_1_33' title='bbox 1000 327 1188 357; x_wconf 86' lang='lat' dir='ltr'>Florenorum</span> <span class='ocrx_word' id='word_1_34' title='bbox 1204 324 1257 354; x_wconf 85' lang='lat' dir='ltr'>hu-</span> 
     </span>
     <span class='ocr_line' id='line_1_5' title="bbox 198 362 1257 410; baseline -0.008 -10"><span class='ocrx_word' id='word_1_35' title='bbox 198 372 332 410; x_wconf 69' lang='lat' dir='ltr'>jusmodi,</span> <span class='ocrx_word' id='word_1_36' title='bbox 351 369 386 398; x_wconf 86' lang='lat' dir='ltr'>de</span> <span class='ocrx_word' id='word_1_37' title='bbox 401 367 538 405; x_wconf 68' lang='lat' dir='ltr'>praedicto</span> <span class='ocrx_word' id='word_1_38' title='bbox 552 366 696 396; x_wconf 76' lang='lat' dir='ltr'>Termino</span> <span class='ocrx_word' id='word_1_39' title='bbox 712 365 807 397; x_wconf 68' lang='lat' dir='ltr'>Sancti</span> <span class='ocrx_word' id='word_1_40' title='bbox 824 366 974 396; x_wconf 81' lang='lat' dir='ltr'>Michaelis</span> <span class='ocrx_word' id='word_1_41' title='bbox 1010 368 1043 396; x_wconf 85' lang='lat'><strong>&amp;</strong></span> <span class='ocrx_word' id='word_1_42' title='bbox 1059 365 1095 394; x_wconf 92' lang='lat' dir='ltr'>de</span> <span class='ocrx_word' id='word_1_43' title='bbox 1106 364 1161 394; x_wconf 86' lang='lat' dir='ltr'>aliis</span> <span class='ocrx_word' id='word_1_44' title='bbox 1170 362 1257 406; x_wconf 80' lang='lat' dir='ltr'>Duo-</span> 
     </span>
     <span class='ocr_line' id='line_1_6' title="bbox 197 389 1257 454; baseline -0.01 -13"><span class='ocrx_word' id='word_1_45' title='bbox 197 411 291 454; x_wconf 75' lang='lat' dir='ltr'>decim</span> <span class='ocrx_word' id='word_1_46' title='bbox 306 407 425 452; x_wconf 80' lang='lat' dir='ltr'>Milibus</span> <span class='ocrx_word' id='word_1_47' title='bbox 440 406 626 436; x_wconf 86' lang='lat' dir='ltr'>Florenorum</span> <span class='ocrx_word' id='word_1_48' title='bbox 636 429 645 442; x_wconf 82' lang='lat'>,</span> <span class='ocrx_word' id='word_1_49' title='bbox 665 404 798 437; x_wconf 84' lang='lat' dir='ltr'>Monetae</span> <span class='ocrx_word' id='word_1_50' title='bbox 812 405 951 444; x_wconf 85' lang='lat' dir='ltr'>ejusdem,</span> <span class='ocrx_word' id='word_1_51' title='bbox 968 389 1005 435; x_wconf 71' lang='lat' dir='ltr'>de</span> <span class='ocrx_word' id='word_1_52' title='bbox 1018 403 1097 434; x_wconf 65' lang='lat' dir='ltr'>dieto</span> <span class='ocrx_word' id='word_1_53' title='bbox 1111 402 1257 433; x_wconf 80' lang='lat' dir='ltr'>Termino</span> 
     </span>
     <span class='ocr_line' id='line_1_7' title="bbox 196 447 455 523; baseline -0.015 -6"><span class='ocrx_word' id='word_1_54' title='bbox 196 447 455 523; x_wconf 41' lang='lat' dir='ltr'>PLYSGZSJL-‘Z‘Jiix-c.</span> 
     </span>
     <span class='ocr_line' id='line_1_8' title="bbox 270 523 488 560; baseline -0.018 -6"><span class='ocrx_word' id='word_1_55' title='bbox 270 523 338 554; x_wconf 70' lang='lat' dir='ltr'>Datv</span> <span class='ocrx_word' id='word_1_56' title='bbox 356 532 386 553; x_wconf 90' lang='lat' dir='ltr'>ut</span> <span class='ocrx_word' id='word_1_57' title='bbox 401 524 488 560; x_wconf 83' lang='lat' dir='ltr'>supra.</span> 
     </span>
    </p>
   </div>
   <div class='ocr_carea' id='block_1_3' title="bbox 195 594 1259 908">
    <p class='ocr_par' dir='ltr' id='par_1_3' title="bbox 195 594 1259 908">
     <span class='ocr_line' id='line_1_9' title="bbox 258 594 1258 640; baseline -0.006 -10"><span class='ocrx_word' id='word_1_58' title='bbox 258 598 408 630; x_wconf 75' lang='lat' dir='ltr'>Onsimiles</span> <span class='ocrx_word' id='word_1_59' title='bbox 424 598 530 629; x_wconf 85' lang='lat' dir='ltr'>Literas</span> <span class='ocrx_word' id='word_1_60' title='bbox 548 597 632 628; x_wconf 84' lang='lat' dir='ltr'>habet</span> <span class='ocrx_word' id='word_1_61' title='bbox 645 597 722 628; x_wconf 83' lang='lat' dir='ltr'>idem</span> <span class='ocrx_word' id='word_1_62' title='bbox 735 596 935 640; x_wconf 81' lang='lat' dir='ltr'>Theodericus</span> <span class='ocrx_word' id='word_1_63' title='bbox 950 596 985 627; x_wconf 86' lang='lat' dir='ltr'>de</span> <span class='ocrx_word' id='word_1_64' title='bbox 998 596 1122 640; x_wconf 73' lang='lat' dir='ltr'>Duobus</span> <span class='ocrx_word' id='word_1_65' title='bbox 1139 594 1258 626; x_wconf 85' lang='lat' dir='ltr'>Milibus</span> 
     </span>
     <span class='ocr_line' id='line_1_10' title="bbox 274 634 1257 681; baseline -0.006 -12"><span class='ocrx_word' id='word_1_66' title='bbox 274 639 307 669; x_wconf 69' lang='grc' dir='ltr'>δί</span> <span class='ocrx_word' id='word_1_67' title='bbox 330 637 550 681; x_wconf 67' lang='lat' dir='ltr'>Qiadringentis</span> <span class='ocrx_word' id='word_1_68' title='bbox 560 636 696 680; x_wconf 27' lang='lat' dir='ltr'>&#39;florenis</span> <span class='ocrx_word' id='word_1_69' title='bbox 711 659 721 674; x_wconf 88' lang='lat'>‚</span> <span class='ocrx_word' id='word_1_70' title='bbox 745 637 805 667; x_wconf 65' lang='grc' dir='ltr'>δῖε.</span> <span class='ocrx_word' id='word_1_71' title='bbox 824 635 858 666; x_wconf 90' lang='lat' dir='ltr'>de</span> <span class='ocrx_word' id='word_1_72' title='bbox 871 636 950 666; x_wconf 43' lang='lat' dir='ltr'>delo</span> <span class='ocrx_word' id='word_1_73' title='bbox 964 635 1110 679; x_wconf 81' lang='lat' dir='ltr'>Termino</span> <span class='ocrx_word' id='word_1_74' title='bbox 1123 634 1238 677; x_wconf 75' lang='lat' dir='ltr'>Paschae</span> <span class='ocrx_word' id='word_1_75' title='bbox 1247 656 1257 671; x_wconf 88' lang='lat'>,</span> 
     </span>
     <span class='ocr_line' id='line_1_11' title="bbox 197 672 1258 713; baseline -0.008 -5"><span class='ocrx_word' id='word_1_76' title='bbox 197 677 231 707; x_wconf 67' lang='grc' dir='ltr'>ὅ(</span> <span class='ocrx_word' id='word_1_77' title='bbox 253 677 288 707; x_wconf 88' lang='lat' dir='ltr'>de</span> <span class='ocrx_word' id='word_1_78' title='bbox 312 676 478 707; x_wconf 82' lang='lat' dir='ltr'>Duodecim</span> <span class='ocrx_word' id='word_1_79' title='bbox 499 674 619 705; x_wconf 83' lang='lat' dir='ltr'>Milibus</span> <span class='ocrx_word' id='word_1_80' title='bbox 640 675 830 706; x_wconf 81' lang='lat' dir='ltr'>Florenorum</span> <span class='ocrx_word' id='word_1_81' title='bbox 844 699 853 713; x_wconf 89' lang='lat'>‚</span> <span class='ocrx_word' id='word_1_82' title='bbox 878 672 940 709; x_wconf 54' lang='lat' dir='ltr'>&amp;a</span> <span class='ocrx_word' id='word_1_83' title='bbox 959 674 993 704; x_wconf 88' lang='lat' dir='ltr'>de</span> <span class='ocrx_word' id='word_1_84' title='bbox 1018 673 1098 705; x_wconf 64' lang='lat' dir='ltr'>dieto</span> <span class='ocrx_word' id='word_1_85' title='bbox 1113 674 1258 704; x_wconf 83' lang='lat' dir='ltr'>Termino</span> 
     </span>
     <span class='ocr_line' id='line_1_12' title="bbox 196 710 1259 754; baseline -0.005 -9"><span class='ocrx_word' id='word_1_86' title='bbox 196 715 292 747; x_wconf 69' lang='lat' dir='ltr'>Sanffl</span> <span class='ocrx_word' id='word_1_87' title='bbox 316 715 465 745; x_wconf 81' lang='lat' dir='ltr'>Michaelis</span> <span class='ocrx_word' id='word_1_88' title='bbox 480 737 489 752; x_wconf 92' lang='lat'>,</span> <span class='ocrx_word' id='word_1_89' title='bbox 507 714 540 745; x_wconf 88' lang='lat'>&amp;</span> <span class='ocrx_word' id='word_1_90' title='bbox 553 713 589 744; x_wconf 91' lang='lat' dir='ltr'>de</span> <span class='ocrx_word' id='word_1_91' title='bbox 602 713 767 754; x_wconf 81' lang='lat' dir='ltr'>Duodecim</span> <span class='ocrx_word' id='word_1_92' title='bbox 784 713 904 743; x_wconf 68' lang='lat' dir='ltr'>Minoas</span> <span class='ocrx_word' id='word_1_93' title='bbox 921 713 1126 749; x_wconf 70' lang='lat' dir='ltr'>Florenorum,</span> <span class='ocrx_word' id='word_1_94' title='bbox 1142 710 1259 754; x_wconf 34' lang='grc' dir='ltr'><strong>(ἐπ-...(16</strong></span> 
     </span>
     <span class='ocr_line' id='line_1_13' title="bbox 195 749 1259 863; baseline -0.005 -79"><span class='ocrx_word' id='word_1_95' title='bbox 195 753 341 863; x_wconf 51' lang='grc' dir='ltr'>Ξξὶἳηέἒξ)</span> <span class='ocrx_word' id='word_1_96' title='bbox 361 752 733 831; x_wconf 50' lang='grc' dir='ltr'>ἓιὲῑὲξῗέξὲἳῐὲίζέωῐὶἳξξὲἑ</span> <span class='ocrx_word' id='word_1_97' title='bbox 753 751 798 783; x_wconf 71' lang='lat' dir='ltr'>ina</span> <span class='ocrx_word' id='word_1_98' title='bbox 817 750 936 783; x_wconf 65' lang='lat' dir='ltr'>clausula</span> <span class='ocrx_word' id='word_1_99' title='bbox 957 752 1057 790; x_wconf 65' lang='lat' dir='ltr'>quibus</span> <span class='ocrx_word' id='word_1_100' title='bbox 1081 749 1233 788; x_wconf 81' lang='lat' dir='ltr'>stipendus</span> <span class='ocrx_word' id='word_1_101' title='bbox 1248 772 1259 786; x_wconf 80' lang='lat'>‚</span> 
     </span>
     <span class='ocr_line' id='line_1_14' title="bbox 334 814 721 831; baseline -0.005 -9"><span class='ocrx_word' id='word_1_102' title='bbox 334 816 343 831; x_wconf 90' lang='lat'>,</span> <span class='ocrx_word' id='word_1_103' title='bbox 716 814 721 820; x_wconf 95' lang='lat'>.</span> 
     </span>
     <span class='ocr_line' id='line_1_15' title="bbox 247 832 456 868; baseline -0.005 -7"><span class='ocrx_word' id='word_1_104' title='bbox 247 841 264 861; x_wconf 92' lang='lat' dir='ltr'>n</span> <span class='ocrx_word' id='word_1_105' title='bbox 280 832 377 868; x_wconf 86' lang='lat' dir='ltr'>cu&#39;us,</span> <span class='ocrx_word' id='word_1_106' title='bbox 394 832 456 862; x_wconf 73' lang='lat' dir='ltr'>&amp;c-</span> 
     </span>
     <span class='ocr_line' id='line_1_16' title="bbox 269 841 486 908; baseline -0.009 -8"><span class='ocrx_word' id='word_1_107' title='bbox 269 841 339 901; x_wconf 65' lang='lat' dir='ltr'>DaJt.</span> <span class='ocrx_word' id='word_1_108' title='bbox 356 878 387 900; x_wconf 90' lang='lat' dir='ltr'>ut</span> <span class='ocrx_word' id='word_1_109' title='bbox 399 869 486 908; x_wconf 83' lang='lat' dir='ltr'>supra.</span> 
     </span>
    </p>
   </div>
   <div class='ocr_carea' id='block_1_4' title="bbox 193 943 1259 1064">
    <p class='ocr_par' dir='ltr' id='par_1_4' title="bbox 193 943 1259 1064">
     <span class='ocr_line' id='line_1_17' title="bbox 193 943 1259 1002; baseline -0.008 -22"><span class='ocrx_word' id='word_1_110' title='bbox 193 950 279 1002; x_wconf 72' lang='lat' dir='ltr'>ET</span> <span class='ocrx_word' id='word_1_111' title='bbox 302 947 339 978; x_wconf 86' lang='lat' dir='ltr'>M</span> <span class='ocrx_word' id='word_1_112' title='bbox 349 957 368 979; x_wconf 79' lang='grc' dir='ltr'>Ε</span> <span class='ocrx_word' id='word_1_113' title='bbox 379 955 407 978; x_wconf 87' lang='grc' dir='ltr'>Μ</span> <span class='ocrx_word' id='word_1_114' title='bbox 417 957 436 977; x_wconf 92' lang='lat'>0</span> <span class='ocrx_word' id='word_1_115' title='bbox 447 956 469 977; x_wconf 76' lang='lat' dir='ltr'>R</span> <span class='ocrx_word' id='word_1_116' title='bbox 479 956 499 977; x_wconf 81' lang='grc' dir='ltr'><strong>Α</strong></span> <span class='ocrx_word' id='word_1_117' title='bbox 509 955 531 976; x_wconf 76' lang='lat' dir='ltr'>N</span> <span class='ocrx_word' id='word_1_118' title='bbox 541 955 562 976; x_wconf 86' lang='lat' dir='ltr'>D</span> <span class='ocrx_word' id='word_1_119' title='bbox 570 953 594 975; x_wconf 78' lang='lat' dir='ltr'>U</span> <span class='ocrx_word' id='word_1_120' title='bbox 602 953 629 975; x_wconf 81' lang='grc' dir='ltr'><strong>Μ</strong></span> <span class='ocrx_word' id='word_1_121' title='bbox 648 944 723 986; x_wconf 69' lang='lat' dir='ltr'>qubd</span> <span class='ocrx_word' id='word_1_122' title='bbox 735 943 870 985; x_wconf 72' lang='lat' dir='ltr'>Epiftopus</span> <span class='ocrx_word' id='word_1_123' title='bbox 884 943 1072 984; x_wconf 63' lang='lat' dir='ltr'>Limoz&#39;nfenfis</span> <span class='ocrx_word' id='word_1_124' title='bbox 1080 969 1089 982; x_wconf 90' lang='lat'>,</span> <span class='ocrx_word' id='word_1_125' title='bbox 1108 954 1175 973; x_wconf 76' lang='lat' dir='ltr'>imus</span> <span class='ocrx_word' id='word_1_126' title='bbox 1183 946 1259 973; x_wconf 83' lang='lat' dir='ltr'>Am-</span> 
     </span>
     <span class='ocr_line' id='line_1_18' title="bbox 262 982 1259 1025; baseline -0.004 -10"><span class='ocrx_word' id='word_1_127' title='bbox 262 985 424 1025; x_wconf 72' lang='lat' dir='ltr'>baffiitorum</span> <span class='ocrx_word' id='word_1_128' title='bbox 448 987 542 1023; x_wconf 76' lang='lat' dir='ltr'>Regis,</span> <span class='ocrx_word' id='word_1_129' title='bbox 559 988 588 1014; x_wconf 77' lang='lat' dir='ltr'>in</span> <span class='ocrx_word' id='word_1_130' title='bbox 610 983 661 1013; x_wconf 84' lang='lat' dir='ltr'>hac</span> <span class='ocrx_word' id='word_1_131' title='bbox 673 991 757 1023; x_wconf 83' lang='lat' dir='ltr'>parte</span> <span class='ocrx_word' id='word_1_132' title='bbox 773 1008 782 1023; x_wconf 83' lang='lat'><em>‚</em></span> <span class='ocrx_word' id='word_1_133' title='bbox 795 987 881 1022; x_wconf 81' lang='lat' dir='ltr'><em>promi</em></span> <span class='ocrx_word' id='word_1_134' title='bbox 893 991 916 1012; x_wconf 84' lang='lat' dir='ltr'>it</span> <span class='ocrx_word' id='word_1_135' title='bbox 932 982 1069 1023; x_wconf 60' lang='lat' dir='ltr'>restituere</span> <span class='ocrx_word' id='word_1_136' title='bbox 1082 985 1161 1012; x_wconf 79' lang='lat' dir='ltr'>Duas</span> <span class='ocrx_word' id='word_1_137' title='bbox 1178 985 1259 1012; x_wconf 85' lang='lat' dir='ltr'>Lite-</span> 
     </span>
     <span class='ocr_line' id='line_1_19' title="bbox 195 1021 1236 1064; baseline -0.003 -11"><span class='ocrx_word' id='word_1_138' title='bbox 195 1032 260 1064; x_wconf 77' lang='lat' dir='ltr'>ras,</span> <span class='ocrx_word' id='word_1_139' title='bbox 277 1036 311 1054; x_wconf 85' lang='lat' dir='ltr'>ex</span> <span class='ocrx_word' id='word_1_140' title='bbox 326 1025 404 1055; x_wconf 56' lang='lat' dir='ltr'>distis</span> <span class='ocrx_word' id='word_1_141' title='bbox 419 1023 513 1053; x_wconf 80' lang='lat' dir='ltr'><em>Tribus</em></span> <span class='ocrx_word' id='word_1_142' title='bbox 528 1025 650 1061; x_wconf 65' lang='lat' dir='ltr'>Liceris,</span> <span class='ocrx_word' id='word_1_143' title='bbox 663 1031 712 1061; x_wconf 87' lang='lat' dir='ltr'>pro</span> <span class='ocrx_word' id='word_1_144' title='bbox 726 1025 842 1053; x_wconf 84' lang='lat' dir='ltr'>Domino</span> <span class='ocrx_word' id='word_1_145' title='bbox 854 1023 1025 1062; x_wconf 55' lang='lat' dir='ltr'>Theoderico,</span> <span class='ocrx_word' id='word_1_146' title='bbox 1042 1021 1236 1051; x_wconf 75' lang='lat' dir='ltr'>cancellandas.</span> 
     </span>
    </p>
   </div>
   <div class='ocr_carea' id='block_1_5' title="bbox 192 1145 1257 1241">
    <p class='ocr_par' dir='ltr' id='par_1_5' title="bbox 192 1145 1257 1241">
     <span class='ocr_line' id='line_1_20' title="bbox 192 1145 1257 1195; baseline -0.002 -13"><span class='ocrx_word' id='word_1_147' title='bbox 192 1152 429 1182; x_wconf 63' lang='lat' dir='ltr'>&#39;Conventionum</span> <span class='ocrx_word' id='word_1_148' title='bbox 443 1175 455 1191; x_wconf 87' lang='lat'>‚</span> <span class='ocrx_word' id='word_1_149' title='bbox 485 1157 539 1194; x_wconf 84' lang='lat' dir='ltr'>per</span> <span class='ocrx_word' id='word_1_150' title='bbox 565 1149 703 1181; x_wconf 83' lang='lat' dir='ltr'>Nuncios</span> <span class='ocrx_word' id='word_1_151' title='bbox 727 1149 813 1195; x_wconf 81' lang='lat' dir='ltr'>Regis</span> <span class='ocrx_word' id='word_1_152' title='bbox 839 1151 870 1179; x_wconf 78' lang='lat' dir='ltr'>in</span> <span class='ocrx_word' id='word_1_153' title='bbox 883 1145 1026 1193; x_wconf 80' lang='lat' dir='ltr'>partibus</span> <span class='ocrx_word' id='word_1_154' title='bbox 1043 1147 1257 1192; x_wconf 79' lang='lat' dir='ltr'><em>transmarinis</em></span> 
     </span>
     <span class='ocr_line' id='line_1_21' title="bbox 529 1196 921 1241; baseline 0.003 -13"><span class='ocrx_word' id='word_1_155' title='bbox 529 1196 690 1241; x_wconf 59' lang='lat' dir='ltr'>fasianam</span> <span class='ocrx_word' id='word_1_156' title='bbox 703 1223 713 1239; x_wconf 88' lang='lat'>‚</span> <span class='ocrx_word' id='word_1_157' title='bbox 737 1196 921 1241; x_wconf 51' lang='lat' dir='ltr'>Rati-&#39;ficaria</span> 
     </span>
    </p>
   </div>
   <div class='ocr_carea' id='block_1_6' title="bbox 45 1271 897 1341">
    <p class='ocr_par' dir='ltr' id='par_1_6' title="bbox 45 1271 897 1341">
     <span class='ocr_line' id='line_1_22' title="bbox 45 1271 897 1341; baseline -0.011 -21"><span class='ocrx_word' id='word_1_158' title='bbox 45 1289 120 1320; x_wconf 78' lang='lat' dir='ltr'>Ann.</span> <span class='ocrx_word' id='word_1_159' title='bbox 131 1286 171 1318; x_wconf 95' lang='lat' dir='ltr'>D.</span> <span class='ocrx_word' id='word_1_160' title='bbox 198 1286 256 1341; x_wconf 76' lang='lat' dir='ltr'>R</span> <span class='ocrx_word' id='word_1_161' title='bbox 266 1271 332 1315; x_wconf 84' lang='lat' dir='ltr'>EX</span> <span class='ocrx_word' id='word_1_162' title='bbox 358 1283 513 1320; x_wconf 82' lang='lat' dir='ltr'>omnibus,</span> <span class='ocrx_word' id='word_1_163' title='bbox 526 1282 561 1313; x_wconf 90' lang='lat' dir='ltr'>ad</span> <span class='ocrx_word' id='word_1_164' title='bbox 576 1292 665 1321; x_wconf 78' lang='lat' dir='ltr'>unS,</span> <span class='ocrx_word' id='word_1_165' title='bbox 682 1282 743 1313; x_wconf 88' lang='lat' dir='ltr'>&amp;c.</span> <span class='ocrx_word' id='word_1_166' title='bbox 763 1281 897 1313; x_wconf 79' lang='lat' dir='ltr'>Salutem.</span> 
     </span>
    </p>
   </div>
   <div class='ocr_carea' id='block_1_7' title="bbox 40 1319 1258 1555">
    <p class='ocr_par' dir='ltr' id='par_1_7' title="bbox 40 1319 1258 1518">
     <span class='ocr_line' id='line_1_23' title="bbox 62 1319 1256 1367; baseline 0 -15"><span class='ocrx_word' id='word_1_167' title='bbox 62 1336 148 1367; x_wconf 76' lang='lat'>1337,</span> <span class='ocrx_word' id='word_1_168' title='bbox 297 1322 467 1360; x_wconf 80' lang='lat' dir='ltr'>Inspeximus</span> <span class='ocrx_word' id='word_1_169' title='bbox 496 1321 601 1352; x_wconf 84' lang='lat' dir='ltr'>Literas</span> <span class='ocrx_word' id='word_1_170' title='bbox 626 1320 781 1358; x_wconf 77' lang='lat' dir='ltr'>patentes,</span> <span class='ocrx_word' id='word_1_171' title='bbox 803 1319 980 1350; x_wconf 70' lang='lat' dir='ltr'>‘Venerabilis</span> <span class='ocrx_word' id='word_1_172' title='bbox 1002 1319 1089 1351; x_wconf 90' lang='lat' dir='ltr'>Patris</span> <span class='ocrx_word' id='word_1_173' title='bbox 1102 1343 1112 1359; x_wconf 82' lang='lat'>,</span> <span class='ocrx_word' id='word_1_174' title='bbox 1135 1320 1256 1352; x_wconf 90' lang='lat' dir='ltr'>Henrici</span> 
     </span>
     <span class='ocr_line' id='line_1_24' title="bbox 41 1358 1258 1398; baseline -0.003 -4"><span class='ocrx_word' id='word_1_175' title='bbox 41 1370 94 1395; x_wconf 78' lang='lat' dir='ltr'>An.</span> <span class='ocrx_word' id='word_1_176' title='bbox 114 1376 153 1393; x_wconf 87' lang='lat' dir='ltr'>ii.</span> <span class='ocrx_word' id='word_1_177' title='bbox 196 1360 403 1392; x_wconf 81' lang='lat' dir='ltr'>Lincolnienfis</span> <span class='ocrx_word' id='word_1_178' title='bbox 423 1360 556 1398; x_wconf 77' lang='lat' dir='ltr'><strong>Episcopi</strong></span> <span class='ocrx_word' id='word_1_179' title='bbox 570 1383 580 1397; x_wconf 89' lang='lat'>,</span> <span class='ocrx_word' id='word_1_180' title='bbox 605 1360 656 1398; x_wconf 70' lang='grc' dir='ltr'>ὃς,</span> <span class='ocrx_word' id='word_1_181' title='bbox 674 1358 856 1389; x_wconf 68' lang='grc' dir='ltr'><strong>Βί1εὲὶοηιῐη</strong></span> <span class='ocrx_word' id='word_1_182' title='bbox 871 1359 904 1389; x_wconf 88' lang='lat'>&amp;</span> <span class='ocrx_word' id='word_1_183' title='bbox 918 1358 1056 1388; x_wconf 88' lang='lat' dir='ltr'>Fidelium</span> <span class='ocrx_word' id='word_1_184' title='bbox 1072 1358 1258 1398; x_wconf 88' lang='lat' dir='ltr'>nostrorum,</span> 
     </span>
     <span class='ocr_line' id='line_1_25' title="bbox 40 1396 1257 1440; baseline -0.003 -8"><span class='ocrx_word' id='word_1_185' title='bbox 40 1410 63 1432; x_wconf 77' lang='grc' dir='ltr'><strong><em>Ε</em></strong></span> <span class='ocrx_word' id='word_1_186' title='bbox 94 1414 118 1440; x_wconf 82' lang='lat'>3.</span> <span class='ocrx_word' id='word_1_187' title='bbox 195 1399 346 1430; x_wconf 74' lang='lat' dir='ltr'>willielmi</span> <span class='ocrx_word' id='word_1_188' title='bbox 365 1400 400 1429; x_wconf 89' lang='lat' dir='ltr'>de</span> <span class='ocrx_word' id='word_1_189' title='bbox 423 1399 529 1429; x_wconf 85' lang='lat' dir='ltr'>Monte</span> <span class='ocrx_word' id='word_1_190' title='bbox 551 1398 647 1428; x_wconf 84' lang='lat' dir='ltr'>Acuto</span> <span class='ocrx_word' id='word_1_191' title='bbox 661 1422 671 1434; x_wconf 83' lang='lat'>,</span> <span class='ocrx_word' id='word_1_192' title='bbox 696 1397 794 1428; x_wconf 75' lang='lat' dir='ltr'>Sarum</span> <span class='ocrx_word' id='word_1_193' title='bbox 809 1420 818 1435; x_wconf 81' lang='lat'>,</span> <span class='ocrx_word' id='word_1_194' title='bbox 843 1398 876 1429; x_wconf 73' lang='grc' dir='ltr'>δε</span> <span class='ocrx_word' id='word_1_195' title='bbox 897 1396 1049 1428; x_wconf 88' lang='lat' dir='ltr'>Willielmi</span> <span class='ocrx_word' id='word_1_196' title='bbox 1061 1397 1097 1428; x_wconf 91' lang='lat' dir='ltr'>de</span> <span class='ocrx_word' id='word_1_197' title='bbox 1110 1397 1257 1438; x_wconf 82' lang='lat' dir='ltr'>Clynton,</span> 
     </span>
     <span class='ocr_line' id='line_1_26' title="bbox 40 1435 1257 1480; baseline 0 -12"><span class='ocrx_word' id='word_1_198' title='bbox 40 1443 159 1471; x_wconf 73' lang='lat' dir='ltr'>Aleman,</span> <span class='ocrx_word' id='word_1_199' title='bbox 196 1437 399 1480; x_wconf 82' lang='lat' dir='ltr'>Huntyngdon</span> <span class='ocrx_word' id='word_1_200' title='bbox 412 1461 422 1475; x_wconf 78' lang='lat'>,</span> <span class='ocrx_word' id='word_1_201' title='bbox 447 1437 597 1467; x_wconf 83' lang='lat' dir='ltr'>Comitum</span> <span class='ocrx_word' id='word_1_202' title='bbox 613 1460 622 1475; x_wconf 95' lang='lat'>,</span> <span class='ocrx_word' id='word_1_203' title='bbox 640 1436 676 1466; x_wconf 93' lang='lat' dir='ltr'>N</span> <span class='ocrx_word' id='word_1_204' title='bbox 679 1437 830 1466; x_wconf 86' lang='lat' dir='ltr'>unciorum</span> <span class='ocrx_word' id='word_1_205' title='bbox 844 1435 1024 1474; x_wconf 83' lang='lat' dir='ltr'>nostrorum,</span> <span class='ocrx_word' id='word_1_206' title='bbox 1042 1446 1132 1475; x_wconf 86' lang='lat' dir='ltr'>nuper</span> <span class='ocrx_word' id='word_1_207' title='bbox 1144 1437 1179 1468; x_wconf 91' lang='lat' dir='ltr'>ad</span> <span class='ocrx_word' id='word_1_208' title='bbox 1195 1447 1257 1476; x_wconf 88' lang='lat' dir='ltr'>par-</span> 
     </span>
     <span class='ocr_line' id='line_1_27' title="bbox 46 1475 884 1518; baseline -0.005 -10"><span class='ocrx_word' id='word_1_209' title='bbox 46 1491 87 1508; x_wconf 86' lang='lat' dir='ltr'>ii.</span> <span class='ocrx_word' id='word_1_210' title='bbox 105 1486 134 1508; x_wconf 80' lang='grc' dir='ltr'>Ε.</span> <span class='ocrx_word' id='word_1_211' title='bbox 151 1491 177 1518; x_wconf 87' lang='lat'>3.</span> <span class='ocrx_word' id='word_1_212' title='bbox 198 1484 238 1508; x_wconf 88' lang='lat' dir='ltr'>tes</span> <span class='ocrx_word' id='word_1_213' title='bbox 252 1477 462 1508; x_wconf 76' lang='lat' dir='ltr'>Tranimarinas</span> <span class='ocrx_word' id='word_1_214' title='bbox 473 1476 642 1514; x_wconf 84' lang='lat' dir='ltr'>missorum,</span> <span class='ocrx_word' id='word_1_215' title='bbox 661 1485 691 1505; x_wconf 87' lang='lat' dir='ltr'>m</span> <span class='ocrx_word' id='word_1_216' title='bbox 705 1475 768 1506; x_wconf 80' lang='lat' dir='ltr'>haec</span> <span class='ocrx_word' id='word_1_217' title='bbox 781 1475 884 1513; x_wconf 87' lang='lat' dir='ltr'>verba,</span> 
     </span>
    </p>

    <p class='ocr_par' dir='ltr' id='par_1_8' title="bbox 41 1529 124 1555">
     <span class='ocr_line' id='line_1_28' title="bbox 41 1529 124 1555; baseline 0.012 -9"><span class='ocrx_word' id='word_1_218' title='bbox 41 1529 78 1547; x_wconf 80' lang='lat' dir='ltr'>m.</span> <span class='ocrx_word' id='word_1_219' title='bbox 95 1530 124 1555; x_wconf 86' lang='lat'>9.</span> 
     </span>
    </p>
   </div>
   <div class='ocr_carea' id='block_1_8' title="bbox 192 1550 1256 1631">
    <p class='ocr_par' dir='ltr' id='par_1_9' title="bbox 192 1550 1256 1631">
     <span class='ocr_line' id='line_1_29' title="bbox 231 1550 1256 1622; baseline -0.002 -36"><span class='ocrx_word' id='word_1_220' title='bbox 231 1554 300 1586; x_wconf 89' lang='lat' dir='ltr'>Nos</span> <span class='ocrx_word' id='word_1_221' title='bbox 314 1553 473 1622; x_wconf 53' lang='lat' dir='ltr'>Helnqricus,</span> <span class='ocrx_word' id='word_1_222' title='bbox 489 1551 676 1583; x_wconf 87' lang='lat' dir='ltr'>Permissione</span> <span class='ocrx_word' id='word_1_223' title='bbox 690 1551 798 1584; x_wconf 66' lang='lat' dir='ltr'>Divinfi</span> <span class='ocrx_word' id='word_1_224' title='bbox 812 1576 822 1591; x_wconf 95' lang='lat'>,</span> <span class='ocrx_word' id='word_1_225' title='bbox 839 1550 900 1588; x_wconf 79' lang='lat' dir='ltr'>&amp;c.</span> <span class='ocrx_word' id='word_1_226' title='bbox 919 1559 951 1582; x_wconf 87' lang='lat' dir='ltr'>ut</span> <span class='ocrx_word' id='word_1_227' title='bbox 956 1550 1061 1592; x_wconf 74' lang='lat' dir='ltr'>fhpra,</span> <span class='ocrx_word' id='word_1_228' title='bbox 1078 1553 1138 1583; x_wconf 87' lang='lat' dir='ltr'>dat.</span> <span class='ocrx_word' id='word_1_229' title='bbox 1157 1553 1256 1584; x_wconf 87' lang='lat' dir='ltr'>Valen-</span> 
     </span>
     <span class='ocr_line' id='line_1_30' title="bbox 192 1595 438 1631; baseline -0.008 -8"><span class='ocrx_word' id='word_1_230' title='bbox 192 1597 280 1623; x_wconf 66' lang='lat' dir='ltr'>ciani:</span> <span class='ocrx_word' id='word_1_231' title='bbox 298 1601 330 1631; x_wconf 87' lang='lat'>15</span> <span class='ocrx_word' id='word_1_232' title='bbox 391 1595 438 1622; x_wconf 77' lang='lat' dir='ltr'>aii.</span> 
     </span>
    </p>
   </div>
   <div class='ocr_carea' id='block_1_9' title="bbox 192 1667 1259 2018">
    <p class='ocr_par' dir='ltr' id='par_1_10' title="bbox 193 1667 1259 1895">
     <span class='ocr_line' id='line_1_31' title="bbox 230 1667 1258 1709; baseline 0 -8"><span class='ocrx_word' id='word_1_233' title='bbox 230 1670 301 1701; x_wconf 88' lang='lat' dir='ltr'>Nos</span> <span class='ocrx_word' id='word_1_234' title='bbox 320 1678 416 1701; x_wconf 85' lang='lat' dir='ltr'>autem</span> <span class='ocrx_word' id='word_1_235' title='bbox 430 1692 440 1708; x_wconf 90' lang='lat'>,</span> <span class='ocrx_word' id='word_1_236' title='bbox 462 1669 559 1700; x_wconf 85' lang='lat' dir='ltr'>omnia</span> <span class='ocrx_word' id='word_1_237' title='bbox 579 1668 612 1699; x_wconf 90' lang='lat'>&amp;</span> <span class='ocrx_word' id='word_1_238' title='bbox 637 1667 739 1707; x_wconf 79' lang='lat' dir='ltr'>singula</span> <span class='ocrx_word' id='word_1_239' title='bbox 755 1692 765 1707; x_wconf 97' lang='lat'>,</span> <span class='ocrx_word' id='word_1_240' title='bbox 783 1668 812 1698; x_wconf 87' lang='lat' dir='ltr'>in</span> <span class='ocrx_word' id='word_1_241' title='bbox 828 1668 912 1699; x_wconf 65' lang='lat' dir='ltr'>dictis</span> <span class='ocrx_word' id='word_1_242' title='bbox 926 1668 1026 1700; x_wconf 87' lang='lat' dir='ltr'>Literis</span> <span class='ocrx_word' id='word_1_243' title='bbox 1039 1678 1192 1709; x_wconf 88' lang='lat' dir='ltr'>contenta,</span> <span class='ocrx_word' id='word_1_244' title='bbox 1209 1680 1258 1702; x_wconf 88' lang='lat' dir='ltr'>ac-</span> 
     </span>
     <span class='ocr_line' id='line_1_32' title="bbox 193 1706 1256 1748; baseline -0.002 -7"><span class='ocrx_word' id='word_1_245' title='bbox 193 1718 337 1748; x_wconf 85' lang='lat' dir='ltr'>ceptantes</span> <span class='ocrx_word' id='word_1_246' title='bbox 353 1732 362 1747; x_wconf 88' lang='lat'>‚</span> <span class='ocrx_word' id='word_1_247' title='bbox 386 1719 418 1738; x_wconf 91' lang='lat' dir='ltr'>ea</span> <span class='ocrx_word' id='word_1_248' title='bbox 433 1732 442 1745; x_wconf 92' lang='lat'>,</span> <span class='ocrx_word' id='word_1_249' title='bbox 467 1715 601 1746; x_wconf 87' lang='lat' dir='ltr'>quatenus</span> <span class='ocrx_word' id='word_1_250' title='bbox 622 1706 656 1737; x_wconf 87' lang='lat' dir='ltr'>ad</span> <span class='ocrx_word' id='word_1_251' title='bbox 678 1707 746 1737; x_wconf 86' lang='lat' dir='ltr'>Nos</span> <span class='ocrx_word' id='word_1_252' title='bbox 768 1708 930 1745; x_wconf 88' lang='lat' dir='ltr'>pertinent,</span> <span class='ocrx_word' id='word_1_253' title='bbox 949 1718 1048 1738; x_wconf 85' lang='lat' dir='ltr'>tenore</span> <span class='ocrx_word' id='word_1_254' title='bbox 1061 1709 1256 1747; x_wconf 82' lang='lat' dir='ltr'>praesentium,</span> 
     </span>
     <span class='ocr_line' id='line_1_33' title="bbox 193 1745 1258 1785; baseline -0.001 -6"><span class='ocrx_word' id='word_1_255' title='bbox 193 1748 377 1780; x_wconf 78' lang='lat' dir='ltr'>Ratificamus</span> <span class='ocrx_word' id='word_1_256' title='bbox 391 1770 400 1785; x_wconf 84' lang='lat'>‚</span> <span class='ocrx_word' id='word_1_257' title='bbox 422 1746 621 1784; x_wconf 84' lang='lat' dir='ltr'>Approbamus</span> <span class='ocrx_word' id='word_1_258' title='bbox 635 1769 645 1783; x_wconf 93' lang='lat'>,</span> <span class='ocrx_word' id='word_1_259' title='bbox 668 1745 701 1776; x_wconf 87' lang='lat'>&amp;</span> <span class='ocrx_word' id='word_1_260' title='bbox 717 1745 929 1776; x_wconf 85' lang='lat' dir='ltr'>Confirmamus</span> <span class='ocrx_word' id='word_1_261' title='bbox 943 1758 952 1784; x_wconf 73' lang='lat'>3</span> <span class='ocrx_word' id='word_1_262' title='bbox 972 1745 1175 1777; x_wconf 81' lang='lat' dir='ltr'>promittentes</span> <span class='ocrx_word' id='word_1_263' title='bbox 1189 1748 1258 1778; x_wconf 88' lang='lat' dir='ltr'>Nos</span> 
     </span>
     <span class='ocr_line' id='line_1_34' title="bbox 194 1783 1259 1825; baseline -0.001 -8"><span class='ocrx_word' id='word_1_264' title='bbox 194 1797 250 1825; x_wconf 78' lang='lat' dir='ltr'>pro</span> <span class='ocrx_word' id='word_1_265' title='bbox 264 1786 363 1817; x_wconf 90' lang='lat' dir='ltr'>Nobis</span> <span class='ocrx_word' id='word_1_266' title='bbox 377 1787 410 1817; x_wconf 88' lang='lat'>&amp;</span> <span class='ocrx_word' id='word_1_267' title='bbox 427 1784 597 1815; x_wconf 75' lang='lat' dir='ltr'>Haeredibus</span> <span class='ocrx_word' id='word_1_268' title='bbox 613 1783 730 1821; x_wconf 85' lang='lat' dir='ltr'>nostris,</span> <span class='ocrx_word' id='word_1_269' title='bbox 750 1783 890 1821; x_wconf 78' lang='lat' dir='ltr'>praemissa</span> <span class='ocrx_word' id='word_1_270' title='bbox 905 1807 914 1822; x_wconf 81' lang='lat'>,</span> <span class='ocrx_word' id='word_1_271' title='bbox 932 1794 1016 1822; x_wconf 90' lang='lat' dir='ltr'>prout</span> <span class='ocrx_word' id='word_1_272' title='bbox 1032 1784 1154 1822; x_wconf 75' lang='lat' dir='ltr'>superius</span> <span class='ocrx_word' id='word_1_273' title='bbox 1168 1787 1259 1825; x_wconf 85' lang='lat' dir='ltr'>expri-</span> 
     </span>
     <span class='ocr_line' id='line_1_35' title="bbox 194 1822 1258 1862; baseline 0 -7"><span class='ocrx_word' id='word_1_274' title='bbox 194 1833 328 1862; x_wconf 84' lang='lat' dir='ltr'>muntur,</span> <span class='ocrx_word' id='word_1_275' title='bbox 347 1825 379 1856; x_wconf 85' lang='lat'>&amp;</span> <span class='ocrx_word' id='word_1_276' title='bbox 395 1823 463 1854; x_wconf 88' lang='lat' dir='ltr'>Nos</span> <span class='ocrx_word' id='word_1_277' title='bbox 479 1831 673 1861; x_wconf 82' lang='lat' dir='ltr'>concernunt,</span> <span class='ocrx_word' id='word_1_278' title='bbox 691 1822 723 1853; x_wconf 75' lang='grc' dir='ltr'>ὃε</span> <span class='ocrx_word' id='word_1_279' title='bbox 738 1832 911 1853; x_wconf 86' lang='lat' dir='ltr'>concernere</span> <span class='ocrx_word' id='word_1_280' title='bbox 932 1831 1067 1861; x_wconf 89' lang='lat' dir='ltr'>poterunt</span> <span class='ocrx_word' id='word_1_281' title='bbox 1081 1846 1092 1862; x_wconf 90' lang='lat'>,</span> <span class='ocrx_word' id='word_1_282' title='bbox 1109 1824 1258 1856; x_wconf 87' lang='lat' dir='ltr'>inviolabi-</span> 
     </span>
     <span class='ocr_line' id='line_1_36' title="bbox 194 1864 427 1895; baseline -0.013 -1"><span class='ocrx_word' id='word_1_283' title='bbox 194 1864 257 1895; x_wconf 87' lang='lat' dir='ltr'>liter</span> <span class='ocrx_word' id='word_1_284' title='bbox 271 1864 427 1894; x_wconf 82' lang='lat' dir='ltr'>observare.</span> 
     </span>
    </p>

    <p class='ocr_par' dir='ltr' id='par_1_11' title="bbox 270 1901 491 1940">
     <span class='ocr_line' id='line_1_37' title="bbox 270 1901 491 1940; baseline -0.014 -8"><span class='ocrx_word' id='word_1_285' title='bbox 270 1902 303 1932; x_wconf 88' lang='lat' dir='ltr'>In</span> <span class='ocrx_word' id='word_1_286' title='bbox 317 1902 413 1940; x_wconf 79' lang='lat' dir='ltr'>cujus,</span> <span class='ocrx_word' id='word_1_287' title='bbox 431 1901 491 1932; x_wconf 90' lang='lat' dir='ltr'>&amp;c.</span> 
     </span>
    </p>

    <p class='ocr_par' dir='ltr' id='par_1_12' title="bbox 231 1937 1259 1980">
     <span class='ocr_line' id='line_1_38' title="bbox 231 1937 1259 1980; baseline 0.001 -10"><span class='ocrx_word' id='word_1_288' title='bbox 231 1940 297 1971; x_wconf 71' lang='lat' dir='ltr'>Dat.</span> <span class='ocrx_word' id='word_1_289' title='bbox 315 1939 387 1977; x_wconf 81' lang='lat' dir='ltr'>apud</span> <span class='ocrx_word' id='word_1_290' title='bbox 401 1937 707 1977; x_wconf 64' lang='lat' dir='ltr'>NVestmonasterfflm,</span> <span class='ocrx_word' id='word_1_291' title='bbox 726 1937 862 1970; x_wconf 84' lang='lat' dir='ltr'>vicesimo</span> <span class='ocrx_word' id='word_1_292' title='bbox 875 1938 952 1970; x_wconf 79' lang='lat' dir='ltr'>sexto</span> <span class='ocrx_word' id='word_1_293' title='bbox 969 1938 1014 1970; x_wconf 89' lang='lat' dir='ltr'>die</span> <span class='ocrx_word' id='word_1_294' title='bbox 1030 1939 1178 1980; x_wconf 84' lang='lat' dir='ltr'>Augusti,</span> <span class='ocrx_word' id='word_1_295' title='bbox 1196 1940 1259 1972; x_wconf 90' lang='lat' dir='ltr'>An-</span> 
     </span>
    </p>

    <p class='ocr_par' dir='ltr' id='par_1_13' title="bbox 192 1977 521 2018">
     <span class='ocr_line' id='line_1_39' title="bbox 192 1977 521 2018; baseline -0.009 -8"><span class='ocrx_word' id='word_1_296' title='bbox 192 1989 233 2010; x_wconf 89' lang='lat' dir='ltr'>no</span> <span class='ocrx_word' id='word_1_297' title='bbox 246 1978 343 2018; x_wconf 82' lang='lat' dir='ltr'>Regni</span> <span class='ocrx_word' id='word_1_298' title='bbox 356 1977 521 2008; x_wconf 89' lang='lat' dir='ltr'>undecimo.</span> 
     </span>
    </p>
   </div>
   <div class='ocr_carea' id='block_1_10' title="bbox 184 2053 1258 2328">
    <p class='ocr_par' dir='ltr' id='par_1_14' title="bbox 193 2053 1257 2125">
     <span class='ocr_line' id='line_1_40' title="bbox 230 2053 1257 2096; baseline 0.003 -11"><span class='ocrx_word' id='word_1_299' title='bbox 230 2055 330 2085; x_wconf 86' lang='lat' dir='ltr'>Eodem</span> <span class='ocrx_word' id='word_1_300' title='bbox 352 2055 426 2085; x_wconf 81' lang='lat' dir='ltr'>modo</span> <span class='ocrx_word' id='word_1_301' title='bbox 447 2053 622 2096; x_wconf 61' lang='lat' dir='ltr'>ratificantur</span> <span class='ocrx_word' id='word_1_302' title='bbox 642 2056 838 2085; x_wconf 84' lang='lat' dir='ltr'>Conventiones</span> <span class='ocrx_word' id='word_1_303' title='bbox 860 2055 919 2085; x_wconf 86' lang='lat' dir='ltr'>dat.</span> <span class='ocrx_word' id='word_1_304' title='bbox 938 2056 1013 2094; x_wconf 79' lang='lat' dir='ltr'>apud</span> <span class='ocrx_word' id='word_1_305' title='bbox 1023 2055 1201 2087; x_wconf 76' lang='lat' dir='ltr'>Valentianas</span> <span class='ocrx_word' id='word_1_306' title='bbox 1221 2067 1257 2088; x_wconf 88' lang='lat'>12</span> 
     </span>
     <span class='ocr_line' id='line_1_41' title="bbox 193 2097 277 2125; baseline -0.024 0"><span class='ocrx_word' id='word_1_307' title='bbox 193 2097 277 2125; x_wconf 79' lang='lat' dir='ltr'>Maii.</span> 
     </span>
    </p>

    <p class='ocr_par' dir='ltr' id='par_1_15' title="bbox 184 2129 1258 2211">
     <span class='ocr_line' id='line_1_42' title="bbox 230 2129 1258 2173; baseline 0.003 -10"><span class='ocrx_word' id='word_1_308' title='bbox 230 2133 331 2163; x_wconf 83' lang='lat' dir='ltr'>Eodem</span> <span class='ocrx_word' id='word_1_309' title='bbox 346 2131 420 2162; x_wconf 86' lang='lat' dir='ltr'>modo</span> <span class='ocrx_word' id='word_1_310' title='bbox 432 2130 608 2171; x_wconf 67' lang='lat' dir='ltr'>ratificantur</span> <span class='ocrx_word' id='word_1_311' title='bbox 623 2129 738 2170; x_wconf 67' lang='lat' dir='ltr'>diversa·</span> <span class='ocrx_word' id='word_1_312' title='bbox 753 2135 950 2163; x_wconf 82' lang='lat' dir='ltr'>Conventiones</span> <span class='ocrx_word' id='word_1_313' title='bbox 964 2134 1039 2164; x_wconf 82' lang='lat' dir='ltr'>datae</span> <span class='ocrx_word' id='word_1_314' title='bbox 1055 2135 1130 2173; x_wconf 82' lang='lat' dir='ltr'>apud</span> <span class='ocrx_word' id='word_1_315' title='bbox 1135 2136 1258 2166; x_wconf 81' lang='lat' dir='ltr'>Franke-</span> 
     </span>
     <span class='ocr_line' id='line_1_43' title="bbox 184 2169 817 2211; baseline -0.002 -10"><span class='ocrx_word' id='word_1_316' title='bbox 184 2170 258 2211; x_wconf 76' lang='lat' dir='ltr'>fird</span> <span class='ocrx_word' id='word_1_317' title='bbox 269 2171 362 2201; x_wconf 83' lang='lat' dir='ltr'>ultimo</span> <span class='ocrx_word' id='word_1_318' title='bbox 376 2171 418 2200; x_wconf 77' lang='lat' dir='ltr'>die</span> <span class='ocrx_word' id='word_1_319' title='bbox 430 2170 515 2209; x_wconf 67' lang='lat' dir='ltr'>Junit&#39;</span> <span class='ocrx_word' id='word_1_320' title='bbox 528 2169 566 2205; x_wconf 70' lang='lat'>&amp;⁴</span> <span class='ocrx_word' id='word_1_321' title='bbox 580 2174 660 2200; x_wconf 74' lang='lat' dir='ltr'>tertio</span> <span class='ocrx_word' id='word_1_322' title='bbox 674 2171 716 2200; x_wconf 81' lang='lat' dir='ltr'>die</span> <span class='ocrx_word' id='word_1_323' title='bbox 731 2169 817 2208; x_wconf 72' lang='lat' dir='ltr'>Julii.</span> 
     </span>
    </p>

    <p class='ocr_par' dir='ltr' id='par_1_16' title="bbox 192 2209 1256 2287">
     <span class='ocr_line' id='line_1_44' title="bbox 230 2209 1256 2250; baseline 0.003 -10"><span class='ocrx_word' id='word_1_324' title='bbox 230 2213 302 2240; x_wconf 81' lang='lat' dir='ltr'>Item</span> <span class='ocrx_word' id='word_1_325' title='bbox 316 2212 510 2239; x_wconf 75' lang='lat' dir='ltr'>Conventiones</span> <span class='ocrx_word' id='word_1_326' title='bbox 525 2209 584 2238; x_wconf 80' lang='lat' dir='ltr'>dat.</span> <span class='ocrx_word' id='word_1_327' title='bbox 602 2211 676 2247; x_wconf 82' lang='lat' dir='ltr'>apud</span> <span class='ocrx_word' id='word_1_328' title='bbox 689 2211 778 2239; x_wconf 80' lang='lat' dir='ltr'>colon.</span> <span class='ocrx_word' id='word_1_329' title='bbox 793 2211 901 2249; x_wconf 81' lang='lat' dir='ltr'>septimo</span> <span class='ocrx_word' id='word_1_330' title='bbox 915 2211 956 2241; x_wconf 78' lang='lat' dir='ltr'>die</span> <span class='ocrx_word' id='word_1_331' title='bbox 971 2210 1065 2250; x_wconf 77' lang='lat' dir='ltr'>Julii‚</span> <span class='ocrx_word' id='word_1_332' title='bbox 1083 2211 1256 2247; x_wconf 80' lang='lat' dir='ltr'>&amp;Conven-</span> 
     </span>
     <span class='ocr_line' id='line_1_45' title="bbox 192 2246 808 2287; baseline -0.002 -8"><span class='ocrx_word' id='word_1_333' title='bbox 192 2253 276 2279; x_wconf 75' lang='lat' dir='ltr'>tiones</span> <span class='ocrx_word' id='word_1_334' title='bbox 288 2249 348 2278; x_wconf 87' lang='lat' dir='ltr'>dat.</span> <span class='ocrx_word' id='word_1_335' title='bbox 366 2249 440 2287; x_wconf 86' lang='lat' dir='ltr'>apud</span> <span class='ocrx_word' id='word_1_336' title='bbox 450 2246 538 2278; x_wconf 84' lang='lat' dir='ltr'>Colon.</span> <span class='ocrx_word' id='word_1_337' title='bbox 557 2249 654 2278; x_wconf 83' lang='lat' dir='ltr'>decimo</span> <span class='ocrx_word' id='word_1_338' title='bbox 667 2249 709 2278; x_wconf 83' lang='lat' dir='ltr'>die</span> <span class='ocrx_word' id='word_1_339' title='bbox 723 2247 808 2286; x_wconf 76' lang='lat' dir='ltr'>Julii.</span> 
     </span>
    </p>

    <p class='ocr_par' dir='ltr' id='par_1_17' title="bbox 229 2287 1200 2328">
     <span class='ocr_line' id='line_1_46' title="bbox 229 2287 1200 2328; baseline 0.002 -11"><span class='ocrx_word' id='word_1_340' title='bbox 229 2291 301 2318; x_wconf 76' lang='lat' dir='ltr'>Item</span> <span class='ocrx_word' id='word_1_341' title='bbox 317 2290 512 2317; x_wconf 74' lang='lat' dir='ltr'>Conventiones</span> <span class='ocrx_word' id='word_1_342' title='bbox 526 2287 585 2317; x_wconf 85' lang='lat' dir='ltr'>dat.</span> <span class='ocrx_word' id='word_1_343' title='bbox 601 2287 675 2325; x_wconf 87' lang='lat' dir='ltr'>apud</span> <span class='ocrx_word' id='word_1_344' title='bbox 685 2288 842 2318; x_wconf 82' lang='lat' dir='ltr'>Ruremond</span> <span class='ocrx_word' id='word_1_345' title='bbox 851 2288 949 2318; x_wconf 82' lang='lat' dir='ltr'>decimo</span> <span class='ocrx_word' id='word_1_346' title='bbox 963 2292 1044 2319; x_wconf 78' lang='lat' dir='ltr'>tertio</span> <span class='ocrx_word' id='word_1_347' title='bbox 1059 2289 1100 2318; x_wconf 83' lang='lat' dir='ltr'>die</span> <span class='ocrx_word' id='word_1_348' title='bbox 1114 2289 1200 2328; x_wconf 77' lang='lat' dir='ltr'>Julii.</span> 
     </span>
    </p>
   </div>
   <div class='ocr_carea' id='block_1_11' title="bbox 668 2365 1240 2374">
    <p class='ocr_par' dir='ltr' id='par_1_18' title="bbox 668 2365 1240 2374">
     <span class='ocr_line' id='line_1_47' title="bbox 668 2365 1240 2374; baseline 0 0"><span class='ocrx_word' id='word_1_349' title='bbox 668 2365 1240 2374; x_wconf 95' lang='lat' dir='ltr'> </span> 
     </span>
    </p>
   </div>
   <div class='ocr_carea' id='block_1_12' title="bbox 219 2412 1234 2508">
    <p class='ocr_par' dir='ltr' id='par_1_19' title="bbox 219 2412 1234 2508">
     <span class='ocr_line' id='line_1_48' title="bbox 219 2412 1234 2459; baseline 0.006 -14"><span class='ocrx_word' id='word_1_350' title='bbox 219 2413 424 2456; x_wconf 75' lang='lat' dir='ltr'>Confimilium</span> <span class='ocrx_word' id='word_1_351' title='bbox 454 2414 694 2445; x_wconf 80' lang='lat' dir='ltr'>Conventionum</span> <span class='ocrx_word' id='word_1_352' title='bbox 717 2437 727 2453; x_wconf 89' lang='lat'>‚</span> <span class='ocrx_word' id='word_1_353' title='bbox 756 2424 810 2459; x_wconf 85' lang='lat' dir='ltr'>per</span> <span class='ocrx_word' id='word_1_354' title='bbox 835 2412 947 2458; x_wconf 77' lang='lat' dir='ltr'>eosdem</span> <span class='ocrx_word' id='word_1_355' title='bbox 967 2415 1101 2447; x_wconf 83' lang='lat' dir='ltr'>Nuncios</span> <span class='ocrx_word' id='word_1_356' title='bbox 1119 2417 1234 2451; x_wconf 84' lang='lat' dir='ltr'>Gallice</span> 
     </span>
     <span class='ocr_line' id='line_1_49' title="bbox 440 2460 1004 2508; baseline 0.004 -15"><span class='ocrx_word' id='word_1_357' title='bbox 440 2460 686 2505; x_wconf 64' lang='lat' dir='ltr'>transiifbarum,</span> <span class='ocrx_word' id='word_1_358' title='bbox 712 2464 802 2508; x_wconf 75' lang='lat' dir='ltr'>Regis</span> <span class='ocrx_word' id='word_1_359' title='bbox 820 2461 1004 2507; x_wconf 72' lang='lat' dir='ltr'>Ratificatio.</span> 
     </span>
    </p>
   </div>
   <div class='ocr_carea' id='block_1_13' title="bbox 41 2544 1259 2663">
    <p class='ocr_par' dir='ltr' id='par_1_20' title="bbox 41 2544 1259 2663">
     <span class='ocr_line' id='line_1_50' title="bbox 42 2544 1259 2588; baseline 0.002 -9"><span class='ocrx_word' id='word_1_360' title='bbox 42 2547 119 2579; x_wconf 80' lang='lat' dir='ltr'>Ann.</span> <span class='ocrx_word' id='word_1_361' title='bbox 129 2546 171 2577; x_wconf 93' lang='lat' dir='ltr'>D.</span> <span class='ocrx_word' id='word_1_362' title='bbox 256 2545 367 2578; x_wconf 87' lang='lat' dir='ltr'>Dward</span> <span class='ocrx_word' id='word_1_363' title='bbox 376 2570 386 2584; x_wconf 85' lang='lat'>,</span> <span class='ocrx_word' id='word_1_364' title='bbox 403 2555 452 2583; x_wconf 82' lang='lat' dir='ltr'>par</span> <span class='ocrx_word' id='word_1_365' title='bbox 465 2544 491 2576; x_wconf 88' lang='lat' dir='ltr'>la</span> <span class='ocrx_word' id='word_1_366' title='bbox 505 2554 590 2583; x_wconf 82' lang='lat' dir='ltr'>grace</span> <span class='ocrx_word' id='word_1_367' title='bbox 604 2545 639 2575; x_wconf 86' lang='lat' dir='ltr'>de</span> <span class='ocrx_word' id='word_1_368' title='bbox 652 2545 728 2576; x_wconf 88' lang='lat' dir='ltr'>Dieu</span> <span class='ocrx_word' id='word_1_369' title='bbox 737 2545 814 2585; x_wconf 86' lang='lat' dir='ltr'>,Roi</span> <span class='ocrx_word' id='word_1_370' title='bbox 828 2546 1043 2587; x_wconf 88' lang='lat' dir='ltr'>d’Angleterre,</span> <span class='ocrx_word' id='word_1_371' title='bbox 1057 2547 1175 2588; x_wconf 83' lang='lat' dir='ltr'>Seignur</span> <span class='ocrx_word' id='word_1_372' title='bbox 1187 2550 1259 2581; x_wconf 84' lang='lat' dir='ltr'>d&#39;Ir-</span> 
     </span>
     <span class='ocr_line' id='line_1_51' title="bbox 65 2583 1259 2627; baseline 0.003 -10"><span class='ocrx_word' id='word_1_373' title='bbox 65 2595 151 2627; x_wconf 78' lang='lat'><em>1337.</em></span> <span class='ocrx_word' id='word_1_374' title='bbox 275 2585 339 2616; x_wconf 90' lang='lat' dir='ltr'>land</span> <span class='ocrx_word' id='word_1_375' title='bbox 351 2608 362 2624; x_wconf 84' lang='lat'>,</span> <span class='ocrx_word' id='word_1_376' title='bbox 386 2585 419 2616; x_wconf 90' lang='lat'>&amp;</span> <span class='ocrx_word' id='word_1_377' title='bbox 441 2583 522 2614; x_wconf 90' lang='lat' dir='ltr'>Ducs</span> <span class='ocrx_word' id='word_1_378' title='bbox 541 2584 705 2622; x_wconf 82' lang='lat' dir='ltr'>d’Aquitain</span> <span class='ocrx_word' id='word_1_379' title='bbox 718 2607 729 2624; x_wconf 89' lang='lat'>,</span> <span class='ocrx_word' id='word_1_380' title='bbox 755 2595 770 2615; x_wconf 92' lang='lat' dir='ltr'>a</span> <span class='ocrx_word' id='word_1_381' title='bbox 788 2593 860 2616; x_wconf 87' lang='lat' dir='ltr'>touz</span> <span class='ocrx_word' id='word_1_382' title='bbox 876 2595 958 2625; x_wconf 85' lang='lat' dir='ltr'>cens,</span> <span class='ocrx_word' id='word_1_383' title='bbox 976 2588 1025 2625; x_wconf 90' lang='lat' dir='ltr'>qui</span> <span class='ocrx_word' id='word_1_384' title='bbox 1046 2587 1134 2618; x_wconf 87' lang='lat' dir='ltr'>cestes</span> <span class='ocrx_word' id='word_1_385' title='bbox 1150 2588 1259 2620; x_wconf 88' lang='lat' dir='ltr'>Lettres</span> 
     </span>
     <span class='ocr_line' id='line_1_52' title="bbox 41 2622 626 2663; baseline -0.003 -9"><span class='ocrx_word' id='word_1_386' title='bbox 41 2630 94 2654; x_wconf 78' lang='lat' dir='ltr'>An.</span> <span class='ocrx_word' id='word_1_387' title='bbox 115 2636 156 2652; x_wconf 89' lang='lat' dir='ltr'>ii.</span> <span class='ocrx_word' id='word_1_388' title='bbox 195 2633 327 2663; x_wconf 90' lang='lat' dir='ltr'>verront,</span> <span class='ocrx_word' id='word_1_389' title='bbox 346 2635 386 2655; x_wconf 92' lang='lat' dir='ltr'>ou</span> <span class='ocrx_word' id='word_1_390' title='bbox 399 2631 516 2660; x_wconf 89' lang='lat' dir='ltr'>orront,</span> <span class='ocrx_word' id='word_1_391' title='bbox 534 2622 626 2653; x_wconf 85' lang='lat' dir='ltr'>Saluz.</span> 
     </span>
    </p>
   </div>
   <div class='ocr_carea' id='block_1_14' title="bbox 42 2661 1262 2780">
    <p class='ocr_par' dir='ltr' id='par_1_21' title="bbox 42 2661 1262 2780">
     <span class='ocr_line' id='line_1_53' title="bbox 42 2661 1261 2702; baseline 0.004 -10"><span class='ocrx_word' id='word_1_392' title='bbox 42 2669 72 2692; x_wconf 80' lang='grc' dir='ltr'>Ε.</span> <span class='ocrx_word' id='word_1_393' title='bbox 93 2674 117 2700; x_wconf 81' lang='lat'>3.</span> <span class='ocrx_word' id='word_1_394' title='bbox 235 2663 347 2694; x_wconf 86' lang='lat' dir='ltr'>Sachez</span> <span class='ocrx_word' id='word_1_395' title='bbox 363 2672 435 2693; x_wconf 89' lang='lat' dir='ltr'>nous</span> <span class='ocrx_word' id='word_1_396' title='bbox 449 2663 529 2692; x_wconf 90' lang='lat' dir='ltr'>avoir</span> <span class='ocrx_word' id='word_1_397' title='bbox 542 2671 597 2692; x_wconf 91' lang='lat' dir='ltr'>veu</span> <span class='ocrx_word' id='word_1_398' title='bbox 609 2663 641 2693; x_wconf 63' lang='grc' dir='ltr'>ὃς</span> <span class='ocrx_word' id='word_1_399' title='bbox 656 2661 768 2701; x_wconf 82' lang='lat' dir='ltr'>regarde</span> <span class='ocrx_word' id='word_1_400' title='bbox 784 2661 822 2692; x_wconf 91' lang='lat' dir='ltr'>les</span> <span class='ocrx_word' id='word_1_401' title='bbox 838 2664 853 2679; x_wconf 71' lang='grc'>*</span> <span class='ocrx_word' id='word_1_402' title='bbox 868 2662 977 2693; x_wconf 86' lang='lat' dir='ltr'>Lettres</span> <span class='ocrx_word' id='word_1_403' title='bbox 990 2663 1137 2702; x_wconf 86' lang='lat' dir='ltr'>Patentes,</span> <span class='ocrx_word' id='word_1_404' title='bbox 1156 2665 1261 2697; x_wconf 88' lang='lat' dir='ltr'>l&#39;Onu-</span> 
     </span>
     <span class='ocr_line' id='line_1_54' title="bbox 43 2699 1243 2740; baseline 0.003 -9"><span class='ocrx_word' id='word_1_405' title='bbox 43 2702 166 2731; x_wconf 74' lang='lat' dir='ltr'>Alcman.</span> <span class='ocrx_word' id='word_1_406' title='bbox 199 2702 275 2732; x_wconf 87' lang='lat' dir='ltr'>rable</span> <span class='ocrx_word' id='word_1_407' title='bbox 294 2701 376 2732; x_wconf 89' lang='lat' dir='ltr'>Piere</span> <span class='ocrx_word' id='word_1_408' title='bbox 390 2724 399 2739; x_wconf 80' lang='lat'>,</span> <span class='ocrx_word' id='word_1_409' title='bbox 422 2699 535 2739; x_wconf 86' lang='lat' dir='ltr'>Henri,</span> <span class='ocrx_word' id='word_1_410' title='bbox 550 2709 597 2737; x_wconf 86' lang='lat' dir='ltr'>par</span> <span class='ocrx_word' id='word_1_411' title='bbox 617 2699 641 2729; x_wconf 88' lang='lat' dir='ltr'>la</span> <span class='ocrx_word' id='word_1_412' title='bbox 662 2710 747 2738; x_wconf 84' lang='lat' dir='ltr'>grace</span> <span class='ocrx_word' id='word_1_413' title='bbox 768 2700 804 2732; x_wconf 90' lang='lat' dir='ltr'>de</span> <span class='ocrx_word' id='word_1_414' title='bbox 825 2700 902 2731; x_wconf 89' lang='lat' dir='ltr'>Dieu</span> <span class='ocrx_word' id='word_1_415' title='bbox 938 2701 1067 2740; x_wconf 88' lang='lat' dir='ltr'>Evesque</span> <span class='ocrx_word' id='word_1_416' title='bbox 1080 2703 1117 2734; x_wconf 88' lang='lat' dir='ltr'>de</span> <span class='ocrx_word' id='word_1_417' title='bbox 1132 2703 1243 2735; x_wconf 89' lang='lat' dir='ltr'>Nicole</span> 
     </span>
     <span class='ocr_line' id='line_1_55' title="bbox 47 2725 1262 2780; baseline 0.004 -12"><span class='ocrx_word' id='word_1_418' title='bbox 47 2751 91 2768; x_wconf 87' lang='lat'>11.</span> <span class='ocrx_word' id='word_1_419' title='bbox 104 2745 133 2767; x_wconf 78' lang='grc' dir='ltr'>Ε.</span> <span class='ocrx_word' id='word_1_420' title='bbox 151 2750 176 2778; x_wconf 86' lang='lat'>3.</span> <span class='ocrx_word' id='word_1_421' title='bbox 201 2741 234 2771; x_wconf 68' lang='grc' dir='ltr'>ὃς</span> <span class='ocrx_word' id='word_1_422' title='bbox 248 2741 302 2779; x_wconf 88' lang='lat' dir='ltr'>de&gt;</span> <span class='ocrx_word' id='word_1_423' title='bbox 319 2739 395 2770; x_wconf 85' lang='lat' dir='ltr'>Noz</span> <span class='ocrx_word' id='word_1_424' title='bbox 410 2739 511 2769; x_wconf 85' lang='lat' dir='ltr'>Chiers</span> <span class='ocrx_word' id='word_1_425' title='bbox 530 2739 564 2769; x_wconf 85' lang='lat'>&amp;</span> <span class='ocrx_word' id='word_1_426' title='bbox 581 2738 671 2768; x_wconf 85' lang='lat' dir='ltr'>Foials</span> <span class='ocrx_word' id='word_1_427' title='bbox 685 2762 694 2778; x_wconf 82' lang='lat'>,</span> <span class='ocrx_word' id='word_1_428' title='bbox 713 2739 844 2769; x_wconf 78' lang='lat' dir='ltr'>william</span> <span class='ocrx_word' id='word_1_429' title='bbox 859 2740 895 2770; x_wconf 93' lang='lat' dir='ltr'>de</span> <span class='ocrx_word' id='word_1_430' title='bbox 907 2725 1069 2780; x_wconf 78' lang='lat' dir='ltr'>Montagu,</span> <span class='ocrx_word' id='word_1_431' title='bbox 1088 2741 1207 2773; x_wconf 91' lang='lat' dir='ltr'>Counte</span> <span class='ocrx_word' id='word_1_432' title='bbox 1226 2727 1262 2773; x_wconf 58' lang='lat' dir='ltr'>de}</span> 
     </span>
    </p>
   </div>
   <div class='ocr_carea' id='block_1_15' title="bbox 43 2775 1264 2895">
    <p class='ocr_par' dir='ltr' id='par_1_22' title="bbox 43 2775 1264 2895">
     <span class='ocr_line' id='line_1_56' title="bbox 43 2775 1263 2819; baseline 0.005 -14"><span class='ocrx_word' id='word_1_433' title='bbox 43 2788 80 2806; x_wconf 85' lang='lat' dir='ltr'>m.</span> <span class='ocrx_word' id='word_1_434' title='bbox 99 2788 141 2807; x_wconf 79' lang='grc' dir='ltr'>ιο,</span> <span class='ocrx_word' id='word_1_435' title='bbox 201 2778 346 2817; x_wconf 87' lang='lat' dir='ltr'>Salebyrs,</span> <span class='ocrx_word' id='word_1_436' title='bbox 364 2779 397 2809; x_wconf 90' lang='lat'>&amp;</span> <span class='ocrx_word' id='word_1_437' title='bbox 411 2778 541 2808; x_wconf 80' lang='lat' dir='ltr'>william</span> <span class='ocrx_word' id='word_1_438' title='bbox 555 2775 590 2807; x_wconf 82' lang='lat' dir='ltr'>de</span> <span class='ocrx_word' id='word_1_439' title='bbox 606 2776 751 2817; x_wconf 80' lang='lat' dir='ltr'>Clynton,</span> <span class='ocrx_word' id='word_1_440' title='bbox 770 2778 888 2809; x_wconf 86' lang='lat' dir='ltr'>Counte</span> <span class='ocrx_word' id='word_1_441' title='bbox 901 2778 937 2810; x_wconf 86' lang='lat' dir='ltr'>de</span> <span class='ocrx_word' id='word_1_442' title='bbox 951 2779 1165 2819; x_wconf 82' lang='lat' dir='ltr'>Huntyngdon,</span> <span class='ocrx_word' id='word_1_443' title='bbox 1185 2781 1263 2811; x_wconf 85' lang='lat' dir='ltr'>n’ad-</span> 
     </span>
     <span class='ocr_line' id='line_1_57' title="bbox 45 2816 1264 2863; baseline 0.007 -20"><span class='ocrx_word' id='word_1_444' title='bbox 45 2817 65 2863; x_wconf 48' lang='grc' dir='ltr'><strong>ᾖ</strong></span> <span class='ocrx_word' id='word_1_445' title='bbox 87 2818 139 2845; x_wconf 89' lang='lat' dir='ltr'>IV.</span> <span class='ocrx_word' id='word_1_446' title='bbox 201 2819 287 2857; x_wconf 78' lang='lat' dir='ltr'>gaii-es</span> <span class='ocrx_word' id='word_1_447' title='bbox 307 2826 364 2862; x_wconf 77' lang='lat' dir='ltr'>noz</span> <span class='ocrx_word' id='word_1_448' title='bbox 387 2816 528 2854; x_wconf 85' lang='lat' dir='ltr'>Messages</span> <span class='ocrx_word' id='word_1_449' title='bbox 543 2840 551 2853; x_wconf 84' lang='lat'><em>‚</em></span> <span class='ocrx_word' id='word_1_450' title='bbox 570 2817 730 2846; x_wconf 81' lang='lat' dir='ltr'>envoiczas</span> <span class='ocrx_word' id='word_1_451' title='bbox 744 2818 843 2855; x_wconf 84' lang='lat' dir='ltr'>parties</span> <span class='ocrx_word' id='word_1_452' title='bbox 864 2816 901 2848; x_wconf 86' lang='lat' dir='ltr'>de</span> <span class='ocrx_word' id='word_1_453' title='bbox 915 2818 1055 2857; x_wconf 81' lang='lat' dir='ltr'>Henaud,</span> <span class='ocrx_word' id='word_1_454' title='bbox 1073 2819 1211 2859; x_wconf 85' lang='lat' dir='ltr'>Brabant,</span> <span class='ocrx_word' id='word_1_455' title='bbox 1230 2822 1264 2852; x_wconf 86' lang='lat'>&amp;</span> 
     </span>
     <span class='ocr_line' id='line_1_58' title="bbox 46 2855 802 2895; baseline 0 -9"><span class='ocrx_word' id='word_1_456' title='bbox 46 2856 112 2882; x_wconf 68' lang='lat' dir='ltr'>boz.</span> <span class='ocrx_word' id='word_1_457' title='bbox 202 2856 386 2894; x_wconf 80' lang='lat' dir='ltr'>Alemaigne,</span> <span class='ocrx_word' id='word_1_458' title='bbox 405 2865 442 2885; x_wconf 88' lang='lat' dir='ltr'>en</span> <span class='ocrx_word' id='word_1_459' title='bbox 457 2855 482 2885; x_wconf 92' lang='lat' dir='ltr'>la</span> <span class='ocrx_word' id='word_1_460' title='bbox 496 2856 589 2885; x_wconf 72' lang='lat' dir='ltr'>forme</span> <span class='ocrx_word' id='word_1_461' title='bbox 603 2865 657 2893; x_wconf 85' lang='lat' dir='ltr'>que</span> <span class='ocrx_word' id='word_1_462' title='bbox 668 2855 802 2895; x_wconf 82' lang='lat' dir='ltr'>s’ensuyt‚</span> 
     </span>
    </p>
   </div>
   <div class='ocr_carea' id='block_1_16' title="bbox 194 2931 1263 3010">
    <p class='ocr_par' dir='ltr' id='par_1_23' title="bbox 194 2931 1263 3010">
     <span class='ocr_line' id='line_1_59' title="bbox 206 2931 1263 2978; baseline 0.007 -17"><span class='ocrx_word' id='word_1_463' title='bbox 206 2971 211 2976; x_wconf 42' lang='grc'>·</span> <span class='ocrx_word' id='word_1_464' title='bbox 237 2931 327 2962; x_wconf 86' lang='lat' dir='ltr'>Nous</span> <span class='ocrx_word' id='word_1_465' title='bbox 347 2931 442 2962; x_wconf 83' lang='lat' dir='ltr'>Hem-i</span> <span class='ocrx_word' id='word_1_466' title='bbox 456 2956 465 2970; x_wconf 85' lang='lat'>,</span> <span class='ocrx_word' id='word_1_467' title='bbox 489 2942 536 2971; x_wconf 78' lang='lat' dir='ltr'>pai·</span> <span class='ocrx_word' id='word_1_468' title='bbox 559 2931 584 2961; x_wconf 83' lang='lat' dir='ltr'>la</span> <span class='ocrx_word' id='word_1_469' title='bbox 605 2940 686 2970; x_wconf 82' lang='lat' dir='ltr'>grace</span> <span class='ocrx_word' id='word_1_470' title='bbox 708 2931 744 2962; x_wconf 90' lang='lat' dir='ltr'>de</span> <span class='ocrx_word' id='word_1_471' title='bbox 759 2932 852 2971; x_wconf 83' lang='lat' dir='ltr'>Dieu,</span> <span class='ocrx_word' id='word_1_472' title='bbox 870 2932 930 2968; x_wconf 76' lang='lat' dir='ltr'>&amp;c.</span> <span class='ocrx_word' id='word_1_473' title='bbox 950 2933 1091 2973; x_wconf 70' lang='lat' dir='ltr'>utsupra,</span> <span class='ocrx_word' id='word_1_474' title='bbox 1111 2936 1170 2966; x_wconf 81' lang='lat' dir='ltr'>don.</span> <span class='ocrx_word' id='word_1_475' title='bbox 1185 2937 1210 2967; x_wconf 85' lang='lat' dir='ltr'>le</span> <span class='ocrx_word' id='word_1_476' title='bbox 1224 2947 1263 2978; x_wconf 86' lang='lat'>24</span> 
     </span>
     <span class='ocr_line' id='line_1_60' title="bbox 194 2970 396 3010; baseline -0.005 -10"><span class='ocrx_word' id='word_1_477' title='bbox 194 2981 261 3010; x_wconf 69' lang='lat' dir='ltr'>jour</span> <span class='ocrx_word' id='word_1_478' title='bbox 272 2970 304 3000; x_wconf 81' lang='lat' dir='ltr'>de</span> <span class='ocrx_word' id='word_1_479' title='bbox 312 2973 396 3010; x_wconf 82' lang='lat' dir='ltr'>May.</span> 
     </span>
    </p>
   </div>
   <div class='ocr_carea' id='block_1_17' title="bbox 203 3046 1267 3392">
    <p class='ocr_par' dir='ltr' id='par_1_24' title="bbox 203 3046 1266 3317">
     <span class='ocr_line' id='line_1_61' title="bbox 238 3046 1264 3090; baseline 0.008 -14"><span class='ocrx_word' id='word_1_480' title='bbox 238 3046 278 3078; x_wconf 89' lang='lat' dir='ltr'>Et</span> <span class='ocrx_word' id='word_1_481' title='bbox 293 3057 382 3085; x_wconf 86' lang='lat' dir='ltr'>nous,</span> <span class='ocrx_word' id='word_1_482' title='bbox 405 3054 498 3077; x_wconf 84' lang='lat' dir='ltr'>toutes</span> <span class='ocrx_word' id='word_1_483' title='bbox 510 3046 549 3077; x_wconf 85' lang='lat' dir='ltr'>les</span> <span class='ocrx_word' id='word_1_484' title='bbox 564 3046 678 3085; x_wconf 81' lang='lat' dir='ltr'>choses,</span> <span class='ocrx_word' id='word_1_485' title='bbox 696 3057 850 3079; x_wconf 86' lang='lat' dir='ltr'>contenues</span> <span class='ocrx_word' id='word_1_486' title='bbox 865 3058 893 3078; x_wconf 87' lang='lat' dir='ltr'>es</span> <span class='ocrx_word' id='word_1_487' title='bbox 909 3048 977 3079; x_wconf 89' lang='lat' dir='ltr'>dites</span> <span class='ocrx_word' id='word_1_488' title='bbox 989 3050 1116 3090; x_wconf 80' lang='lat' dir='ltr'>Lettres,</span> <span class='ocrx_word' id='word_1_489' title='bbox 1132 3052 1166 3084; x_wconf 88' lang='lat'>&amp;</span> <span class='ocrx_word' id='word_1_490' title='bbox 1183 3053 1264 3086; x_wconf 72' lang='lat' dir='ltr'>chec-</span> 
     </span>
     <span class='ocr_line' id='line_1_62' title="bbox 203 3085 1264 3128; baseline 0.006 -11"><span class='ocrx_word' id='word_1_491' title='bbox 203 3095 277 3117; x_wconf 81' lang='lat' dir='ltr'>cune</span> <span class='ocrx_word' id='word_1_492' title='bbox 297 3085 416 3124; x_wconf 87' lang='lat' dir='ltr'>d’yceles</span> <span class='ocrx_word' id='word_1_493' title='bbox 429 3108 439 3124; x_wconf 92' lang='lat'>,</span> <span class='ocrx_word' id='word_1_494' title='bbox 464 3094 638 3123; x_wconf 85' lang='lat' dir='ltr'>acceptaunz</span> <span class='ocrx_word' id='word_1_495' title='bbox 652 3110 662 3124; x_wconf 84' lang='lat'>‚</span> <span class='ocrx_word' id='word_1_496' title='bbox 688 3087 806 3117; x_wconf 86' lang='lat' dir='ltr'>mesmes</span> <span class='ocrx_word' id='word_1_497' title='bbox 825 3086 897 3117; x_wconf 88' lang='lat' dir='ltr'>celes</span> <span class='ocrx_word' id='word_1_498' title='bbox 919 3088 1016 3119; x_wconf 88' lang='lat' dir='ltr'>choses</span> <span class='ocrx_word' id='word_1_499' title='bbox 1055 3100 1090 3120; x_wconf 90' lang='lat' dir='ltr'>en</span> <span class='ocrx_word' id='word_1_500' title='bbox 1103 3101 1176 3128; x_wconf 87' lang='lat' dir='ltr'>quan</span> <span class='ocrx_word' id='word_1_501' title='bbox 1199 3102 1235 3123; x_wconf 91' lang='lat' dir='ltr'>ue</span> <span class='ocrx_word' id='word_1_502' title='bbox 1248 3103 1264 3123; x_wconf 91' lang='lat' dir='ltr'>a</span> 
     </span>
     <span class='ocr_line' id='line_1_63' title="bbox 203 3123 1264 3168; baseline 0.008 -15"><span class='ocrx_word' id='word_1_503' title='bbox 203 3134 276 3154; x_wconf 84' lang='lat' dir='ltr'>nous</span> <span class='ocrx_word' id='word_1_504' title='bbox 291 3125 464 3163; x_wconf 77' lang='lat' dir='ltr'>appartient,</span> <span class='ocrx_word' id='word_1_505' title='bbox 483 3133 531 3162; x_wconf 84' lang='lat' dir='ltr'>par</span> <span class='ocrx_word' id='word_1_506' title='bbox 554 3123 578 3153; x_wconf 93' lang='lat' dir='ltr'>la</span> <span class='ocrx_word' id='word_1_507' title='bbox 598 3133 679 3155; x_wconf 80' lang='lat' dir='ltr'>tenui·</span> <span class='ocrx_word' id='word_1_508' title='bbox 701 3125 737 3154; x_wconf 92' lang='lat' dir='ltr'>de</span> <span class='ocrx_word' id='word_1_509' title='bbox 754 3125 842 3155; x_wconf 87' lang='lat' dir='ltr'>cestes</span> <span class='ocrx_word' id='word_1_510' title='bbox 884 3126 1000 3157; x_wconf 86' lang='lat' dir='ltr'>resentes</span> <span class='ocrx_word' id='word_1_511' title='bbox 1049 3137 1131 3159; x_wconf 84' lang='lat' dir='ltr'>ettres</span> <span class='ocrx_word' id='word_1_512' title='bbox 1146 3153 1156 3168; x_wconf 90' lang='lat'>,</span> <span class='ocrx_word' id='word_1_513' title='bbox 1206 3140 1264 3162; x_wconf 88' lang='lat' dir='ltr'>ate-</span> 
     </span>
     <span class='ocr_line' id='line_1_64' title="bbox 205 3161 1263 3204; baseline 0.009 -13"><span class='ocrx_word' id='word_1_514' title='bbox 205 3161 290 3192; x_wconf 83' lang='lat' dir='ltr'>fioms</span> <span class='ocrx_word' id='word_1_515' title='bbox 303 3186 312 3200; x_wconf 91' lang='lat'>,</span> <span class='ocrx_word' id='word_1_516' title='bbox 338 3162 533 3201; x_wconf 76' lang='lat' dir='ltr'>Approvons,</span> <span class='ocrx_word' id='word_1_517' title='bbox 559 3163 591 3193; x_wconf 72' lang='grc' dir='ltr'>ὅτ</span> <span class='ocrx_word' id='word_1_518' title='bbox 613 3161 836 3202; x_wconf 69' lang='lat' dir='ltr'>Confermons,</span> <span class='ocrx_word' id='word_1_519' title='bbox 887 3174 1045 3196; x_wconf 83' lang='lat' dir='ltr'>romettanz</span> <span class='ocrx_word' id='word_1_520' title='bbox 1057 3177 1109 3204; x_wconf 88' lang='lat' dir='ltr'>pur</span> <span class='ocrx_word' id='word_1_521' title='bbox 1123 3178 1195 3200; x_wconf 92' lang='lat' dir='ltr'>nous</span> <span class='ocrx_word' id='word_1_522' title='bbox 1229 3172 1263 3203; x_wconf 92' lang='lat'>&amp;</span> 
     </span>
     <span class='ocr_line' id='line_1_65' title="bbox 203 3194 1266 3244; baseline 0.008 -14"><span class='ocrx_word' id='word_1_523' title='bbox 203 3210 259 3244; x_wconf 76' lang='lat' dir='ltr'>pur</span> <span class='ocrx_word' id='word_1_524' title='bbox 281 3210 340 3231; x_wconf 84' lang='lat' dir='ltr'>noz</span> <span class='ocrx_word' id='word_1_525' title='bbox 360 3200 463 3239; x_wconf 81' lang='lat' dir='ltr'>l-leirs,</span> <span class='ocrx_word' id='word_1_526' title='bbox 481 3200 519 3231; x_wconf 90' lang='lat' dir='ltr'>les</span> <span class='ocrx_word' id='word_1_527' title='bbox 539 3201 637 3232; x_wconf 85' lang='lat' dir='ltr'>choses</span> <span class='ocrx_word' id='word_1_528' title='bbox 648 3201 833 3239; x_wconf 76' lang='lat' dir='ltr'>devantditeS,</span> <span class='ocrx_word' id='word_1_529' title='bbox 852 3202 947 3233; x_wconf 89' lang='lat' dir='ltr'>selonc</span> <span class='ocrx_word' id='word_1_530' title='bbox 961 3214 995 3234; x_wconf 91' lang='lat' dir='ltr'>ce</span> <span class='ocrx_word' id='word_1_531' title='bbox 1010 3205 1092 3242; x_wconf 84' lang='lat' dir='ltr'>q‘eles</span> <span class='ocrx_word' id='word_1_532' title='bbox 1104 3205 1166 3237; x_wconf 89' lang='lat' dir='ltr'>sont</span> <span class='ocrx_word' id='word_1_533' title='bbox 1182 3194 1266 3240; x_wconf 69' lang='lat' dir='ltr'>stises-</span> 
     </span>
     <span class='ocr_line' id='line_1_66' title="bbox 204 3240 1265 3283; baseline 0.008 -14"><span class='ocrx_word' id='word_1_534' title='bbox 204 3248 287 3270; x_wconf 75' lang='lat' dir='ltr'>trites</span> <span class='ocrx_word' id='word_1_535' title='bbox 301 3264 310 3277; x_wconf 81' lang='lat'>,</span> <span class='ocrx_word' id='word_1_536' title='bbox 335 3240 368 3269; x_wconf 83' lang='lat'>&amp;</span> <span class='ocrx_word' id='word_1_537' title='bbox 387 3249 403 3268; x_wconf 88' lang='lat' dir='ltr'>a</span> <span class='ocrx_word' id='word_1_538' title='bbox 422 3248 494 3269; x_wconf 89' lang='lat' dir='ltr'>nous</span> <span class='ocrx_word' id='word_1_539' title='bbox 511 3242 701 3277; x_wconf 78' lang='lat' dir='ltr'>appartienent</span> <span class='ocrx_word' id='word_1_540' title='bbox 713 3263 723 3279; x_wconf 84' lang='lat'>,</span> <span class='ocrx_word' id='word_1_541' title='bbox 745 3251 785 3271; x_wconf 89' lang='lat' dir='ltr'>ou</span> <span class='ocrx_word' id='word_1_542' title='bbox 808 3250 928 3278; x_wconf 84' lang='lat' dir='ltr'>purront</span> <span class='ocrx_word' id='word_1_543' title='bbox 944 3245 1098 3280; x_wconf 85' lang='lat' dir='ltr'>appartenir</span> <span class='ocrx_word' id='word_1_544' title='bbox 1114 3270 1124 3283; x_wconf 98' lang='lat'>,</span> <span class='ocrx_word' id='word_1_545' title='bbox 1143 3249 1214 3277; x_wconf 88' lang='lat' dir='ltr'>tenir</span> <span class='ocrx_word' id='word_1_546' title='bbox 1231 3250 1265 3279; x_wconf 74' lang='grc' dir='ltr'>δε</span> 
     </span>
     <span class='ocr_line' id='line_1_67' title="bbox 206 3277 616 3317; baseline 0.002 -10"><span class='ocrx_word' id='word_1_547' title='bbox 206 3277 304 3317; x_wconf 80' lang='lat' dir='ltr'>garder</span> <span class='ocrx_word' id='word_1_548' title='bbox 313 3300 322 3315; x_wconf 80' lang='lat'>,</span> <span class='ocrx_word' id='word_1_549' title='bbox 340 3277 423 3307; x_wconf 87' lang='lat' dir='ltr'>saunz</span> <span class='ocrx_word' id='word_1_550' title='bbox 438 3278 493 3307; x_wconf 88' lang='lat' dir='ltr'>mal</span> <span class='ocrx_word' id='word_1_551' title='bbox 505 3279 616 3315; x_wconf 80' lang='lat' dir='ltr'>engien.</span> 
     </span>
    </p>

    <p class='ocr_par' dir='ltr' id='par_1_25' title="bbox 206 3315 1267 3392">
     <span class='ocr_line' id='line_1_68' title="bbox 244 3315 1267 3356; baseline 0.011 -12"><span class='ocrx_word' id='word_1_552' title='bbox 244 3315 289 3345; x_wconf 91' lang='lat' dir='ltr'>En</span> <span class='ocrx_word' id='word_1_553' title='bbox 309 3316 539 3352; x_wconf 84' lang='lat' dir='ltr'>Tesmoignance</span> <span class='ocrx_word' id='word_1_554' title='bbox 557 3316 593 3347; x_wconf 90' lang='lat' dir='ltr'>de</span> <span class='ocrx_word' id='word_1_555' title='bbox 614 3327 688 3355; x_wconf 90' lang='lat' dir='ltr'>queu</span> <span class='ocrx_word' id='word_1_556' title='bbox 707 3317 792 3347; x_wconf 90' lang='lat' dir='ltr'>chose</span> <span class='ocrx_word' id='word_1_557' title='bbox 814 3328 886 3348; x_wconf 87' lang='lat' dir='ltr'>nous</span> <span class='ocrx_word' id='word_1_558' title='bbox 907 3328 1006 3350; x_wconf 85' lang='lat' dir='ltr'>avoms</span> <span class='ocrx_word' id='word_1_559' title='bbox 1030 3320 1079 3351; x_wconf 82' lang='lat' dir='ltr'>fait</span> <span class='ocrx_word' id='word_1_560' title='bbox 1099 3321 1166 3352; x_wconf 90' lang='lat' dir='ltr'>faire</span> <span class='ocrx_word' id='word_1_561' title='bbox 1178 3324 1267 3356; x_wconf 88' lang='lat' dir='ltr'>cestes</span> 
     </span>
     <span class='ocr_line' id='line_1_69' title="bbox 206 3353 537 3392; baseline -0.003 -6"><span class='ocrx_word' id='word_1_562' title='bbox 206 3363 267 3386; x_wconf 86' lang='lat' dir='ltr'>noz</span> <span class='ocrx_word' id='word_1_563' title='bbox 281 3354 391 3385; x_wconf 85' lang='lat' dir='ltr'>Lettres</span> <span class='ocrx_word' id='word_1_564' title='bbox 405 3353 537 3392; x_wconf 82' lang='lat' dir='ltr'>Overtes,</span> 
     </span>
    </p>
   </div>
   <div class='ocr_carea' id='block_1_18' title="bbox 208 3392 1268 3469">
    <p class='ocr_par' dir='ltr' id='par_1_26' title="bbox 208 3392 1268 3469">
     <span class='ocr_line' id='line_1_70' title="bbox 246 3392 1268 3440; baseline 0.011 -19"><span class='ocrx_word' id='word_1_565' title='bbox 246 3392 327 3423; x_wconf 92' lang='lat' dir='ltr'>Don.</span> <span class='ocrx_word' id='word_1_566' title='bbox 346 3403 362 3422; x_wconf 90' lang='lat' dir='ltr'>a</span> <span class='ocrx_word' id='word_1_567' title='bbox 379 3392 508 3422; x_wconf 86' lang='lat' dir='ltr'>Westm.</span> <span class='ocrx_word' id='word_1_568' title='bbox 527 3394 554 3423; x_wconf 86' lang='lat' dir='ltr'>le</span> <span class='ocrx_word' id='word_1_569' title='bbox 574 3395 641 3437; x_wconf 70' lang='lat' dir='ltr'>xxyi</span> <span class='ocrx_word' id='word_1_570' title='bbox 658 3394 722 3431; x_wconf 85' lang='lat' dir='ltr'>jour</span> <span class='ocrx_word' id='word_1_571' title='bbox 743 3394 867 3432; x_wconf 83' lang='lat' dir='ltr'>d&#39;Augst</span> <span class='ocrx_word' id='word_1_572' title='bbox 881 3418 891 3434; x_wconf 88' lang='lat'>,</span> <span class='ocrx_word' id='word_1_573' title='bbox 909 3395 976 3427; x_wconf 88' lang='lat' dir='ltr'>l&#39;An</span> <span class='ocrx_word' id='word_1_574' title='bbox 989 3396 1024 3427; x_wconf 93' lang='lat' dir='ltr'>de</span> <span class='ocrx_word' id='word_1_575' title='bbox 1037 3407 1119 3437; x_wconf 81' lang='lat' dir='ltr'>grace</span> <span class='ocrx_word' id='word_1_576' title='bbox 1134 3398 1268 3440; x_wconf 86' lang='lat' dir='ltr'>desusdit‚</span> 
     </span>
     <span class='ocr_line' id='line_1_71' title="bbox 208 3431 681 3469; baseline 0 -8"><span class='ocrx_word' id='word_1_577' title='bbox 208 3431 243 3461; x_wconf 60' lang='grc' dir='ltr'>ἐκ*</span> <span class='ocrx_word' id='word_1_578' title='bbox 255 3432 291 3461; x_wconf 91' lang='lat' dir='ltr'>de</span> <span class='ocrx_word' id='word_1_579' title='bbox 303 3431 398 3461; x_wconf 87' lang='lat' dir='ltr'>nostre</span> <span class='ocrx_word' id='word_1_580' title='bbox 410 3431 517 3469; x_wconf 85' lang='lat' dir='ltr'>Regne</span> <span class='ocrx_word' id='word_1_581' title='bbox 530 3431 681 3462; x_wconf 85' lang='lat' dir='ltr'>Unzilme.</span> 
     </span>
    </p>
   </div>
   <div class='ocr_carea' id='block_1_19' title="bbox 211 3507 1272 3822">
    <p class='ocr_par' dir='ltr' id='par_1_27' title="bbox 211 3507 1269 3628">
     <span class='ocr_line' id='line_1_72' title="bbox 249 3507 1251 3552; baseline 0.008 -15"><span class='ocrx_word' id='word_1_582' title='bbox 249 3509 350 3538; x_wconf 76' lang='lat' dir='ltr'>,Eodem</span> <span class='ocrx_word' id='word_1_583' title='bbox 370 3508 442 3537; x_wconf 86' lang='lat' dir='ltr'>modo</span> <span class='ocrx_word' id='word_1_584' title='bbox 462 3507 639 3549; x_wconf 77' lang='lat' dir='ltr'>ratificantur</span> <span class='ocrx_word' id='word_1_585' title='bbox 659 3508 774 3549; x_wconf 70' lang='lat' dir='ltr'>diveifie</span> <span class='ocrx_word' id='word_1_586' title='bbox 797 3512 1083 3552; x_wconf 75' lang='lat' dir='ltr'>Coiiventionesficpra</span> <span class='ocrx_word' id='word_1_587' title='bbox 1098 3523 1251 3546; x_wconf 73' lang='lat' dir='ltr'>memorata·</span> 
     </span>
     <span class='ocr_line' id='line_1_73' title="bbox 211 3539 1269 3588; baseline 0.005 -13"><span class='ocrx_word' id='word_1_588' title='bbox 211 3546 272 3576; x_wconf 79' lang='lat' dir='ltr'>dat.</span> <span class='ocrx_word' id='word_1_589' title='bbox 293 3547 364 3585; x_wconf 75' lang='lat' dir='ltr'>apud</span> <span class='ocrx_word' id='word_1_590' title='bbox 379 3545 558 3576; x_wconf 54' lang='lat' dir='ltr'>Valentinum</span> <span class='ocrx_word' id='word_1_591' title='bbox 570 3547 690 3588; x_wconf 68' lang='lat' dir='ltr'>vicefimo</span> <span class='ocrx_word' id='word_1_592' title='bbox 703 3555 802 3588; x_wconf 77' lang='lat' dir='ltr'>quarto</span> <span class='ocrx_word' id='word_1_593' title='bbox 815 3550 857 3578; x_wconf 78' lang='lat' dir='ltr'>die</span> <span class='ocrx_word' id='word_1_594' title='bbox 870 3553 952 3579; x_wconf 81' lang='lat' dir='ltr'>Maii.</span> <span class='ocrx_word' id='word_1_595' title='bbox 1259 3539 1269 3555; x_wconf 65' lang='lat'>²</span> 
     </span>
     <span class='ocr_line' id='line_1_74' title="bbox 251 3587 1231 3628; baseline 0.008 -14"><span class='ocrx_word' id='word_1_596' title='bbox 251 3587 336 3622; x_wconf 73' lang='lat' dir='ltr'>Item,</span> <span class='ocrx_word' id='word_1_597' title='bbox 355 3588 547 3615; x_wconf 47' lang='lat' dir='ltr'>Commi-tiones</span> <span class='ocrx_word' id='word_1_598' title='bbox 561 3588 618 3615; x_wconf 84' lang='lat' dir='ltr'>dat.</span> <span class='ocrx_word' id='word_1_599' title='bbox 638 3590 711 3624; x_wconf 70' lang='lat' dir='ltr'>apud</span> <span class='ocrx_word' id='word_1_600' title='bbox 726 3590 827 3616; x_wconf 63' lang='lat' dir='ltr'>Monta,</span> <span class='ocrx_word' id='word_1_601' title='bbox 840 3587 961 3628; x_wconf 77' lang='lat' dir='ltr'>vicesimo</span> <span class='ocrx_word' id='word_1_602' title='bbox 967 3588 1078 3628; x_wconf 71' lang='lat' dir='ltr'>fi’ptimo</span> <span class='ocrx_word' id='word_1_603' title='bbox 1092 3592 1135 3620; x_wconf 85' lang='lat' dir='ltr'>die</span> <span class='ocrx_word' id='word_1_604' title='bbox 1149 3595 1231 3622; x_wconf 76' lang='lat' dir='ltr'>Maii.</span> 
     </span>
    </p>

    <p class='ocr_par' dir='ltr' id='par_1_28' title="bbox 251 3625 1167 3667">
     <span class='ocr_line' id='line_1_75' title="bbox 251 3625 1167 3667; baseline 0.008 -16"><span class='ocrx_word' id='word_1_605' title='bbox 251 3625 291 3651; x_wconf 80' lang='lat' dir='ltr'>Et</span> <span class='ocrx_word' id='word_1_606' title='bbox 308 3626 500 3652; x_wconf 65' lang='lat' dir='ltr'>conventiones</span> <span class='ocrx_word' id='word_1_607' title='bbox 516 3625 565 3653; x_wconf 78' lang='lat' dir='ltr'>dat</span> <span class='ocrx_word' id='word_1_608' title='bbox 592 3627 665 3662; x_wconf 73' lang='lat' dir='ltr'>apud</span> <span class='ocrx_word' id='word_1_609' title='bbox 675 3629 763 3655; x_wconf 62' lang='lat' dir='ltr'>Bienz</span> <span class='ocrx_word' id='word_1_610' title='bbox 777 3626 898 3667; x_wconf 77' lang='lat' dir='ltr'>vicefimo</span> <span class='ocrx_word' id='word_1_611' title='bbox 912 3628 1010 3657; x_wconf 65' lang='grc' dir='ltr'>οέἔιιτο</span> <span class='ocrx_word' id='word_1_612' title='bbox 1027 3630 1069 3658; x_wconf 80' lang='lat' dir='ltr'>die</span> <span class='ocrx_word' id='word_1_613' title='bbox 1083 3632 1167 3658; x_wconf 57' lang='lat' dir='ltr'>illari.</span> 
     </span>
    </p>

    <p class='ocr_par' dir='ltr' id='par_1_29' title="bbox 253 3662 1166 3704">
     <span class='ocr_line' id='line_1_76' title="bbox 253 3662 1166 3704; baseline 0.007 -15"><span class='ocrx_word' id='word_1_614' title='bbox 253 3662 340 3699; x_wconf 68' lang='lat' dir='ltr'>Item,</span> <span class='ocrx_word' id='word_1_615' title='bbox 359 3665 552 3691; x_wconf 76' lang='lat' dir='ltr'>Conventiones</span> <span class='ocrx_word' id='word_1_616' title='bbox 568 3663 626 3691; x_wconf 86' lang='lat' dir='ltr'>dat.</span> <span class='ocrx_word' id='word_1_617' title='bbox 647 3665 720 3701; x_wconf 79' lang='lat' dir='ltr'>apud</span> <span class='ocrx_word' id='word_1_618' title='bbox 728 3663 906 3694; x_wconf 58' lang='lat' dir='ltr'>Valentinum</span> <span class='ocrx_word' id='word_1_619' title='bbox 918 3669 1003 3704; x_wconf 79' lang='lat' dir='ltr'>primo</span> <span class='ocrx_word' id='word_1_620' title='bbox 1017 3667 1058 3696; x_wconf 76' lang='lat' dir='ltr'>die</span> <span class='ocrx_word' id='word_1_621' title='bbox 1072 3666 1166 3704; x_wconf 26' lang='lat' dir='ltr'>Juniis</span> 
     </span>
    </p>

    <p class='ocr_par' dir='ltr' id='par_1_30' title="bbox 254 3701 1272 3780">
     <span class='ocr_line' id='line_1_77' title="bbox 254 3701 1272 3746; baseline 0.012 -20"><span class='ocrx_word' id='word_1_622' title='bbox 254 3701 339 3737; x_wconf 74' lang='lat' dir='ltr'>Item,</span> <span class='ocrx_word' id='word_1_623' title='bbox 357 3701 470 3738; x_wconf 71' lang='lat' dir='ltr'>diverjae</span> <span class='ocrx_word' id='word_1_624' title='bbox 484 3704 679 3730; x_wconf 52' lang='lat' dir='ltr'>Con-sentiemes</span> <span class='ocrx_word' id='word_1_625' title='bbox 694 3704 754 3731; x_wconf 70' lang='lat' dir='ltr'>dat.</span> <span class='ocrx_word' id='word_1_626' title='bbox 771 3704 844 3740; x_wconf 79' lang='lat' dir='ltr'>apud</span> <span class='ocrx_word' id='word_1_627' title='bbox 854 3703 998 3734; x_wconf 77' lang='lat' dir='ltr'>Broxellas</span> <span class='ocrx_word' id='word_1_628' title='bbox 1004 3704 1117 3744; x_wconf 77' lang='lat' dir='ltr'>fi’ptimo</span> <span class='ocrx_word' id='word_1_629' title='bbox 1131 3707 1173 3736; x_wconf 84' lang='lat' dir='ltr'>die</span> <span class='ocrx_word' id='word_1_630' title='bbox 1186 3706 1272 3746; x_wconf 77' lang='lat' dir='ltr'>Julii.</span> 
     </span>
     <span class='ocr_line' id='line_1_78' title="bbox 255 3737 1021 3780; baseline 0.009 -15"><span class='ocrx_word' id='word_1_631' title='bbox 255 3737 326 3765; x_wconf 77' lang='lat' dir='ltr'>Item</span> <span class='ocrx_word' id='word_1_632' title='bbox 335 3759 345 3774; x_wconf 87' lang='lat'>,</span> <span class='ocrx_word' id='word_1_633' title='bbox 363 3741 556 3768; x_wconf 67' lang='lat' dir='ltr'>conventiones</span> <span class='ocrx_word' id='word_1_634' title='bbox 569 3740 627 3768; x_wconf 81' lang='lat' dir='ltr'>dat.</span> <span class='ocrx_word' id='word_1_635' title='bbox 648 3740 760 3770; x_wconf 71' lang='lat' dir='ltr'>Coloniae</span> <span class='ocrx_word' id='word_1_636' title='bbox 775 3742 870 3771; x_wconf 80' lang='lat' dir='ltr'>decimo</span> <span class='ocrx_word' id='word_1_637' title='bbox 883 3743 924 3771; x_wconf 86' lang='lat' dir='ltr'>die</span> <span class='ocrx_word' id='word_1_638' title='bbox 936 3742 1021 3780; x_wconf 84' lang='lat' dir='ltr'>Julii.</span> 
     </span>
    </p>

    <p class='ocr_par' dir='ltr' id='par_1_31' title="bbox 255 3773 1168 3822">
     <span class='ocr_line' id='line_1_79' title="bbox 255 3773 1168 3822; baseline 0.013 -21"><span class='ocrx_word' id='word_1_639' title='bbox 255 3773 297 3801; x_wconf 82' lang='lat' dir='ltr'>Et</span> <span class='ocrx_word' id='word_1_640' title='bbox 313 3777 503 3807; x_wconf 78' lang='lat' dir='ltr'>Conventiones</span> <span class='ocrx_word' id='word_1_641' title='bbox 516 3779 575 3807; x_wconf 81' lang='lat' dir='ltr'>dat.</span> <span class='ocrx_word' id='word_1_642' title='bbox 594 3779 667 3815; x_wconf 79' lang='lat' dir='ltr'>apud</span> <span class='ocrx_word' id='word_1_643' title='bbox 678 3779 824 3809; x_wconf 78' lang='lat' dir='ltr'>Gorichei&#39;m</span> <span class='ocrx_word' id='word_1_644' title='bbox 835 3781 931 3810; x_wconf 80' lang='lat' dir='ltr'>decimo</span> <span class='ocrx_word' id='word_1_645' title='bbox 946 3793 1013 3811; x_wconf 80' lang='lat' dir='ltr'>nono</span> <span class='ocrx_word' id='word_1_646' title='bbox 1028 3783 1070 3813; x_wconf 80' lang='lat' dir='ltr'>die</span> <span class='ocrx_word' id='word_1_647' title='bbox 1083 3782 1168 3822; x_wconf 68' lang='lat' dir='ltr'>Julii.</span> 
     </span>
    </p>
   </div>
   <div class='ocr_carea' id='block_1_20' title="bbox 533 3854 1166 3899">
    <p class='ocr_par' dir='ltr' id='par_1_32' title="bbox 533 3854 1166 3899">
     <span class='ocr_line' id='line_1_80' title="bbox 533 3854 1166 3899; baseline 0.009 -16"><span class='ocrx_word' id='word_1_648' title='bbox 533 3856 609 3883; x_wconf 65' lang='lat' dir='ltr'>Dan.</span> <span class='ocrx_word' id='word_1_649' title='bbox 627 3865 646 3883; x_wconf 84' lang='lat' dir='ltr'><em>a</em></span> <span class='ocrx_word' id='word_1_650' title='bbox 661 3854 769 3886; x_wconf 74' lang='lat' dir='ltr'>Wstnz.</span> <span class='ocrx_word' id='word_1_651' title='bbox 787 3855 812 3886; x_wconf 86' lang='lat' dir='ltr'>le</span> <span class='ocrx_word' id='word_1_652' title='bbox 826 3855 937 3895; x_wconf 83' lang='lat' dir='ltr'>26jour</span> <span class='ocrx_word' id='word_1_653' title='bbox 949 3858 1088 3899; x_wconf 76' lang='lat' dir='ltr'>d’Augst,</span> <span class='ocrx_word' id='word_1_654' title='bbox 1105 3858 1166 3896; x_wconf 63' lang='lat' dir='ltr'>&amp;a</span> 
     </span>
    </p>
   </div>
   <div class='ocr_carea' id='block_1_21' title="bbox 1507 156 1900 210">
    <p class='ocr_par' dir='ltr' id='par_1_33' title="bbox 1507 156 1900 210">
     <span class='ocr_line' id='line_1_81' title="bbox 1507 156 1900 210; baseline -0.008 -10"><span class='ocrx_word' id='word_1_655' title='bbox 1507 156 1900 210; x_wconf 68' lang='lat' dir='ltr'>LJTERAE,</span> 
     </span>
    </p>
   </div>
   <div class='ocr_carea' id='block_1_22' title="bbox 1323 275 2516 428">
    <p class='ocr_par' dir='ltr' id='par_1_34' title="bbox 1323 275 2516 428">
     <span class='ocr_line' id='line_1_82' title="bbox 2382 275 2516 308; baseline 0.007 -1"><span class='ocrx_word' id='word_1_656' title='bbox 2382 275 2459 307; x_wconf 89' lang='lat' dir='ltr'>Ann.</span> <span class='ocrx_word' id='word_1_657' title='bbox 2473 275 2516 308; x_wconf 85' lang='lat' dir='ltr'>D.</span> 
     </span>
     <span class='ocr_line' id='line_1_83' title="bbox 1323 324 2497 392; baseline -0.02 -23"><span class='ocrx_word' id='word_1_658' title='bbox 1323 336 1373 369; x_wconf 85' lang='lat' dir='ltr'>De</span> <span class='ocrx_word' id='word_1_659' title='bbox 1391 337 1579 368; x_wconf 77' lang='lat' dir='ltr'>Retinentia:</span> <span class='ocrx_word' id='word_1_660' title='bbox 1605 335 1641 371; x_wconf 56' lang='grc' dir='ltr'>(ξ’</span> <span class='ocrx_word' id='word_1_661' title='bbox 1663 331 1699 365; x_wconf 87' lang='lat' dir='ltr'>de</span> <span class='ocrx_word' id='word_1_662' title='bbox 1722 334 1874 379; x_wconf 85' lang='lat' dir='ltr'>Homagio</span> <span class='ocrx_word' id='word_1_663' title='bbox 1891 330 2015 378; x_wconf 76' lang='lat' dir='ltr'>praestito</span> <span class='ocrx_word' id='word_1_664' title='bbox 2026 345 2036 372; x_wconf 82' lang='lat'><em>3</em></span> <span class='ocrx_word' id='word_1_665' title='bbox 2064 334 2102 370; x_wconf 59' lang='grc' dir='ltr'>ᾤ’</span> <span class='ocrx_word' id='word_1_666' title='bbox 2121 330 2158 365; x_wconf 82' lang='lat' dir='ltr'>de</span> <span class='ocrx_word' id='word_1_667' title='bbox 2175 330 2297 378; x_wconf 72' lang='lat' dir='ltr'>admiffb</span> <span class='ocrx_word' id='word_1_668' title='bbox 2313 338 2345 367; x_wconf 70' lang='lat' dir='ltr'>in</span> <span class='ocrx_word' id='word_1_669' title='bbox 2380 324 2497 392; x_wconf 51' lang='grc' dir='ltr'>Εὗέ3ζ.</span> 
     </span>
     <span class='ocr_line' id='line_1_84' title="bbox 1612 381 2048 428; baseline 0 -14"><span class='ocrx_word' id='word_1_670' title='bbox 1612 381 1774 428; x_wconf 81' lang='lat' dir='ltr'>specialem</span> <span class='ocrx_word' id='word_1_671' title='bbox 1792 383 1881 427; x_wconf 76' lang='lat' dir='ltr'>Regis</span> <span class='ocrx_word' id='word_1_672' title='bbox 1895 381 2048 414; x_wconf 82' lang='lat' dir='ltr'>Militem.</span> 
     </span>
    </p>
   </div>
   <div class='ocr_carea' id='block_1_23' title="bbox 1300 464 2515 1276">
    <p class='ocr_par' dir='ltr' id='par_1_35' title="bbox 1300 464 2515 1276">
     <span class='ocr_line' id='line_1_85' title="bbox 1301 464 2498 529; baseline 0.002 -31"><span class='ocrx_word' id='word_1_673' title='bbox 1301 467 1507 529; x_wconf 85' lang='lat' dir='ltr'>EDwardus</span> <span class='ocrx_word' id='word_1_674' title='bbox 1520 493 1530 507; x_wconf 92' lang='lat'>,</span> <span class='ocrx_word' id='word_1_675' title='bbox 1555 467 1615 499; x_wconf 92' lang='lat' dir='ltr'>Dei</span> <span class='ocrx_word' id='word_1_676' title='bbox 1634 466 1735 507; x_wconf 68' lang='lat' dir='ltr'>gratia,</span> <span class='ocrx_word' id='word_1_677' title='bbox 1750 465 1815 496; x_wconf 85' lang='lat' dir='ltr'>Rex</span> <span class='ocrx_word' id='word_1_678' title='bbox 1832 465 1964 503; x_wconf 80' lang='lat' dir='ltr'>Angliae,</span> <span class='ocrx_word' id='word_1_679' title='bbox 1983 464 2131 496; x_wconf 85' lang='lat' dir='ltr'>Dominus</span> <span class='ocrx_word' id='word_1_680' title='bbox 2145 465 2313 506; x_wconf 85' lang='lat' dir='ltr'>Hiberniae,</span> <span class='ocrx_word' id='word_1_681' title='bbox 2332 469 2366 500; x_wconf 74' lang='grc' dir='ltr'>δε</span> <span class='ocrx_word' id='word_1_682' title='bbox 2382 465 2436 490; x_wconf 81' lang='lat' dir='ltr'>An.</span> <span class='ocrx_word' id='word_1_683' title='bbox 2453 471 2462 489; x_wconf 93' lang='lat'>¹</span> <span class='ocrx_word' id='word_1_684' title='bbox 2473 471 2498 489; x_wconf 91' lang='lat'>¹·</span> 
     </span>
     <span class='ocr_line' id='line_1_86' title="bbox 1379 504 2460 545; baseline 0.002 -9"><span class='ocrx_word' id='word_1_685' title='bbox 1379 505 1450 536; x_wconf 82' lang='lat' dir='ltr'>Dux</span> <span class='ocrx_word' id='word_1_686' title='bbox 1470 508 1631 545; x_wconf 76' lang='lat' dir='ltr'>Aquitaniae</span> <span class='ocrx_word' id='word_1_687' title='bbox 1645 530 1655 545; x_wconf 89' lang='lat'>,</span> <span class='ocrx_word' id='word_1_688' title='bbox 1679 506 1831 545; x_wconf 88' lang='lat' dir='ltr'>omnibus,</span> <span class='ocrx_word' id='word_1_689' title='bbox 1849 505 1883 535; x_wconf 93' lang='lat' dir='ltr'>ad</span> <span class='ocrx_word' id='word_1_690' title='bbox 1899 514 1971 543; x_wconf 90' lang='lat' dir='ltr'>quos</span> <span class='ocrx_word' id='word_1_691' title='bbox 1985 504 2133 543; x_wconf 65' lang='lat' dir='ltr'>praesentes</span> <span class='ocrx_word' id='word_1_692' title='bbox 2147 505 2254 537; x_wconf 90' lang='lat' dir='ltr'>Literae</span> <span class='ocrx_word' id='word_1_693' title='bbox 2266 516 2368 545; x_wconf 85' lang='lat' dir='ltr'>perve-</span> <span class='ocrx_word' id='word_1_694' title='bbox 2384 504 2413 526; x_wconf 75' lang='grc' dir='ltr'>Ε·</span> <span class='ocrx_word' id='word_1_695' title='bbox 2435 510 2460 537; x_wconf 84' lang='lat'>3·</span> 
     </span>
     <span class='ocr_line' id='line_1_87' title="bbox 1300 539 2501 583; baseline 0.002 -9"><span class='ocrx_word' id='word_1_696' title='bbox 1300 546 1411 583; x_wconf 82' lang='lat' dir='ltr'>nerim,</span> <span class='ocrx_word' id='word_1_697' title='bbox 1429 545 1562 576; x_wconf 84' lang='lat' dir='ltr'>Salutem.</span> <span class='ocrx_word' id='word_1_698' title='bbox 2381 539 2501 567; x_wconf 69' lang='lat' dir='ltr'>Alcman.</span> 
     </span>
     <span class='ocr_line' id='line_1_88' title="bbox 1337 581 2515 622; baseline 0.001 -8"><span class='ocrx_word' id='word_1_699' title='bbox 1337 584 1436 614; x_wconf 88' lang='lat' dir='ltr'>Sciatis</span> <span class='ocrx_word' id='word_1_700' title='bbox 1449 584 1547 622; x_wconf 83' lang='lat' dir='ltr'>quod,</span> <span class='ocrx_word' id='word_1_701' title='bbox 2387 586 2396 603; x_wconf 93' lang='lat'>¹</span> <span class='ocrx_word' id='word_1_702' title='bbox 2406 586 2429 605; x_wconf 92' lang='lat'>¹·</span> <span class='ocrx_word' id='word_1_703' title='bbox 2444 581 2475 606; x_wconf 79' lang='lat' dir='ltr'>E.</span> <span class='ocrx_word' id='word_1_704' title='bbox 2490 587 2515 615; x_wconf 84' lang='lat'>3·</span> 
     </span>
     <span class='ocr_line' id='line_1_89' title="bbox 1339 619 2465 661; baseline -0.001 -9"><span class='ocrx_word' id='word_1_705' title='bbox 1339 622 1421 653; x_wconf 79' lang='lat' dir='ltr'>Cum</span> <span class='ocrx_word' id='word_1_706' title='bbox 1433 645 1444 661; x_wconf 86' lang='lat'>,</span> <span class='ocrx_word' id='word_1_707' title='bbox 1467 621 1573 653; x_wconf 88' lang='lat' dir='ltr'>strenui</span> <span class='ocrx_word' id='word_1_708' title='bbox 1592 622 1720 661; x_wconf 69' lang='lat' dir='ltr'>Milites,</span> <span class='ocrx_word' id='word_1_709' title='bbox 1739 620 1897 653; x_wconf 83' lang='lat' dir='ltr'>Cori-ardus</span> <span class='ocrx_word' id='word_1_710' title='bbox 1908 621 1945 651; x_wconf 89' lang='lat' dir='ltr'>de</span> <span class='ocrx_word' id='word_1_711' title='bbox 1960 620 2036 656; x_wconf 77' lang='lat' dir='ltr'>Affi,</span> <span class='ocrx_word' id='word_1_712' title='bbox 2055 619 2214 653; x_wconf 87' lang='lat' dir='ltr'>Corrardus</span> <span class='ocrx_word' id='word_1_713' title='bbox 2227 621 2263 653; x_wconf 87' lang='lat' dir='ltr'>de</span> <span class='ocrx_word' id='word_1_714' title='bbox 2280 623 2367 661; x_wconf 91' lang='lat' dir='ltr'>Lyse-</span> <span class='ocrx_word' id='word_1_715' title='bbox 2383 624 2421 644; x_wconf 73' lang='lat' dir='ltr'>m·</span> <span class='ocrx_word' id='word_1_716' title='bbox 2437 624 2465 651; x_wconf 88' lang='lat'>7·</span> 
     </span>
     <span class='ocr_line' id='line_1_90' title="bbox 1300 659 2366 700; baseline 0.002 -9"><span class='ocrx_word' id='word_1_717' title='bbox 1300 671 1355 700; x_wconf 80' lang='lat' dir='ltr'>ny,</span> <span class='ocrx_word' id='word_1_718' title='bbox 1369 661 1515 700; x_wconf 88' lang='lat' dir='ltr'>Johannes</span> <span class='ocrx_word' id='word_1_719' title='bbox 1532 661 1568 692; x_wconf 92' lang='lat' dir='ltr'>de</span> <span class='ocrx_word' id='word_1_720' title='bbox 1588 661 1746 691; x_wconf 86' lang='lat' dir='ltr'>Bosenham</span> <span class='ocrx_word' id='word_1_721' title='bbox 1761 684 1771 699; x_wconf 88' lang='lat'>,</span> <span class='ocrx_word' id='word_1_722' title='bbox 1788 661 1956 691; x_wconf 88' lang='lat' dir='ltr'>Winmerus</span> <span class='ocrx_word' id='word_1_723' title='bbox 1967 660 2004 690; x_wconf 91' lang='lat' dir='ltr'>de</span> <span class='ocrx_word' id='word_1_724' title='bbox 2017 659 2175 699; x_wconf 86' lang='lat' dir='ltr'>Gomeny,</span> <span class='ocrx_word' id='word_1_725' title='bbox 2193 662 2228 692; x_wconf 91' lang='lat'>&amp;</span> <span class='ocrx_word' id='word_1_726' title='bbox 2242 661 2366 693; x_wconf 78' lang='lat' dir='ltr'>Williel-</span> 
     </span>
     <span class='ocr_line' id='line_1_91' title="bbox 1303 698 2365 740; baseline 0.002 -10"><span class='ocrx_word' id='word_1_727' title='bbox 1303 709 1366 730; x_wconf 85' lang='lat' dir='ltr'>mus</span> <span class='ocrx_word' id='word_1_728' title='bbox 1388 699 1424 730; x_wconf 90' lang='lat' dir='ltr'>de</span> <span class='ocrx_word' id='word_1_729' title='bbox 1444 699 1539 740; x_wconf 90' lang='lat' dir='ltr'>Urley</span> <span class='ocrx_word' id='word_1_730' title='bbox 1554 724 1564 737; x_wconf 94' lang='lat'>,</span> <span class='ocrx_word' id='word_1_731' title='bbox 1586 699 1686 730; x_wconf 91' lang='lat' dir='ltr'>Nobis</span> <span class='ocrx_word' id='word_1_732' title='bbox 1708 700 1742 730; x_wconf 93' lang='lat'>&amp;</span> <span class='ocrx_word' id='word_1_733' title='bbox 1762 700 1931 730; x_wconf 85' lang='lat' dir='ltr'>Haeredibus</span> <span class='ocrx_word' id='word_1_734' title='bbox 1944 698 2046 729; x_wconf 85' lang='lat' dir='ltr'>nostris</span> <span class='ocrx_word' id='word_1_735' title='bbox 2059 698 2228 738; x_wconf 63' lang='lat' dir='ltr'>Fidenatis,</span> <span class='ocrx_word' id='word_1_736' title='bbox 2245 700 2280 732; x_wconf 89' lang='lat'>&amp;</span> <span class='ocrx_word' id='word_1_737' title='bbox 2296 700 2365 732; x_wconf 90' lang='lat' dir='ltr'>Ho-</span> 
     </span>
     <span class='ocr_line' id='line_1_92' title="bbox 1301 735 2196 778; baseline -0.002 -9"><span class='ocrx_word' id='word_1_738' title='bbox 1301 739 1405 778; x_wconf 84' lang='lat' dir='ltr'>magii,</span> <span class='ocrx_word' id='word_1_739' title='bbox 1422 735 1483 773; x_wconf 78' lang='lat' dir='ltr'>&amp;c.</span> <span class='ocrx_word' id='word_1_740' title='bbox 1498 745 1581 777; x_wconf 77' lang='lat' dir='ltr'>prout</span> <span class='ocrx_word' id='word_1_741' title='bbox 1595 738 1626 767; x_wconf 81' lang='lat' dir='ltr'>de</span> <span class='ocrx_word' id='word_1_742' title='bbox 1638 739 1698 768; x_wconf 78' lang='lat' dir='ltr'>dat.</span> <span class='ocrx_word' id='word_1_743' title='bbox 1717 747 1734 775; x_wconf 93' lang='lat'><em>7</em></span> <span class='ocrx_word' id='word_1_744' title='bbox 1753 737 1817 776; x_wconf 88' lang='lat' dir='ltr'>Jul.</span> <span class='ocrx_word' id='word_1_745' title='bbox 1836 739 1868 768; x_wconf 88' lang='lat' dir='ltr'>de</span> <span class='ocrx_word' id='word_1_746' title='bbox 1881 741 2054 776; x_wconf 74' lang='lat' dir='ltr'>Retentione,</span> <span class='ocrx_word' id='word_1_747' title='bbox 2073 744 2139 767; x_wconf 83' lang='lat' dir='ltr'>tunc</span> <span class='ocrx_word' id='word_1_748' title='bbox 2153 737 2196 778; x_wconf 79' lang='lat' dir='ltr'>sic.</span> 
     </span>
     <span class='ocr_line' id='line_1_93' title="bbox 1342 775 2366 817; baseline 0.002 -10"><span class='ocrx_word' id='word_1_749' title='bbox 1342 777 1425 815; x_wconf 79' lang='lat' dir='ltr'>Nos,</span> <span class='ocrx_word' id='word_1_750' title='bbox 1445 778 1574 815; x_wconf 66' lang='lat' dir='ltr'>praefatos</span> <span class='ocrx_word' id='word_1_751' title='bbox 1591 775 1699 807; x_wconf 69' lang='lat' dir='ltr'>Milites</span> <span class='ocrx_word' id='word_1_752' title='bbox 1712 777 1741 806; x_wconf 90' lang='lat' dir='ltr'>in</span> <span class='ocrx_word' id='word_1_753' title='bbox 1756 777 1867 807; x_wconf 88' lang='lat' dir='ltr'>nostros</span> <span class='ocrx_word' id='word_1_754' title='bbox 1880 777 1988 808; x_wconf 86' lang='lat' dir='ltr'>Fideles</span> <span class='ocrx_word' id='word_1_755' title='bbox 2007 777 2159 815; x_wconf 85' lang='lat' dir='ltr'>specialiter</span> <span class='ocrx_word' id='word_1_756' title='bbox 2173 777 2366 817; x_wconf 87' lang='lat' dir='ltr'>admittentes,</span> 
     </span>
     <span class='ocr_line' id='line_1_94' title="bbox 1301 815 2367 885; baseline 0.002 -39"><span class='ocrx_word' id='word_1_757' title='bbox 1301 815 1362 885; x_wconf 46' lang='lat' dir='ltr'>{ari</span> <span class='ocrx_word' id='word_1_758' title='bbox 1384 816 1557 863; x_wconf 24' lang='lat' dir='ltr'>&amp;lapersolvi</span> <span class='ocrx_word' id='word_1_759' title='bbox 1577 815 1698 847; x_wconf 84' lang='lat' dir='ltr'>fecimus</span> <span class='ocrx_word' id='word_1_760' title='bbox 1715 815 1829 846; x_wconf 86' lang='lat' dir='ltr'>cuilibet</span> <span class='ocrx_word' id='word_1_761' title='bbox 1850 826 1952 847; x_wconf 84' lang='lat' dir='ltr'>eorum</span> <span class='ocrx_word' id='word_1_762' title='bbox 1974 817 2155 856; x_wconf 86' lang='lat' dir='ltr'>Qingentos</span> <span class='ocrx_word' id='word_1_763' title='bbox 2176 815 2315 848; x_wconf 91' lang='lat' dir='ltr'>Florenos</span> <span class='ocrx_word' id='word_1_764' title='bbox 2330 818 2367 849; x_wconf 90' lang='lat' dir='ltr'>de</span> 
     </span>
     <span class='ocr_line' id='line_1_95' title="bbox 1336 863 1463 893; baseline -0.008 -8"><span class='ocrx_word' id='word_1_765' title='bbox 1336 863 1463 893; x_wconf 82' lang='lat' dir='ltr'>orenna,</span> 
     </span>
     <span class='ocr_line' id='line_1_96' title="bbox 1340 892 2369 934; baseline 0.001 -10"><span class='ocrx_word' id='word_1_766' title='bbox 1340 892 1419 924; x_wconf 89' lang='lat' dir='ltr'>Cum</span> <span class='ocrx_word' id='word_1_767' title='bbox 1439 894 1541 932; x_wconf 89' lang='lat' dir='ltr'>quibus</span> <span class='ocrx_word' id='word_1_768' title='bbox 1562 892 1688 924; x_wconf 89' lang='lat' dir='ltr'>Florenis</span> <span class='ocrx_word' id='word_1_769' title='bbox 1707 892 1824 931; x_wconf 89' lang='lat' dir='ltr'>quilibet</span> <span class='ocrx_word' id='word_1_770' title='bbox 1837 892 1983 923; x_wconf 64' lang='lat' dir='ltr'>dierorum</span> <span class='ocrx_word' id='word_1_771' title='bbox 2004 893 2150 934; x_wconf 84' lang='lat' dir='ltr'>Militum,</span> <span class='ocrx_word' id='word_1_772' title='bbox 2168 904 2221 933; x_wconf 85' lang='lat' dir='ltr'>pro</span> <span class='ocrx_word' id='word_1_773' title='bbox 2235 895 2369 932; x_wconf 81' lang='lat' dir='ltr'>portione</span> 
     </span>
     <span class='ocr_line' id='line_1_97' title="bbox 1303 930 2367 973; baseline 0.001 -11"><span class='ocrx_word' id='word_1_774' title='bbox 1303 932 1366 971; x_wconf 68' lang='lat' dir='ltr'>suri,</span> <span class='ocrx_word' id='word_1_775' title='bbox 1387 941 1476 963; x_wconf 86' lang='lat' dir='ltr'>certas</span> <span class='ocrx_word' id='word_1_776' title='bbox 1499 932 1603 962; x_wconf 88' lang='lat' dir='ltr'>Terras</span> <span class='ocrx_word' id='word_1_777' title='bbox 1616 955 1626 970; x_wconf 92' lang='lat'>,</span> <span class='ocrx_word' id='word_1_778' title='bbox 1651 931 1698 962; x_wconf 90' lang='lat' dir='ltr'>vel</span> <span class='ocrx_word' id='word_1_779' title='bbox 1713 939 1806 962; x_wconf 88' lang='lat' dir='ltr'>certos</span> <span class='ocrx_word' id='word_1_780' title='bbox 1821 930 1980 970; x_wconf 80' lang='lat' dir='ltr'>Redditus,</span> <span class='ocrx_word' id='word_1_781' title='bbox 1996 934 2189 973; x_wconf 79' lang='lat' dir='ltr'>comparabit,</span> <span class='ocrx_word' id='word_1_782' title='bbox 2211 931 2270 968; x_wconf 64' lang='lat' dir='ltr'>&amp;a</span> <span class='ocrx_word' id='word_1_783' title='bbox 2285 941 2367 973; x_wconf 76' lang='lat' dir='ltr'>prout</span> 
     </span>
     <span class='ocr_line' id='line_1_98' title="bbox 1302 971 2223 1011; baseline 0.002 -10"><span class='ocrx_word' id='word_1_784' title='bbox 1302 971 1335 1001; x_wconf 83' lang='lat' dir='ltr'>de</span> <span class='ocrx_word' id='word_1_785' title='bbox 1349 971 1419 1001; x_wconf 53' lang='lat' dir='ltr'>datii</span> <span class='ocrx_word' id='word_1_786' title='bbox 1435 971 1594 1009; x_wconf 64' lang='lat' dir='ltr'>antedidld,</span> <span class='ocrx_word' id='word_1_787' title='bbox 1609 972 1724 999; x_wconf 79' lang='lat' dir='ltr'>mutatis</span> <span class='ocrx_word' id='word_1_788' title='bbox 1739 975 1915 1009; x_wconf 76' lang='lat' dir='ltr'>competenter</span> <span class='ocrx_word' id='word_1_789' title='bbox 1930 971 2084 1011; x_wconf 80' lang='lat' dir='ltr'>mutandis,</span> <span class='ocrx_word' id='word_1_790' title='bbox 2100 979 2166 1002; x_wconf 89' lang='lat' dir='ltr'>tunc</span> <span class='ocrx_word' id='word_1_791' title='bbox 2191 984 2223 1003; x_wconf 80' lang='lat' dir='ltr'>ic.</span> 
     </span>
     <span class='ocr_line' id='line_1_99' title="bbox 1340 1006 2367 1052; baseline 0.002 -11"><span class='ocrx_word' id='word_1_792' title='bbox 1340 1010 1558 1041; x_wconf 82' lang='lat' dir='ltr'>Confiderantes</span> <span class='ocrx_word' id='word_1_793' title='bbox 1580 1010 1665 1040; x_wconf 88' lang='lat' dir='ltr'>etiam</span> <span class='ocrx_word' id='word_1_794' title='bbox 1679 1006 2019 1052; x_wconf 55' lang='lat' dir='ltr'>strenmtatemfialfredi</span> <span class='ocrx_word' id='word_1_795' title='bbox 2037 1008 2074 1040; x_wconf 90' lang='lat' dir='ltr'>de</span> <span class='ocrx_word' id='word_1_796' title='bbox 2087 1009 2180 1050; x_wconf 83' lang='lat' dir='ltr'>Bergh</span> <span class='ocrx_word' id='word_1_797' title='bbox 2196 1010 2314 1050; x_wconf 87' lang='lat' dir='ltr'>Militis,</span> <span class='ocrx_word' id='word_1_798' title='bbox 2332 1011 2367 1043; x_wconf 86' lang='lat'>&amp;</span> 
     </span>
     <span class='ocr_line' id='line_1_100' title="bbox 1301 1046 2367 1089; baseline 0.001 -9"><span class='ocrx_word' id='word_1_799' title='bbox 1301 1050 1479 1080; x_wconf 85' lang='lat' dir='ltr'>voluntatem</span> <span class='ocrx_word' id='word_1_800' title='bbox 1503 1058 1590 1087; x_wconf 81' lang='lat' dir='ltr'>quam</span> <span class='ocrx_word' id='word_1_801' title='bbox 1611 1048 1696 1078; x_wconf 88' lang='lat' dir='ltr'>habet</span> <span class='ocrx_word' id='word_1_802' title='bbox 1717 1055 1748 1078; x_wconf 93' lang='lat' dir='ltr'>ut</span> <span class='ocrx_word' id='word_1_803' title='bbox 1769 1047 1854 1078; x_wconf 90' lang='lat' dir='ltr'>nobis</span> <span class='ocrx_word' id='word_1_804' title='bbox 1872 1056 1902 1076; x_wconf 89' lang='lat' dir='ltr'>in</span> <span class='ocrx_word' id='word_1_805' title='bbox 1922 1046 2019 1077; x_wconf 90' lang='lat' dir='ltr'>Armis</span> <span class='ocrx_word' id='word_1_806' title='bbox 2031 1047 2202 1081; x_wconf 85' lang='lat' dir='ltr'>Militaribus</span> <span class='ocrx_word' id='word_1_807' title='bbox 2215 1050 2367 1089; x_wconf 86' lang='lat' dir='ltr'>deserviat,</span> 
     </span>
     <span class='ocr_line' id='line_1_101' title="bbox 1302 1084 2090 1127; baseline -0.004 -7"><span class='ocrx_word' id='word_1_808' title='bbox 1302 1089 1396 1127; x_wconf 88' lang='lat' dir='ltr'>Ipsum</span> <span class='ocrx_word' id='word_1_809' title='bbox 1409 1089 1439 1118; x_wconf 93' lang='lat' dir='ltr'>in</span> <span class='ocrx_word' id='word_1_810' title='bbox 1451 1087 1584 1118; x_wconf 87' lang='lat' dir='ltr'>nostrum</span> <span class='ocrx_word' id='word_1_811' title='bbox 1599 1085 1728 1117; x_wconf 84' lang='lat' dir='ltr'>Militem</span> <span class='ocrx_word' id='word_1_812' title='bbox 1742 1085 1919 1116; x_wconf 90' lang='lat' dir='ltr'>admittimus</span> <span class='ocrx_word' id='word_1_813' title='bbox 1933 1084 2090 1124; x_wconf 85' lang='lat' dir='ltr'>specialem.</span> 
     </span>
     <span class='ocr_line' id='line_1_102' title="bbox 1340 1123 2368 1196; baseline 0.001 -38"><span class='ocrx_word' id='word_1_814' title='bbox 1340 1127 1517 1196; x_wconf 58' lang='lat' dir='ltr'>Isslgluorum</span> <span class='ocrx_word' id='word_1_815' title='bbox 1529 1126 1663 1157; x_wconf 90' lang='lat' dir='ltr'>omnium</span> <span class='ocrx_word' id='word_1_816' title='bbox 1676 1124 1892 1156; x_wconf 86' lang='lat' dir='ltr'>Testimonium</span> <span class='ocrx_word' id='word_1_817' title='bbox 1904 1123 1952 1155; x_wconf 88' lang='lat' dir='ltr'>has</span> <span class='ocrx_word' id='word_1_818' title='bbox 1967 1124 2076 1156; x_wconf 87' lang='lat' dir='ltr'>Literas</span> <span class='ocrx_word' id='word_1_819' title='bbox 2095 1124 2203 1158; x_wconf 87' lang='lat' dir='ltr'>nostras</span> <span class='ocrx_word' id='word_1_820' title='bbox 2223 1127 2284 1158; x_wconf 90' lang='lat' dir='ltr'>fieri</span> <span class='ocrx_word' id='word_1_821' title='bbox 2298 1127 2368 1159; x_wconf 90' lang='lat' dir='ltr'>feci-</span> 
     </span>
     <span class='ocr_line' id='line_1_103' title="bbox 1303 1175 1518 1198; baseline -0.009 0"><span class='ocrx_word' id='word_1_822' title='bbox 1303 1177 1366 1198; x_wconf 89' lang='lat' dir='ltr'>mus</span> <span class='ocrx_word' id='word_1_823' title='bbox 1405 1175 1518 1196; x_wconf 81' lang='lat' dir='ltr'>arentes.</span> 
     </span>
     <span class='ocr_line' id='line_1_104' title="bbox 1339 1201 2366 1245; baseline 0 -9"><span class='ocrx_word' id='word_1_824' title='bbox 1339 1205 1409 1236; x_wconf 87' lang='lat' dir='ltr'>Dat.</span> <span class='ocrx_word' id='word_1_825' title='bbox 1427 1204 1502 1242; x_wconf 84' lang='lat' dir='ltr'>apud</span> <span class='ocrx_word' id='word_1_826' title='bbox 1520 1204 1564 1234; x_wconf 87' lang='lat' dir='ltr'>W</span> <span class='ocrx_word' id='word_1_827' title='bbox 1566 1202 1814 1235; x_wconf 82' lang='lat' dir='ltr'>estmonasterium</span> <span class='ocrx_word' id='word_1_828' title='bbox 1830 1225 1840 1241; x_wconf 85' lang='lat'>,</span> <span class='ocrx_word' id='word_1_829' title='bbox 1864 1201 2002 1234; x_wconf 87' lang='lat' dir='ltr'>vicefimo</span> <span class='ocrx_word' id='word_1_830' title='bbox 2022 1202 2144 1242; x_wconf 84' lang='lat' dir='ltr'>septimo</span> <span class='ocrx_word' id='word_1_831' title='bbox 2161 1202 2207 1235; x_wconf 85' lang='lat' dir='ltr'>die</span> <span class='ocrx_word' id='word_1_832' title='bbox 2230 1203 2366 1245; x_wconf 82' lang='lat' dir='ltr'>Augusti,</span> 
     </span>
     <span class='ocr_line' id='line_1_105' title="bbox 1301 1243 1648 1276; baseline -0.009 0"><span class='ocrx_word' id='word_1_833' title='bbox 1301 1245 1391 1276; x_wconf 88' lang='lat' dir='ltr'>Anno</span> <span class='ocrx_word' id='word_1_834' title='bbox 1405 1245 1465 1276; x_wconf 66' lang='lat' dir='ltr'>&amp;e</span> <span class='ocrx_word' id='word_1_835' title='bbox 1484 1243 1648 1275; x_wconf 89' lang='lat' dir='ltr'>undecimo.</span> 
     </span>
    </p>
   </div>
   <div class='ocr_carea' id='block_1_24' title="bbox 1323 1369 2344 1418">
    <p class='ocr_par' dir='ltr' id='par_1_36' title="bbox 1323 1369 2344 1418">
     <span class='ocr_line' id='line_1_106' title="bbox 1323 1369 2344 1418; baseline -0.001 -13"><span class='ocrx_word' id='word_1_836' title='bbox 1323 1370 1383 1405; x_wconf 86' lang='lat' dir='ltr'>Ad</span> <span class='ocrx_word' id='word_1_837' title='bbox 1408 1374 1518 1418; x_wconf 82' lang='lat' dir='ltr'>Regem</span> <span class='ocrx_word' id='word_1_838' title='bbox 1544 1373 1724 1418; x_wconf 85' lang='lat' dir='ltr'>Aragoniae,</span> <span class='ocrx_word' id='word_1_839' title='bbox 1749 1369 1784 1403; x_wconf 86' lang='lat' dir='ltr'>de</span> <span class='ocrx_word' id='word_1_840' title='bbox 1812 1373 1941 1416; x_wconf 76' lang='lat' dir='ltr'>antiqua</span> <span class='ocrx_word' id='word_1_841' title='bbox 1959 1369 2113 1401; x_wconf 77' lang='lat' dir='ltr'>Amicitia</span> <span class='ocrx_word' id='word_1_842' title='bbox 2132 1369 2344 1404; x_wconf 72' lang='lat' dir='ltr'>continuanda.</span> 
     </span>
    </p>
   </div>
   <div class='ocr_carea' id='block_1_25' title="bbox 1299 1443 2521 2196">
    <p class='ocr_par' dir='ltr' id='par_1_37' title="bbox 1301 1443 2520 1562">
     <span class='ocr_line' id='line_1_107' title="bbox 1301 1443 2520 1524; baseline -0.003 -35"><span class='ocrx_word' id='word_1_843' title='bbox 1301 1457 1515 1521; x_wconf 74' lang='lat' dir='ltr'>MAgnifico</span> <span class='ocrx_word' id='word_1_844' title='bbox 1536 1456 1688 1496; x_wconf 80' lang='lat' dir='ltr'>principi,</span> <span class='ocrx_word' id='word_1_845' title='bbox 1713 1455 1848 1486; x_wconf 88' lang='lat' dir='ltr'>Domino</span> <span class='ocrx_word' id='word_1_846' title='bbox 1871 1453 1957 1485; x_wconf 86' lang='lat' dir='ltr'>Petro</span> <span class='ocrx_word' id='word_1_847' title='bbox 2003 1452 2063 1484; x_wconf 85' lang='lat' dir='ltr'>Dei</span> <span class='ocrx_word' id='word_1_848' title='bbox 2068 1454 2178 1524; x_wconf 66' lang='lat' dir='ltr'>Igratifi,</span> <span class='ocrx_word' id='word_1_849' title='bbox 2195 1455 2251 1486; x_wconf 86' lang='lat' dir='ltr'>Ara</span> <span class='ocrx_word' id='word_1_850' title='bbox 2272 1457 2366 1496; x_wconf 80' lang='lat' dir='ltr'>oniae,</span> <span class='ocrx_word' id='word_1_851' title='bbox 2386 1443 2463 1475; x_wconf 74' lang='lat' dir='ltr'>Ann·</span> <span class='ocrx_word' id='word_1_852' title='bbox 2474 1444 2520 1476; x_wconf 83' lang='lat' dir='ltr'>D·</span> 
     </span>
     <span class='ocr_line' id='line_1_108' title="bbox 1397 1493 2493 1562; baseline -0.005 -35"><span class='ocrx_word' id='word_1_853' title='bbox 1397 1496 1535 1527; x_wconf 82' lang='lat' dir='ltr'>Valentiae</span> <span class='ocrx_word' id='word_1_854' title='bbox 1549 1521 1559 1534; x_wconf 89' lang='lat'>,</span> <span class='ocrx_word' id='word_1_855' title='bbox 1584 1495 1719 1527; x_wconf 69' lang='lat' dir='ltr'>Sardiniae</span> <span class='ocrx_word' id='word_1_856' title='bbox 1735 1518 1745 1533; x_wconf 88' lang='lat'>,</span> <span class='ocrx_word' id='word_1_857' title='bbox 1769 1495 1803 1526; x_wconf 87' lang='lat'>&amp;</span> <span class='ocrx_word' id='word_1_858' title='bbox 1823 1493 1952 1524; x_wconf 80' lang='lat' dir='ltr'>Corsicae</span> <span class='ocrx_word' id='word_1_859' title='bbox 2006 1501 2051 1562; x_wconf 55' lang='lat' dir='ltr'>egi</span> <span class='ocrx_word' id='word_1_860' title='bbox 2083 1493 2187 1532; x_wconf 79' lang='lat' dir='ltr'>llustri,</span> <span class='ocrx_word' id='word_1_861' title='bbox 2204 1504 2238 1525; x_wconf 89' lang='lat' dir='ltr'>ac</span> <span class='ocrx_word' id='word_1_862' title='bbox 2283 1497 2368 1527; x_wconf 87' lang='lat' dir='ltr'>omiti</span> <span class='ocrx_word' id='word_1_863' title='bbox 2407 1493 2493 1524; x_wconf 84' lang='lat'>¹337·</span> 
     </span>
    </p>

    <p class='ocr_par' dir='ltr' id='par_1_38' title="bbox 1300 1526 2520 1652">
     <span class='ocr_line' id='line_1_109' title="bbox 1300 1526 2500 1574; baseline -0.003 -7"><span class='ocrx_word' id='word_1_864' title='bbox 1300 1537 1506 1574; x_wconf 74' lang='lat' dir='ltr'>Barchinon-ae,</span> <span class='ocrx_word' id='word_1_865' title='bbox 1524 1534 1742 1574; x_wconf 86' lang='lat' dir='ltr'>Consanguineo</span> <span class='ocrx_word' id='word_1_866' title='bbox 1757 1534 1807 1564; x_wconf 89' lang='lat' dir='ltr'>suo</span> <span class='ocrx_word' id='word_1_867' title='bbox 1820 1532 1979 1570; x_wconf 83' lang='lat' dir='ltr'>cariffirno‚</span> <span class='ocrx_word' id='word_1_868' title='bbox 1993 1531 2018 1562; x_wconf 88' lang='lat' dir='ltr'>E</span> <span class='ocrx_word' id='word_1_869' title='bbox 2041 1532 2295 1571; x_wconf 86' lang='lat' dir='ltr'>wardus,ejusdem</span> <span class='ocrx_word' id='word_1_870' title='bbox 2303 1543 2367 1573; x_wconf 81' lang='lat' dir='ltr'>gra·</span> <span class='ocrx_word' id='word_1_871' title='bbox 2382 1526 2433 1550; x_wconf 68' lang='lat' dir='ltr'>An·</span> <span class='ocrx_word' id='word_1_872' title='bbox 2458 1533 2500 1551; x_wconf 85' lang='lat'>¹¹·</span> 
     </span>
     <span class='ocr_line' id='line_1_110' title="bbox 1300 1565 2457 1614; baseline -0.003 -7"><span class='ocrx_word' id='word_1_873' title='bbox 1300 1575 1355 1614; x_wconf 67' lang='lat' dir='ltr'>tia,</span> <span class='ocrx_word' id='word_1_874' title='bbox 1373 1575 1440 1605; x_wconf 76' lang='lat' dir='ltr'>Rex</span> <span class='ocrx_word' id='word_1_875' title='bbox 1455 1574 1582 1613; x_wconf 82' lang='lat' dir='ltr'>Angliae,</span> <span class='ocrx_word' id='word_1_876' title='bbox 1602 1572 1751 1604; x_wconf 88' lang='lat' dir='ltr'>Dominus</span> <span class='ocrx_word' id='word_1_877' title='bbox 1764 1571 1930 1610; x_wconf 76' lang='lat' dir='ltr'>Hiberniae,</span> <span class='ocrx_word' id='word_1_878' title='bbox 1947 1572 1982 1603; x_wconf 69' lang='grc' dir='ltr'>ὃς</span> <span class='ocrx_word' id='word_1_879' title='bbox 1996 1569 2067 1602; x_wconf 87' lang='lat' dir='ltr'>Dux</span> <span class='ocrx_word' id='word_1_880' title='bbox 2082 1571 2244 1610; x_wconf 63' lang='lat' dir='ltr'>Aquitani-„e</span> <span class='ocrx_word' id='word_1_881' title='bbox 2258 1597 2268 1611; x_wconf 92' lang='lat'>,</span> <span class='ocrx_word' id='word_1_882' title='bbox 2288 1573 2367 1604; x_wconf 89' lang='lat' dir='ltr'>Salu-</span> <span class='ocrx_word' id='word_1_883' title='bbox 2381 1565 2410 1588; x_wconf 79' lang='lat' dir='ltr'>E.</span> <span class='ocrx_word' id='word_1_884' title='bbox 2432 1571 2457 1598; x_wconf 87' lang='lat'>3·</span> 
     </span>
     <span class='ocr_line' id='line_1_111' title="bbox 1300 1599 2520 1652; baseline -0.007 -6"><span class='ocrx_word' id='word_1_885' title='bbox 1300 1622 1377 1652; x_wconf 88' lang='lat' dir='ltr'>tem,</span> <span class='ocrx_word' id='word_1_886' title='bbox 1395 1615 1429 1646; x_wconf 92' lang='lat'>&amp;</span> <span class='ocrx_word' id='word_1_887' title='bbox 1445 1613 1540 1644; x_wconf 88' lang='lat' dir='ltr'>felices</span> <span class='ocrx_word' id='word_1_888' title='bbox 1554 1613 1589 1644; x_wconf 91' lang='lat' dir='ltr'>ad</span> <span class='ocrx_word' id='word_1_889' title='bbox 1604 1621 1672 1643; x_wconf 80' lang='lat' dir='ltr'>vota</span> <span class='ocrx_word' id='word_1_890' title='bbox 1684 1611 1834 1643; x_wconf 87' lang='lat' dir='ltr'>successus.</span> <span class='ocrx_word' id='word_1_891' title='bbox 2382 1599 2520 1638; x_wconf 62' lang='lat' dir='ltr'>Cl‘&#39;us-¹¹·</span> 
     </span>
    </p>

    <p class='ocr_par' dir='ltr' id='par_1_39' title="bbox 1301 1643 2521 1806">
     <span class='ocr_line' id='line_1_112' title="bbox 1338 1643 2521 1684; baseline -0.003 0"><span class='ocrx_word' id='word_1_892' title='bbox 1338 1652 1524 1684; x_wconf 88' lang='lat' dir='ltr'>Reducentes</span> <span class='ocrx_word' id='word_1_893' title='bbox 1545 1653 1574 1682; x_wconf 93' lang='lat' dir='ltr'>in</span> <span class='ocrx_word' id='word_1_894' title='bbox 1593 1650 1698 1682; x_wconf 83' lang='lat' dir='ltr'>debitae</span> <span class='ocrx_word' id='word_1_895' title='bbox 1720 1649 1951 1682; x_wconf 83' lang='lat' dir='ltr'>considerationis</span> <span class='ocrx_word' id='word_1_896' title='bbox 1966 1650 2096 1680; x_wconf 78' lang='lat' dir='ltr'>examine</span> <span class='ocrx_word' id='word_1_897' title='bbox 2110 1648 2208 1680; x_wconf 88' lang='lat' dir='ltr'>solidas</span> <span class='ocrx_word' id='word_1_898' title='bbox 2221 1650 2369 1681; x_wconf 82' lang='lat' dir='ltr'>Amicitias</span> <span class='ocrx_word' id='word_1_899' title='bbox 2385 1643 2413 1666; x_wconf 72' lang='grc' dir='ltr'>Ε·</span> <span class='ocrx_word' id='word_1_900' title='bbox 2427 1644 2483 1676; x_wconf 74' lang='grc' dir='ltr'>3·Ρ·</span> <span class='ocrx_word' id='word_1_901' title='bbox 2494 1648 2521 1666; x_wconf 86' lang='lat'>2·</span> 
     </span>
     <span class='ocr_line' id='line_1_113' title="bbox 1301 1678 2519 1730; baseline -0.003 -7"><span class='ocrx_word' id='word_1_902' title='bbox 1301 1693 1336 1724; x_wconf 91' lang='lat'>&amp;</span> <span class='ocrx_word' id='word_1_903' title='bbox 1356 1700 1433 1730; x_wconf 86' lang='lat' dir='ltr'>grata</span> <span class='ocrx_word' id='word_1_904' title='bbox 1452 1690 1576 1723; x_wconf 82' lang='lat' dir='ltr'>Subsidia</span> <span class='ocrx_word' id='word_1_905' title='bbox 1601 1690 1715 1728; x_wconf 86' lang='lat' dir='ltr'>(quibus</span> <span class='ocrx_word' id='word_1_906' title='bbox 1735 1687 1821 1721; x_wconf 86' lang='lat' dir='ltr'>vestri</span> <span class='ocrx_word' id='word_1_907' title='bbox 1840 1687 2041 1727; x_wconf 81' lang='lat' dir='ltr'>Progenitores</span> <span class='ocrx_word' id='word_1_908' title='bbox 2059 1689 2094 1720; x_wconf 92' lang='lat'>&amp;</span> <span class='ocrx_word' id='word_1_909' title='bbox 2115 1688 2206 1719; x_wconf 87' lang='lat' dir='ltr'>nostri</span> <span class='ocrx_word' id='word_1_910' title='bbox 2222 1688 2250 1719; x_wconf 90' lang='lat' dir='ltr'>se</span> <span class='ocrx_word' id='word_1_911' title='bbox 2263 1691 2368 1720; x_wconf 76' lang='lat' dir='ltr'>mutuo</span> <span class='ocrx_word' id='word_1_912' title='bbox 2385 1686 2476 1714; x_wconf 79' lang='lat' dir='ltr'>m·3¹·</span> <span class='ocrx_word' id='word_1_913' title='bbox 2493 1678 2519 1706; x_wconf 67' lang='lat'>‘³&#39;-</span> 
     </span>
     <span class='ocr_line' id='line_1_114' title="bbox 1301 1726 2369 1770; baseline -0.003 -8"><span class='ocrx_word' id='word_1_914' title='bbox 1301 1731 1411 1770; x_wconf 88' lang='lat' dir='ltr'>semper</span> <span class='ocrx_word' id='word_1_915' title='bbox 1432 1731 1463 1760; x_wconf 90' lang='lat' dir='ltr'>in</span> <span class='ocrx_word' id='word_1_916' title='bbox 1484 1729 1720 1768; x_wconf 84' lang='lat' dir='ltr'>oportunitatibus</span> <span class='ocrx_word' id='word_1_917' title='bbox 1740 1727 1950 1766; x_wconf 84' lang='lat' dir='ltr'>praevenerunt)</span> <span class='ocrx_word' id='word_1_918' title='bbox 1973 1726 2055 1757; x_wconf 87' lang='lat' dir='ltr'>Illam</span> <span class='ocrx_word' id='word_1_919' title='bbox 2075 1728 2149 1758; x_wconf 85' lang='lat' dir='ltr'>inter</span> <span class='ocrx_word' id='word_1_920' title='bbox 2169 1727 2240 1758; x_wconf 90' lang='lat' dir='ltr'>Nos</span> <span class='ocrx_word' id='word_1_921' title='bbox 2258 1729 2293 1760; x_wconf 92' lang='lat'>&amp;</span> <span class='ocrx_word' id='word_1_922' title='bbox 2307 1728 2369 1760; x_wconf 88' lang='lat' dir='ltr'>Vos</span> 
     </span>
     <span class='ocr_line' id='line_1_115' title="bbox 1303 1766 2263 1806; baseline -0.004 -5"><span class='ocrx_word' id='word_1_923' title='bbox 1303 1770 1470 1801; x_wconf 77' lang='lat' dir='ltr'>Amicitiam</span> <span class='ocrx_word' id='word_1_924' title='bbox 1481 1767 1582 1799; x_wconf 86' lang='lat' dir='ltr'>nostris</span> <span class='ocrx_word' id='word_1_925' title='bbox 1597 1768 1728 1806; x_wconf 87' lang='lat' dir='ltr'>cupimus</span> <span class='ocrx_word' id='word_1_926' title='bbox 1743 1766 1903 1797; x_wconf 86' lang='lat' dir='ltr'>continuari</span> <span class='ocrx_word' id='word_1_927' title='bbox 1915 1774 1974 1795; x_wconf 88' lang='lat' dir='ltr'>tem</span> <span class='ocrx_word' id='word_1_928' title='bbox 1995 1766 2091 1796; x_wconf 85' lang='lat' dir='ltr'>oribus</span> <span class='ocrx_word' id='word_1_929' title='bbox 2106 1766 2140 1797; x_wconf 90' lang='lat'>&amp;</span> <span class='ocrx_word' id='word_1_930' title='bbox 2154 1767 2263 1806; x_wconf 87' lang='lat' dir='ltr'>augeri:</span> 
     </span>
    </p>

    <p class='ocr_par' dir='ltr' id='par_1_40' title="bbox 1299 1804 2482 2159">
     <span class='ocr_line' id='line_1_116' title="bbox 1342 1804 2370 1848; baseline -0.002 -10"><span class='ocrx_word' id='word_1_931' title='bbox 1342 1808 1546 1848; x_wconf 85' lang='lat' dir='ltr'>Qiamobrem</span> <span class='ocrx_word' id='word_1_932' title='bbox 1559 1831 1570 1845; x_wconf 89' lang='lat'>,</span> <span class='ocrx_word' id='word_1_933' title='bbox 1601 1807 1672 1837; x_wconf 75' lang='lat' dir='ltr'>cum</span> <span class='ocrx_word' id='word_1_934' title='bbox 1693 1805 1728 1836; x_wconf 89' lang='lat' dir='ltr'>ad</span> <span class='ocrx_word' id='word_1_935' title='bbox 1745 1804 1952 1842; x_wconf 88' lang='lat' dir='ltr'>Repulsionem</span> <span class='ocrx_word' id='word_1_936' title='bbox 1987 1804 2087 1842; x_wconf 83' lang='lat' dir='ltr'>njuriae</span> <span class='ocrx_word' id='word_1_937' title='bbox 2107 1804 2142 1836; x_wconf 90' lang='lat'>&amp;</span> <span class='ocrx_word' id='word_1_938' title='bbox 2162 1804 2370 1836; x_wconf 84' lang='lat' dir='ltr'>Defenfionem</span> 
     </span>
     <span class='ocr_line' id='line_1_117' title="bbox 1299 1841 2370 1888; baseline -0.003 -10"><span class='ocrx_word' id='word_1_939' title='bbox 1299 1847 1422 1888; x_wconf 82' lang='lat' dir='ltr'>Justitiae</span> <span class='ocrx_word' id='word_1_940' title='bbox 1441 1846 1473 1877; x_wconf 86' lang='lat' dir='ltr'>sit</span> <span class='ocrx_word' id='word_1_941' title='bbox 1493 1845 1610 1883; x_wconf 86' lang='lat' dir='ltr'>Regalis</span> <span class='ocrx_word' id='word_1_942' title='bbox 1631 1844 1763 1875; x_wconf 87' lang='lat' dir='ltr'>Potentia</span> <span class='ocrx_word' id='word_1_943' title='bbox 1784 1843 1918 1874; x_wconf 77' lang='lat' dir='ltr'>divinitus</span> <span class='ocrx_word' id='word_1_944' title='bbox 1931 1841 2068 1880; x_wconf 85' lang='lat' dir='ltr'>instituta,</span> <span class='ocrx_word' id='word_1_945' title='bbox 2087 1842 2210 1873; x_wconf 82' lang='lat' dir='ltr'>vestram</span> <span class='ocrx_word' id='word_1_946' title='bbox 2225 1843 2370 1882; x_wconf 87' lang='lat' dir='ltr'>Regalem</span> 
     </span>
     <span class='ocr_line' id='line_1_118' title="bbox 1304 1881 2370 1926; baseline -0.004 -9"><span class='ocrx_word' id='word_1_947' title='bbox 1304 1885 1554 1926; x_wconf 87' lang='lat' dir='ltr'>Magnificentiam</span> <span class='ocrx_word' id='word_1_948' title='bbox 1568 1892 1603 1914; x_wconf 82' lang='lat' dir='ltr'>ex</span> <span class='ocrx_word' id='word_1_949' title='bbox 1617 1882 1705 1914; x_wconf 87' lang='lat' dir='ltr'>corde</span> <span class='ocrx_word' id='word_1_950' title='bbox 1719 1892 1851 1922; x_wconf 82' lang='lat' dir='ltr'>rogamus</span> <span class='ocrx_word' id='word_1_951' title='bbox 1867 1881 1994 1920; x_wconf 84' lang='lat' dir='ltr'>quatinus</span> <span class='ocrx_word' id='word_1_952' title='bbox 2003 1903 2013 1920; x_wconf 86' lang='lat'>,</span> <span class='ocrx_word' id='word_1_953' title='bbox 2029 1881 2063 1911; x_wconf 87' lang='lat' dir='ltr'>ad</span> <span class='ocrx_word' id='word_1_954' title='bbox 2077 1882 2291 1920; x_wconf 85' lang='lat' dir='ltr'>reprimendum</span> <span class='ocrx_word' id='word_1_955' title='bbox 2299 1882 2370 1913; x_wconf 91' lang='lat' dir='ltr'>Per-</span> 
     </span>
     <span class='ocr_line' id='line_1_119' title="bbox 1302 1919 2371 1960; baseline -0.004 -4"><span class='ocrx_word' id='word_1_956' title='bbox 1302 1926 1465 1957; x_wconf 89' lang='lat' dir='ltr'>secutorum</span> <span class='ocrx_word' id='word_1_957' title='bbox 1484 1923 1649 1954; x_wconf 90' lang='lat' dir='ltr'>nostrorum</span> <span class='ocrx_word' id='word_1_958' title='bbox 1669 1920 1810 1952; x_wconf 84' lang='lat' dir='ltr'>Malitiam</span> <span class='ocrx_word' id='word_1_959' title='bbox 1832 1921 1915 1959; x_wconf 84' lang='lat' dir='ltr'>(qui,</span> <span class='ocrx_word' id='word_1_960' title='bbox 1932 1927 2033 1950; x_wconf 87' lang='lat' dir='ltr'>contra</span> <span class='ocrx_word' id='word_1_961' title='bbox 2046 1919 2145 1951; x_wconf 91' lang='lat' dir='ltr'>Deum</span> <span class='ocrx_word' id='word_1_962' title='bbox 2163 1921 2349 1960; x_wconf 76' lang='lat' dir='ltr'>&amp;justitiam</span> <span class='ocrx_word' id='word_1_963' title='bbox 2360 1945 2371 1960; x_wconf 91' lang='lat'>,</span> 
     </span>
     <span class='ocr_line' id='line_1_120' title="bbox 1299 1957 2482 2004; baseline -0.008 -9"><span class='ocrx_word' id='word_1_964' title='bbox 1299 1964 1368 2004; x_wconf 90' lang='lat' dir='ltr'>Jura</span> <span class='ocrx_word' id='word_1_965' title='bbox 1383 1963 1478 1994; x_wconf 89' lang='lat' dir='ltr'>nostra</span> <span class='ocrx_word' id='word_1_966' title='bbox 1493 1962 1544 1993; x_wconf 88' lang='lat' dir='ltr'>fibi</span> <span class='ocrx_word' id='word_1_967' title='bbox 1562 1962 1582 1982; x_wconf 59' lang='lat'>³*</span> <span class='ocrx_word' id='word_1_968' title='bbox 1602 1962 1727 1992; x_wconf 88' lang='lat' dir='ltr'>nituntur</span> <span class='ocrx_word' id='word_1_969' title='bbox 1740 1960 1895 1997; x_wconf 87' lang='lat' dir='ltr'>attrahere,</span> <span class='ocrx_word' id='word_1_970' title='bbox 1913 1958 1947 1989; x_wconf 88' lang='lat'>&amp;</span> <span class='ocrx_word' id='word_1_971' title='bbox 1956 1957 2026 1988; x_wconf 91' lang='lat' dir='ltr'>Nos</span> <span class='ocrx_word' id='word_1_972' title='bbox 2040 1967 2094 1995; x_wconf 90' lang='lat' dir='ltr'>pro</span> <span class='ocrx_word' id='word_1_973' title='bbox 2106 1960 2212 1990; x_wconf 78' lang='lat' dir='ltr'>viribus</span> <span class='ocrx_word' id='word_1_974' title='bbox 2225 1969 2368 1999; x_wconf 84' lang='lat' dir='ltr'>expugna·</span> <span class='ocrx_word' id='word_1_975' title='bbox 2390 1958 2405 1974; x_wconf 74' lang='lat'>¹*</span> <span class='ocrx_word' id='word_1_976' title='bbox 2430 1958 2482 1986; x_wconf 90' lang='lat' dir='ltr'>IV.</span> 
     </span>
     <span class='ocr_line' id='line_1_121' title="bbox 1303 1994 2454 2041; baseline -0.005 -7"><span class='ocrx_word' id='word_1_977' title='bbox 1303 2003 1345 2041; x_wconf 87' lang='lat' dir='ltr'>re)</span> <span class='ocrx_word' id='word_1_978' title='bbox 1363 2003 1453 2034; x_wconf 86' lang='lat' dir='ltr'>velitis</span> <span class='ocrx_word' id='word_1_979' title='bbox 1470 2024 1481 2040; x_wconf 90' lang='lat'>,</span> <span class='ocrx_word' id='word_1_980' title='bbox 1506 2001 1526 2032; x_wconf 86' lang='lat' dir='ltr'>si</span> <span class='ocrx_word' id='word_1_981' title='bbox 1547 1999 1638 2038; x_wconf 84' lang='lat' dir='ltr'>placet</span> <span class='ocrx_word' id='word_1_982' title='bbox 1651 2022 1662 2038; x_wconf 85' lang='lat'>‚</span> <span class='ocrx_word' id='word_1_983' title='bbox 1685 1999 1770 2030; x_wconf 89' lang='lat' dir='ltr'>nobis</span> <span class='ocrx_word' id='word_1_984' title='bbox 1783 1997 1905 2029; x_wconf 86' lang='lat' dir='ltr'>affistere</span> <span class='ocrx_word' id='word_1_985' title='bbox 1919 1994 2053 2026; x_wconf 75' lang='lat' dir='ltr'>Consiliis</span> <span class='ocrx_word' id='word_1_986' title='bbox 2066 1997 2100 2027; x_wconf 89' lang='lat'>&amp;</span> <span class='ocrx_word' id='word_1_987' title='bbox 2117 1997 2235 2028; x_wconf 79' lang='lat' dir='ltr'>Auxiliis</span> <span class='ocrx_word' id='word_1_988' title='bbox 2248 2007 2369 2037; x_wconf 87' lang='lat' dir='ltr'>oportu-</span> <span class='ocrx_word' id='word_1_989' title='bbox 2386 1995 2454 2034; x_wconf 83' lang='lat'><strong>803·</strong></span> 
     </span>
     <span class='ocr_line' id='line_1_122' title="bbox 1302 2034 2371 2081; baseline -0.006 -9"><span class='ocrx_word' id='word_1_990' title='bbox 1302 2044 1362 2081; x_wconf 74' lang='lat' dir='ltr'>nis3</span> <span class='ocrx_word' id='word_1_991' title='bbox 1380 2041 1463 2072; x_wconf 65' lang='lat' dir='ltr'>dietis</span> <span class='ocrx_word' id='word_1_992' title='bbox 1476 2038 1578 2070; x_wconf 85' lang='lat' dir='ltr'>nostris</span> <span class='ocrx_word' id='word_1_993' title='bbox 1592 2037 1718 2069; x_wconf 88' lang='lat' dir='ltr'>AEmulis</span> <span class='ocrx_word' id='word_1_994' title='bbox 1731 2037 1886 2068; x_wconf 89' lang='lat' dir='ltr'>nullatenus</span> <span class='ocrx_word' id='word_1_995' title='bbox 1899 2034 2087 2078; x_wconf 65' lang='lat' dir='ltr'>adhaerentes,</span> <span class='ocrx_word' id='word_1_996' title='bbox 2106 2044 2173 2065; x_wconf 86' lang='lat' dir='ltr'>narn</span> <span class='ocrx_word' id='word_1_997' title='bbox 2193 2045 2224 2066; x_wconf 86' lang='lat' dir='ltr'>re</span> <span class='ocrx_word' id='word_1_998' title='bbox 2246 2035 2331 2074; x_wconf 67' lang='lat' dir='ltr'>vera,</span> <span class='ocrx_word' id='word_1_999' title='bbox 2350 2036 2371 2066; x_wconf 82' lang='lat' dir='ltr'>si</span> 
     </span>
     <span class='ocr_line' id='line_1_123' title="bbox 1303 2073 2372 2116; baseline -0.006 -4"><span class='ocrx_word' id='word_1_1000' title='bbox 1303 2081 1448 2112; x_wconf 91' lang='lat' dir='ltr'>Guerram</span> <span class='ocrx_word' id='word_1_1001' title='bbox 1469 2089 1538 2110; x_wconf 92' lang='lat' dir='ltr'>cum</span> <span class='ocrx_word' id='word_1_1002' title='bbox 1557 2077 1696 2116; x_wconf 89' lang='lat' dir='ltr'>aliquibus</span> <span class='ocrx_word' id='word_1_1003' title='bbox 1710 2077 1864 2114; x_wconf 87' lang='lat' dir='ltr'>haberetis,</span> <span class='ocrx_word' id='word_1_1004' title='bbox 1881 2074 2042 2106; x_wconf 79' lang='lat' dir='ltr'>inveniretis</span> <span class='ocrx_word' id='word_1_1005' title='bbox 2057 2073 2092 2104; x_wconf 90' lang='lat' dir='ltr'>ad</span> <span class='ocrx_word' id='word_1_1006' title='bbox 2108 2074 2194 2106; x_wconf 90' lang='lat' dir='ltr'>vestri</span> <span class='ocrx_word' id='word_1_1007' title='bbox 2207 2074 2372 2106; x_wconf 79' lang='lat' dir='ltr'>Subsidium</span> 
     </span>
     <span class='ocr_line' id='line_1_124' title="bbox 1301 2119 1675 2159; baseline -0.013 -8"><span class='ocrx_word' id='word_1_1008' title='bbox 1301 2130 1356 2159; x_wconf 85' lang='lat' dir='ltr'>pro</span> <span class='ocrx_word' id='word_1_1009' title='bbox 1368 2119 1474 2151; x_wconf 88' lang='lat' dir='ltr'>viribus</span> <span class='ocrx_word' id='word_1_1010' title='bbox 1491 2128 1544 2148; x_wconf 87' lang='lat' dir='ltr'>nos</span> <span class='ocrx_word' id='word_1_1011' title='bbox 1558 2124 1675 2154; x_wconf 85' lang='lat' dir='ltr'>paratos.</span> 
     </span>
    </p>

    <p class='ocr_par' dir='ltr' id='par_1_41' title="bbox 1341 2150 2310 2196">
     <span class='ocr_line' id='line_1_125' title="bbox 1341 2150 2310 2196; baseline -0.007 -6"><span class='ocrx_word' id='word_1_1012' title='bbox 1341 2159 1410 2190; x_wconf 89' lang='lat' dir='ltr'>Dat.</span> <span class='ocrx_word' id='word_1_1013' title='bbox 1426 2157 1500 2196; x_wconf 87' lang='lat' dir='ltr'>apud</span> <span class='ocrx_word' id='word_1_1014' title='bbox 1513 2153 1822 2192; x_wconf 71' lang='lat' dir='ltr'>westmonasterium,</span> <span class='ocrx_word' id='word_1_1015' title='bbox 1840 2151 1981 2185; x_wconf 86' lang='lat' dir='ltr'>vicesimo</span> <span class='ocrx_word' id='word_1_1016' title='bbox 1993 2150 2100 2184; x_wconf 71' lang='lat' dir='ltr'>octavo</span> <span class='ocrx_word' id='word_1_1017' title='bbox 2115 2150 2160 2183; x_wconf 87' lang='lat' dir='ltr'>die</span> <span class='ocrx_word' id='word_1_1018' title='bbox 2175 2151 2310 2190; x_wconf 85' lang='lat' dir='ltr'>Augusti.</span> 
     </span>
    </p>
   </div>
   <div class='ocr_carea' id='block_1_26' title="bbox 1300 2236 2367 2254">
    <p class='ocr_par' dir='ltr' id='par_1_42' title="bbox 1300 2236 2367 2254">
     <span class='ocr_line' id='line_1_126' title="bbox 1300 2236 2367 2254; baseline 0 2025"><span class='ocrx_word' id='word_1_1019' title='bbox 1300 2236 2367 2254; x_wconf 95' lang='lat' dir='ltr'> </span> 
     </span>
    </p>
   </div>
   <div class='ocr_carea' id='block_1_27' title="bbox 1549 2287 2121 2333">
    <p class='ocr_par' dir='ltr' id='par_1_43' title="bbox 1549 2287 2121 2333">
     <span class='ocr_line' id='line_1_127' title="bbox 1549 2287 2121 2333; baseline -0.007 -11"><span class='ocrx_word' id='word_1_1020' title='bbox 1549 2291 1598 2323; x_wconf 80' lang='lat' dir='ltr'>De</span> <span class='ocrx_word' id='word_1_1021' title='bbox 1618 2287 1798 2321; x_wconf 67' lang='lat' dir='ltr'>Protefflone</span> <span class='ocrx_word' id='word_1_1022' title='bbox 1816 2297 1871 2333; x_wconf 91' lang='lat' dir='ltr'>pro</span> <span class='ocrx_word' id='word_1_1023' title='bbox 1889 2287 2013 2319; x_wconf 77' lang='lat' dir='ltr'>Nuncio</span> <span class='ocrx_word' id='word_1_1024' title='bbox 2028 2287 2121 2331; x_wconf 76' lang='lat' dir='ltr'>Papae.</span> 
     </span>
    </p>
   </div>
   <div class='ocr_carea' id='block_1_28' title="bbox 1301 2367 2523 3028">
    <p class='ocr_par' dir='ltr' id='par_1_44' title="bbox 1301 2367 2521 2525">
     <span class='ocr_line' id='line_1_128' title="bbox 1365 2367 2521 2409; baseline -0.01 -1"><span class='ocrx_word' id='word_1_1025' title='bbox 1365 2376 1431 2408; x_wconf 89' lang='lat' dir='ltr'>EX</span> <span class='ocrx_word' id='word_1_1026' title='bbox 1456 2373 1606 2407; x_wconf 85' lang='lat' dir='ltr'>Universis</span> <span class='ocrx_word' id='word_1_1027' title='bbox 1625 2374 1658 2405; x_wconf 88' lang='lat'>&amp;</span> <span class='ocrx_word' id='word_1_1028' title='bbox 1683 2371 1795 2403; x_wconf 71' lang='lat' dir='ltr'>sinoulis</span> <span class='ocrx_word' id='word_1_1029' title='bbox 1810 2370 1988 2409; x_wconf 81' lang='lat' dir='ltr'>Admirallis,</span> <span class='ocrx_word' id='word_1_1030' title='bbox 2005 2369 2253 2407; x_wconf 87' lang='lat' dir='ltr'>Vicecomitibus,</span> <span class='ocrx_word' id='word_1_1031' title='bbox 2273 2367 2369 2405; x_wconf 80' lang='lat' dir='ltr'>Majo-</span> <span class='ocrx_word' id='word_1_1032' title='bbox 2386 2371 2463 2402; x_wconf 79' lang='grc' dir='ltr'>Αῃῃ,</span> <span class='ocrx_word' id='word_1_1033' title='bbox 2478 2371 2521 2403; x_wconf 82' lang='lat' dir='ltr'>D,</span> 
     </span>
     <span class='ocr_line' id='line_1_129' title="bbox 1302 2381 2494 2453; baseline -0.011 -6"><span class='ocrx_word' id='word_1_1034' title='bbox 1302 2381 1358 2436; x_wconf 82' lang='lat' dir='ltr'>R</span> <span class='ocrx_word' id='word_1_1035' title='bbox 1376 2417 1471 2453; x_wconf 86' lang='lat' dir='ltr'>ribus,</span> <span class='ocrx_word' id='word_1_1036' title='bbox 1489 2413 1616 2451; x_wconf 79' lang='lat' dir='ltr'>BalliviS,</span> <span class='ocrx_word' id='word_1_1037' title='bbox 1638 2397 1794 2449; x_wconf 57' lang='lat' dir='ltr'>Minist&#39;ris,</span> <span class='ocrx_word' id='word_1_1038' title='bbox 1812 2420 1846 2442; x_wconf 89' lang='lat' dir='ltr'>ac</span> <span class='ocrx_word' id='word_1_1039' title='bbox 1860 2409 2022 2441; x_wconf 84' lang='lat' dir='ltr'>Marinariis</span> <span class='ocrx_word' id='word_1_1040' title='bbox 2034 2408 2184 2446; x_wconf 79' lang='lat' dir='ltr'>Navium,</span> <span class='ocrx_word' id='word_1_1041' title='bbox 2202 2408 2236 2438; x_wconf 89' lang='lat'>&amp;</span> <span class='ocrx_word' id='word_1_1042' title='bbox 2248 2406 2305 2437; x_wconf 88' lang='lat' dir='ltr'>aliis</span> <span class='ocrx_word' id='word_1_1043' title='bbox 2322 2406 2345 2436; x_wconf 90' lang='lat' dir='ltr'>F</span> <span class='ocrx_word' id='word_1_1044' title='bbox 2347 2408 2370 2436; x_wconf 93' lang='lat' dir='ltr'>i-</span> <span class='ocrx_word' id='word_1_1045' title='bbox 2410 2419 2494 2450; x_wconf 76' lang='lat'>1337·</span> 
     </span>
     <span class='ocr_line' id='line_1_130' title="bbox 1302 2446 2501 2492; baseline -0.009 -8"><span class='ocrx_word' id='word_1_1046' title='bbox 1302 2454 1410 2486; x_wconf 89' lang='lat' dir='ltr'>delibus</span> <span class='ocrx_word' id='word_1_1047' title='bbox 1429 2454 1482 2484; x_wconf 91' lang='lat' dir='ltr'>suis</span> <span class='ocrx_word' id='word_1_1048' title='bbox 1494 2476 1506 2492; x_wconf 86' lang='lat'>,</span> <span class='ocrx_word' id='word_1_1049' title='bbox 1532 2452 1593 2484; x_wconf 77' lang='lat' dir='ltr'>tam</span> <span class='ocrx_word' id='word_1_1050' title='bbox 1606 2450 1677 2482; x_wconf 75' lang='lat' dir='ltr'>infra</span> <span class='ocrx_word' id='word_1_1051' title='bbox 1685 2450 1858 2489; x_wconf 89' lang='lat' dir='ltr'>Libertates,</span> <span class='ocrx_word' id='word_1_1052' title='bbox 1876 2449 1964 2488; x_wconf 79' lang='lat' dir='ltr'>quam</span> <span class='ocrx_word' id='word_1_1053' title='bbox 1978 2455 2069 2485; x_wconf 79' lang='lat' dir='ltr'>extra,</span> <span class='ocrx_word' id='word_1_1054' title='bbox 2083 2446 2118 2478; x_wconf 87' lang='lat' dir='ltr'>ad</span> <span class='ocrx_word' id='word_1_1055' title='bbox 2133 2456 2221 2486; x_wconf 87' lang='lat' dir='ltr'>quos,</span> <span class='ocrx_word' id='word_1_1056' title='bbox 2240 2446 2301 2477; x_wconf 90' lang='lat' dir='ltr'>&amp;c.</span> <span class='ocrx_word' id='word_1_1057' title='bbox 2318 2446 2368 2475; x_wconf 74' lang='lat' dir='ltr'>ba-</span> <span class='ocrx_word' id='word_1_1058' title='bbox 2388 2454 2440 2478; x_wconf 67' lang='lat' dir='ltr'>Aa.</span> <span class='ocrx_word' id='word_1_1059' title='bbox 2459 2460 2501 2478; x_wconf 66' lang='grc' dir='ltr'>Η,</span> 
     </span>
     <span class='ocr_line' id='line_1_131' title="bbox 1301 2493 2466 2525; baseline -0.011 -1"><span class='ocrx_word' id='word_1_1060' title='bbox 1301 2493 1401 2524; x_wconf 91' lang='lat' dir='ltr'>lutem.</span> <span class='ocrx_word' id='word_1_1061' title='bbox 2391 2493 2419 2516; x_wconf 78' lang='lat' dir='ltr'>E.</span> <span class='ocrx_word' id='word_1_1062' title='bbox 2441 2499 2466 2525; x_wconf 77' lang='lat'>3,</span> 
     </span>
    </p>

    <p class='ocr_par' dir='ltr' id='par_1_45' title="bbox 1304 2529 2523 2645">
     <span class='ocr_line' id='line_1_132' title="bbox 1340 2529 2505 2570; baseline -0.012 -7"><span class='ocrx_word' id='word_1_1063' title='bbox 1340 2532 1440 2563; x_wconf 77' lang='lat' dir='ltr'>SClatiS</span> <span class='ocrx_word' id='word_1_1064' title='bbox 1453 2529 1535 2570; x_wconf 64' lang='lat' dir='ltr'>qud</span> <span class='ocrx_word' id='word_1_1065' title='bbox 1544 2553 1554 2569; x_wconf 77' lang='lat'>²</span> <span class='ocrx_word' id='word_1_1066' title='bbox 2008 2563 2014 2568; x_wconf 33' lang='grc' dir='ltr'>ι</span> <span class='ocrx_word' id='word_1_1067' title='bbox 2058 2561 2063 2567; x_wconf 48' lang='grc'><em>·</em></span> <span class='ocrx_word' id='word_1_1068' title='bbox 2203 2561 2208 2566; x_wconf 45' lang='grc'><em>·</em></span> <span class='ocrx_word' id='word_1_1069' title='bbox 2232 2561 2237 2566; x_wconf 50' lang='grc'>.</span> <span class='ocrx_word' id='word_1_1070' title='bbox 2361 2561 2366 2566; x_wconf 50' lang='grc'><em>.</em></span> <span class='ocrx_word' id='word_1_1071' title='bbox 2388 2531 2449 2556; x_wconf 65' lang='lat' dir='ltr'>Par,</span> <span class='ocrx_word' id='word_1_1072' title='bbox 2461 2537 2470 2554; x_wconf 88' lang='lat'>1</span> <span class='ocrx_word' id='word_1_1073' title='bbox 2480 2536 2505 2555; x_wconf 72' lang='grc' dir='ltr'>ι,</span> 
     </span>
     <span class='ocr_line' id='line_1_133' title="bbox 1340 2560 2488 2609; baseline -0.013 -7"><span class='ocrx_word' id='word_1_1074' title='bbox 1340 2570 1423 2602; x_wconf 79' lang='lat' dir='ltr'>Cum</span> <span class='ocrx_word' id='word_1_1075' title='bbox 1438 2595 1449 2609; x_wconf 87' lang='lat'>,</span> <span class='ocrx_word' id='word_1_1076' title='bbox 1473 2569 1606 2600; x_wconf 61' lang='lat' dir='ltr'>Dilectus</span> <span class='ocrx_word' id='word_1_1077' title='bbox 1627 2568 1711 2598; x_wconf 88' lang='lat' dir='ltr'>nobis</span> <span class='ocrx_word' id='word_1_1078' title='bbox 1723 2591 1733 2604; x_wconf 88' lang='lat'>,</span> <span class='ocrx_word' id='word_1_1079' title='bbox 1751 2566 1850 2596; x_wconf 86' lang='lat' dir='ltr'>Petrus</span> <span class='ocrx_word' id='word_1_1080' title='bbox 1866 2560 2239 2604; x_wconf 29' lang='lat' dir='ltr'>BurgundionisaDlommi</span> <span class='ocrx_word' id='word_1_1081' title='bbox 2253 2560 2368 2591; x_wconf 82' lang='lat' dir='ltr'>Summi</span> <span class='ocrx_word' id='word_1_1082' title='bbox 2389 2571 2418 2593; x_wconf 77' lang='lat' dir='ltr'>E.</span> <span class='ocrx_word' id='word_1_1083' title='bbox 2430 2572 2488 2603; x_wconf 73' lang='lat' dir='ltr'>3.p,</span> 
     </span>
     <span class='ocr_line' id='line_1_134' title="bbox 1304 2599 2523 2645; baseline -0.006 -5"><span class='ocrx_word' id='word_1_1084' title='bbox 1304 2607 1453 2640; x_wconf 86' lang='lat' dir='ltr'>Pontificis</span> <span class='ocrx_word' id='word_1_1085' title='bbox 1465 2607 1632 2645; x_wconf 79' lang='lat' dir='ltr'>Capelianus</span> <span class='ocrx_word' id='word_1_1086' title='bbox 1647 2607 1681 2637; x_wconf 90' lang='lat'>&amp;</span> <span class='ocrx_word' id='word_1_1087' title='bbox 1692 2605 1726 2635; x_wconf 94' lang='lat' dir='ltr'>N</span> <span class='ocrx_word' id='word_1_1088' title='bbox 1730 2605 1846 2640; x_wconf 87' lang='lat' dir='ltr'>uncius,</span> <span class='ocrx_word' id='word_1_1089' title='bbox 1863 2612 1896 2632; x_wconf 90' lang='lat' dir='ltr'>ac</span> <span class='ocrx_word' id='word_1_1090' title='bbox 1917 2601 1995 2631; x_wconf 91' lang='lat' dir='ltr'>Sacri</span> <span class='ocrx_word' id='word_1_1091' title='bbox 2009 2599 2107 2630; x_wconf 85' lang='lat' dir='ltr'>Palatii</span> <span class='ocrx_word' id='word_1_1092' title='bbox 2125 2599 2247 2637; x_wconf 78' lang='lat' dir='ltr'>ejusdem</span> <span class='ocrx_word' id='word_1_1093' title='bbox 2261 2599 2370 2629; x_wconf 91' lang='lat' dir='ltr'>Domi-</span> <span class='ocrx_word' id='word_1_1094' title='bbox 2391 2614 2461 2642; x_wconf 84' lang='lat' dir='ltr'>3.m.</span> <span class='ocrx_word' id='word_1_1095' title='bbox 2478 2602 2523 2642; x_wconf 83' lang='lat'>38.</span> 
     </span>
    </p>

    <p class='ocr_par' dir='ltr' id='par_1_46' title="bbox 1304 2637 2372 2722">
     <span class='ocr_line' id='line_1_135' title="bbox 1304 2637 2372 2679; baseline -0.01 -1"><span class='ocrx_word' id='word_1_1096' title='bbox 1304 2649 1335 2678; x_wconf 91' lang='lat' dir='ltr'>ni</span> <span class='ocrx_word' id='word_1_1097' title='bbox 1356 2648 1472 2678; x_wconf 88' lang='lat' dir='ltr'>Summi</span> <span class='ocrx_word' id='word_1_1098' title='bbox 1491 2645 1640 2677; x_wconf 87' lang='lat' dir='ltr'>Pontificis</span> <span class='ocrx_word' id='word_1_1099' title='bbox 1661 2642 1784 2674; x_wconf 88' lang='lat' dir='ltr'>Auditor</span> <span class='ocrx_word' id='word_1_1100' title='bbox 1798 2663 1808 2679; x_wconf 88' lang='lat'>‚</span> <span class='ocrx_word' id='word_1_1101' title='bbox 1832 2640 1867 2671; x_wconf 91' lang='lat' dir='ltr'>ad</span> <span class='ocrx_word' id='word_1_1102' title='bbox 1880 2639 1966 2677; x_wconf 93' lang='lat' dir='ltr'>Nos,</span> <span class='ocrx_word' id='word_1_1103' title='bbox 1982 2638 2054 2669; x_wconf 77' lang='lat' dir='ltr'>infra</span> <span class='ocrx_word' id='word_1_1104' title='bbox 2067 2638 2209 2676; x_wconf 87' lang='lat' dir='ltr'>Regnum</span> <span class='ocrx_word' id='word_1_1105' title='bbox 2222 2637 2372 2677; x_wconf 84' lang='lat' dir='ltr'>nostrum,</span> 
     </span>
     <span class='ocr_line' id='line_1_136' title="bbox 1305 2682 2287 2722; baseline -0.014 -6"><span class='ocrx_word' id='word_1_1106' title='bbox 1305 2686 1342 2716; x_wconf 91' lang='lat' dir='ltr'>de</span> <span class='ocrx_word' id='word_1_1107' title='bbox 1357 2685 1454 2716; x_wconf 66' lang='lat' dir='ltr'>nostra</span> <span class='ocrx_word' id='word_1_1108' title='bbox 1469 2683 1616 2722; x_wconf 72' lang='lat' dir='ltr'>Licentia,</span> <span class='ocrx_word' id='word_1_1109' title='bbox 1636 2682 1669 2712; x_wconf 86' lang='lat' dir='ltr'>sit</span> <span class='ocrx_word' id='word_1_1110' title='bbox 1681 2689 1834 2722; x_wconf 73' lang='lat' dir='ltr'>venturus,</span> <span class='ocrx_word' id='word_1_1111' title='bbox 2281 2715 2287 2721; x_wconf 37' lang='grc' dir='ltr'>ι</span> 
     </span>
    </p>

    <p class='ocr_par' dir='ltr' id='par_1_47' title="bbox 1306 2714 2375 2989">
     <span class='ocr_line' id='line_1_137' title="bbox 1342 2714 2374 2764; baseline -0.011 -9"><span class='ocrx_word' id='word_1_1112' title='bbox 1342 2724 1435 2764; x_wconf 83' lang='lat' dir='ltr'>Nos,</span> <span class='ocrx_word' id='word_1_1113' title='bbox 1459 2723 1588 2754; x_wconf 89' lang='lat' dir='ltr'>volentes</span> <span class='ocrx_word' id='word_1_1114' title='bbox 1610 2719 1757 2751; x_wconf 82' lang='lat' dir='ltr'>securitati</span> <span class='ocrx_word' id='word_1_1115' title='bbox 1777 2719 1859 2756; x_wconf 84' lang='lat' dir='ltr'>iplius</span> <span class='ocrx_word' id='word_1_1116' title='bbox 1877 2716 1954 2747; x_wconf 89' lang='lat' dir='ltr'>Petri</span> <span class='ocrx_word' id='word_1_1117' title='bbox 1976 2717 2006 2746; x_wconf 90' lang='lat' dir='ltr'>in</span> <span class='ocrx_word' id='word_1_1118' title='bbox 2028 2715 2082 2746; x_wconf 89' lang='lat' dir='ltr'>hac</span> <span class='ocrx_word' id='word_1_1119' title='bbox 2104 2723 2181 2755; x_wconf 76' lang='lat' dir='ltr'>parte</span> <span class='ocrx_word' id='word_1_1120' title='bbox 2205 2714 2374 2754; x_wconf 86' lang='lat' dir='ltr'>providere,</span> 
     </span>
     <span class='ocr_line' id='line_1_138' title="bbox 1306 2753 2374 2801; baseline -0.009 -7"><span class='ocrx_word' id='word_1_1121' title='bbox 1306 2763 1475 2801; x_wconf 85' lang='lat' dir='ltr'>suscepimus</span> <span class='ocrx_word' id='word_1_1122' title='bbox 1486 2759 1612 2792; x_wconf 89' lang='lat' dir='ltr'>eundem</span> <span class='ocrx_word' id='word_1_1123' title='bbox 1627 2758 1762 2796; x_wconf 86' lang='lat' dir='ltr'>Petrum,</span> <span class='ocrx_word' id='word_1_1124' title='bbox 1780 2767 1812 2787; x_wconf 89' lang='lat' dir='ltr'>ac</span> <span class='ocrx_word' id='word_1_1125' title='bbox 1827 2755 1975 2787; x_wconf 85' lang='lat' dir='ltr'>Familiam</span> <span class='ocrx_word' id='word_1_1126' title='bbox 1989 2754 2083 2793; x_wconf 89' lang='lat' dir='ltr'>suam,</span> <span class='ocrx_word' id='word_1_1127' title='bbox 2100 2763 2155 2784; x_wconf 91' lang='lat' dir='ltr'>nec</span> <span class='ocrx_word' id='word_1_1128' title='bbox 2176 2763 2235 2783; x_wconf 89' lang='lat' dir='ltr'>non</span> <span class='ocrx_word' id='word_1_1129' title='bbox 2253 2753 2374 2784; x_wconf 84' lang='lat' dir='ltr'>Navem</span> 
     </span>
     <span class='ocr_line' id='line_1_139' title="bbox 1307 2791 2375 2838; baseline -0.012 -4"><span class='ocrx_word' id='word_1_1130' title='bbox 1307 2803 1342 2834; x_wconf 69' lang='grc' dir='ltr'>ὃ(</span> <span class='ocrx_word' id='word_1_1131' title='bbox 1364 2801 1535 2832; x_wconf 88' lang='lat' dir='ltr'>Marinarios</span> <span class='ocrx_word' id='word_1_1132' title='bbox 1550 2823 1560 2838; x_wconf 89' lang='lat'>,</span> <span class='ocrx_word' id='word_1_1133' title='bbox 1583 2798 1675 2837; x_wconf 88' lang='lat' dir='ltr'>ipsum</span> <span class='ocrx_word' id='word_1_1134' title='bbox 1693 2796 1811 2828; x_wconf 83' lang='lat' dir='ltr'>Petrum</span> <span class='ocrx_word' id='word_1_1135' title='bbox 1827 2795 1862 2825; x_wconf 92' lang='lat' dir='ltr'>us</span> <span class='ocrx_word' id='word_1_1136' title='bbox 1878 2805 1912 2825; x_wconf 90' lang='lat' dir='ltr'>ue</span> <span class='ocrx_word' id='word_1_1137' title='bbox 1925 2795 1955 2824; x_wconf 91' lang='lat' dir='ltr'>in</span> <span class='ocrx_word' id='word_1_1138' title='bbox 1969 2792 2080 2823; x_wconf 66' lang='lat' dir='ltr'>dietum</span> <span class='ocrx_word' id='word_1_1139' title='bbox 2093 2792 2230 2831; x_wconf 86' lang='lat' dir='ltr'>Regnum</span> <span class='ocrx_word' id='word_1_1140' title='bbox 2244 2791 2375 2822; x_wconf 87' lang='lat' dir='ltr'>nostrum</span> 
     </span>
     <span class='ocr_line' id='line_1_140' title="bbox 1307 2829 2374 2878; baseline -0.012 -6"><span class='ocrx_word' id='word_1_1141' title='bbox 1307 2841 1443 2872; x_wconf 88' lang='lat' dir='ltr'>ducentes</span> <span class='ocrx_word' id='word_1_1142' title='bbox 1458 2865 1468 2878; x_wconf 79' lang='lat'>‚</span> <span class='ocrx_word' id='word_1_1143' title='bbox 1494 2837 1638 2871; x_wconf 87' lang='lat' dir='ltr'>veniendo</span> <span class='ocrx_word' id='word_1_1144' title='bbox 1655 2859 1665 2875; x_wconf 83' lang='lat'>,</span> <span class='ocrx_word' id='word_1_1145' title='bbox 1682 2836 1754 2866; x_wconf 87' lang='lat' dir='ltr'>infra</span> <span class='ocrx_word' id='word_1_1146' title='bbox 1768 2834 1846 2864; x_wconf 90' lang='lat' dir='ltr'>idem</span> <span class='ocrx_word' id='word_1_1147' title='bbox 1895 2842 2005 2870; x_wconf 88' lang='lat' dir='ltr'>egnum</span> <span class='ocrx_word' id='word_1_1148' title='bbox 2019 2830 2167 2875; x_wconf 83' lang='lat' dir='ltr'>nostrum,</span> <span class='ocrx_word' id='word_1_1149' title='bbox 2177 2840 2255 2877; x_wconf 23' lang='lat' dir='ltr'>*cum</span> <span class='ocrx_word' id='word_1_1150' title='bbox 2269 2829 2374 2869; x_wconf 86' lang='lat' dir='ltr'>Equis,</span> 
     </span>
     <span class='ocr_line' id='line_1_141' title="bbox 1308 2868 2370 2917; baseline -0.01 -6"><span class='ocrx_word' id='word_1_1151' title='bbox 1308 2879 1465 2917; x_wconf 88' lang='lat' dir='ltr'>Hernesiis,</span> <span class='ocrx_word' id='word_1_1152' title='bbox 1486 2879 1520 2910; x_wconf 88' lang='lat'>&amp;</span> <span class='ocrx_word' id='word_1_1153' title='bbox 1535 2877 1636 2908; x_wconf 90' lang='lat' dir='ltr'>Rebus</span> <span class='ocrx_word' id='word_1_1154' title='bbox 1648 2876 1718 2914; x_wconf 90' lang='lat' dir='ltr'>suis,</span> <span class='ocrx_word' id='word_1_1155' title='bbox 1736 2873 1845 2904; x_wconf 87' lang='lat' dir='ltr'>ibidem</span> <span class='ocrx_word' id='word_1_1156' title='bbox 1863 2871 2024 2909; x_wconf 87' lang='lat' dir='ltr'>morando,</span> <span class='ocrx_word' id='word_1_1157' title='bbox 2041 2871 2075 2901; x_wconf 87' lang='lat'>&amp;</span> <span class='ocrx_word' id='word_1_1158' title='bbox 2089 2869 2192 2914; x_wconf 80' lang='lat' dir='ltr'>exinde</span> <span class='ocrx_word' id='word_1_1159' title='bbox 2208 2868 2370 2906; x_wconf 88' lang='lat' dir='ltr'>redeundo,</span> 
     </span>
     <span class='ocr_line' id='line_1_142' title="bbox 1307 2908 2374 2954; baseline -0.011 -4"><span class='ocrx_word' id='word_1_1160' title='bbox 1307 2919 1336 2948; x_wconf 86' lang='lat' dir='ltr'>in</span> <span class='ocrx_word' id='word_1_1161' title='bbox 1351 2918 1568 2949; x_wconf 72' lang='lat' dir='ltr'>Protefflonem</span> <span class='ocrx_word' id='word_1_1162' title='bbox 1581 2917 1615 2948; x_wconf 66' lang='grc' dir='ltr'>ὃς</span> <span class='ocrx_word' id='word_1_1163' title='bbox 1631 2913 1838 2945; x_wconf 85' lang='lat' dir='ltr'>Defenfionem</span> <span class='ocrx_word' id='word_1_1164' title='bbox 1859 2910 1986 2954; x_wconf 82' lang='lat' dir='ltr'>nostram</span> <span class='ocrx_word' id='word_1_1165' title='bbox 1998 2932 2009 2948; x_wconf 88' lang='lat'>,</span> <span class='ocrx_word' id='word_1_1166' title='bbox 2033 2918 2163 2953; x_wconf 32' lang='lat' dir='ltr'>nec‘non</span> <span class='ocrx_word' id='word_1_1167' title='bbox 2178 2917 2208 2938; x_wconf 87' lang='lat' dir='ltr'>in</span> <span class='ocrx_word' id='word_1_1168' title='bbox 2221 2908 2328 2939; x_wconf 86' lang='lat' dir='ltr'>salvum</span> <span class='ocrx_word' id='word_1_1169' title='bbox 2340 2909 2374 2940; x_wconf 71' lang='grc' dir='ltr'>ὃς</span> 
     </span>
     <span class='ocr_line' id='line_1_143' title="bbox 1307 2947 2189 2989; baseline -0.015 -1"><span class='ocrx_word' id='word_1_1170' title='bbox 1307 2957 1439 2989; x_wconf 86' lang='lat' dir='ltr'>securum</span> <span class='ocrx_word' id='word_1_1171' title='bbox 1454 2955 1645 2987; x_wconf 64' lang='lat' dir='ltr'>Condutfimm</span> <span class='ocrx_word' id='word_1_1172' title='bbox 1661 2952 1807 2988; x_wconf 87' lang='lat' dir='ltr'>nostrum,</span> <span class='ocrx_word' id='word_1_1173' title='bbox 1825 2950 1859 2980; x_wconf 85' lang='lat'>&amp;</span> <span class='ocrx_word' id='word_1_1174' title='bbox 1873 2949 2012 2980; x_wconf 85' lang='lat' dir='ltr'>Gardiam</span> <span class='ocrx_word' id='word_1_1175' title='bbox 2027 2947 2189 2985; x_wconf 82' lang='lat' dir='ltr'>specialem:</span> 
     </span>
    </p>

    <p class='ocr_par' dir='ltr' id='par_1_48' title="bbox 1346 2983 2376 3028">
     <span class='ocr_line' id='line_1_144' title="bbox 1346 2983 2376 3028; baseline -0.015 0"><span class='ocrx_word' id='word_1_1176' title='bbox 1346 2997 1383 3028; x_wconf 90' lang='lat' dir='ltr'>Et</span> <span class='ocrx_word' id='word_1_1177' title='bbox 1398 2996 1467 3026; x_wconf 78' lang='lat' dir='ltr'>ideo</span> <span class='ocrx_word' id='word_1_1178' title='bbox 1480 2995 1562 3026; x_wconf 89' lang='lat' dir='ltr'>vobis</span> <span class='ocrx_word' id='word_1_1179' title='bbox 1577 2991 1757 3028; x_wconf 82' lang='lat' dir='ltr'>mandamus,</span> <span class='ocrx_word' id='word_1_1180' title='bbox 1777 2988 1815 3025; x_wconf 63' lang='grc' dir='ltr'>ὠ·</span> <span class='ocrx_word' id='word_1_1181' title='bbox 1824 3000 1845 3018; x_wconf 87' lang='lat' dir='ltr'>c·</span> <span class='ocrx_word' id='word_1_1182' title='bbox 1859 2994 1942 3027; x_wconf 83' lang='lat' dir='ltr'>prout</span> <span class='ocrx_word' id='word_1_1183' title='bbox 1956 2990 1987 3017; x_wconf 83' lang='lat' dir='ltr'>in</span> <span class='ocrx_word' id='word_1_1184' title='bbox 1999 2984 2172 3025; x_wconf 78' lang='lat' dir='ltr'>confimilibus</span> <span class='ocrx_word' id='word_1_1185' title='bbox 2188 2983 2220 3013; x_wconf 87' lang='lat' dir='ltr'>de</span> <span class='ocrx_word' id='word_1_1186' title='bbox 2226 2985 2376 3016; x_wconf 69' lang='lat' dir='ltr'>Protebi‘io-</span> 
     </span>
    </p>
   </div>
   <div class='ocr_carea' id='block_1_29' title="bbox 1307 3039 2377 3113">
    <p class='ocr_par' dir='ltr' id='par_1_49' title="bbox 1307 3039 2377 3113">
     <span class='ocr_line' id='line_1_145' title="bbox 1307 3039 2377 3113; baseline -0.015 -7"><span class='ocrx_word' id='word_1_1187' title='bbox 1307 3039 1488 3113; x_wconf 41' lang='lat' dir='ltr'>nelssizflssffl&#39;</span> <span class='ocrx_word' id='word_1_1188' title='bbox 1506 3073 1568 3104; x_wconf 88' lang='lat' dir='ltr'>&amp;c-</span> <span class='ocrx_word' id='word_1_1189' title='bbox 1586 3069 1672 3109; x_wconf 90' lang='lat' dir='ltr'>usque</span> <span class='ocrx_word' id='word_1_1190' title='bbox 1685 3067 1722 3100; x_wconf 91' lang='lat' dir='ltr'>ad</span> <span class='ocrx_word' id='word_1_1191' title='bbox 1737 3066 1856 3098; x_wconf 90' lang='lat' dir='ltr'>Festum</span> <span class='ocrx_word' id='word_1_1192' title='bbox 1870 3064 1984 3095; x_wconf 85' lang='lat' dir='ltr'>Paschae</span> <span class='ocrx_word' id='word_1_1193' title='bbox 1998 3062 2133 3101; x_wconf 73' lang='lat' dir='ltr'>proximo</span> <span class='ocrx_word' id='word_1_1194' title='bbox 2151 3059 2278 3092; x_wconf 80' lang='lat' dir='ltr'>futurum</span> <span class='ocrx_word' id='word_1_1195' title='bbox 2293 3060 2377 3092; x_wconf 87' lang='lat' dir='ltr'>dura-</span> 
     </span>
    </p>
   </div>
   <div class='ocr_carea' id='block_1_30' title="bbox 1307 3122 2376 3190">
    <p class='ocr_par' dir='ltr' id='par_1_50' title="bbox 1307 3122 2376 3190">
     <span class='ocr_line' id='line_1_146' title="bbox 1307 3122 2376 3190; baseline -0.016 -6"><span class='ocrx_word' id='word_1_1196' title='bbox 1307 3122 1437 3183; x_wconf 40' lang='lat' dir='ltr'>tur{geste</span> <span class='ocrx_word' id='word_1_1197' title='bbox 1457 3150 1540 3190; x_wconf 80' lang='lat' dir='ltr'>Rege</span> <span class='ocrx_word' id='word_1_1198' title='bbox 1558 3147 1634 3188; x_wconf 85' lang='lat' dir='ltr'>apud</span> <span class='ocrx_word' id='word_1_1199' title='bbox 1654 3145 1697 3178; x_wconf 92' lang='lat' dir='ltr'>W</span> <span class='ocrx_word' id='word_1_1200' title='bbox 1699 3142 1963 3178; x_wconf 85' lang='lat' dir='ltr'>estmonasterium,</span> <span class='ocrx_word' id='word_1_1201' title='bbox 1981 3138 2118 3171; x_wconf 83' lang='lat' dir='ltr'>vicesimo</span> <span class='ocrx_word' id='word_1_1202' title='bbox 2133 3138 2240 3169; x_wconf 58' lang='lat' dir='ltr'>ottavo</span> <span class='ocrx_word' id='word_1_1203' title='bbox 2253 3137 2301 3169; x_wconf 90' lang='lat' dir='ltr'>die</span> <span class='ocrx_word' id='word_1_1204' title='bbox 2314 3137 2376 3169; x_wconf 90' lang='lat' dir='ltr'>Au-</span> 
     </span>
    </p>
   </div>
   <div class='ocr_carea' id='block_1_31' title="bbox 1307 3191 2262 3255">
    <p class='ocr_par' dir='ltr' id='par_1_51' title="bbox 1307 3191 2262 3255">
     <span class='ocr_line' id='line_1_147' title="bbox 1307 3191 2262 3255; baseline -0.003 -7"><span class='ocrx_word' id='word_1_1205' title='bbox 1307 3191 1389 3232; x_wconf 45' lang='lat' dir='ltr'>gUstl&#39;</span> <span class='ocrx_word' id='word_1_1206' title='bbox 1993 3218 2046 3246; x_wconf 83' lang='lat' dir='ltr'>Per</span> <span class='ocrx_word' id='word_1_1207' title='bbox 2059 3214 2142 3255; x_wconf 73' lang='lat' dir='ltr'>ipficm</span> <span class='ocrx_word' id='word_1_1208' title='bbox 2157 3218 2262 3253; x_wconf 78' lang='lat' dir='ltr'>Regem.</span> 
     </span>
    </p>
   </div>
   <div class='ocr_carea' id='block_1_32' title="bbox 1513 3357 2183 3409">
    <p class='ocr_par' dir='ltr' id='par_1_52' title="bbox 1513 3357 2183 3409">
     <span class='ocr_line' id='line_1_148' title="bbox 1513 3357 2183 3409; baseline -0.015 -8"><span class='ocrx_word' id='word_1_1209' title='bbox 1513 3371 1562 3403; x_wconf 85' lang='lat' dir='ltr'>De</span> <span class='ocrx_word' id='word_1_1210' title='bbox 1577 3361 1767 3409; x_wconf 80' lang='lat' dir='ltr'>Wzllenfibus</span> <span class='ocrx_word' id='word_1_1211' title='bbox 1788 3365 1818 3395; x_wconf 82' lang='lat' dir='ltr'>in</span> <span class='ocrx_word' id='word_1_1212' title='bbox 1834 3372 1896 3395; x_wconf 82' lang='lat' dir='ltr'>una</span> <span class='ocrx_word' id='word_1_1213' title='bbox 1911 3360 1997 3394; x_wconf 63' lang='lat' dir='ltr'>Scfla</span> <span class='ocrx_word' id='word_1_1214' title='bbox 2013 3357 2183 3403; x_wconf 72' lang='lat' dir='ltr'>Vestiendis.</span> 
     </span>
    </p>
   </div>
   <div class='ocr_carea' id='block_1_33' title="bbox 1315 3448 2525 3524">
    <p class='ocr_par' dir='ltr' id='par_1_53' title="bbox 1315 3448 2525 3524">
     <span class='ocr_line' id='line_1_149' title="bbox 1315 3448 2525 3524; baseline -0.013 -28"><span class='ocrx_word' id='word_1_1215' title='bbox 1315 3464 1463 3524; x_wconf 77' lang='lat' dir='ltr'>REX,</span> <span class='ocrx_word' id='word_1_1216' title='bbox 1481 3461 1601 3492; x_wconf 70' lang='lat' dir='ltr'>Dilecto</span> <span class='ocrx_word' id='word_1_1217' title='bbox 1623 3458 1741 3490; x_wconf 82' lang='lat' dir='ltr'>Clerico</span> <span class='ocrx_word' id='word_1_1218' title='bbox 1759 3458 1809 3488; x_wconf 89' lang='lat' dir='ltr'>suo</span> <span class='ocrx_word' id='word_1_1219' title='bbox 1823 3480 1832 3495; x_wconf 93' lang='lat'>,</span> <span class='ocrx_word' id='word_1_1220' title='bbox 1849 3455 1987 3488; x_wconf 88' lang='lat' dir='ltr'>Roberto</span> <span class='ocrx_word' id='word_1_1221' title='bbox 1999 3453 2037 3485; x_wconf 91' lang='lat' dir='ltr'>de</span> <span class='ocrx_word' id='word_1_1222' title='bbox 2050 3453 2220 3491; x_wconf 82' lang='lat' dir='ltr'>Hambury,</span> <span class='ocrx_word' id='word_1_1223' title='bbox 2239 3449 2376 3481; x_wconf 83' lang='lat' dir='ltr'>Camera-</span> <span class='ocrx_word' id='word_1_1224' title='bbox 2396 3448 2473 3479; x_wconf 90' lang='lat' dir='ltr'>Ann.</span> <span class='ocrx_word' id='word_1_1225' title='bbox 2483 3449 2525 3480; x_wconf 92' lang='lat' dir='ltr'>D.</span> 
     </span>
    </p>
   </div>
   <div class='ocr_carea' id='block_1_34' title="bbox 1393 3497 2509 3571">
    <p class='ocr_par' dir='ltr' id='par_1_54' title="bbox 1393 3497 2509 3571">
     <span class='ocr_line' id='line_1_150' title="bbox 1393 3497 2502 3537; baseline -0.015 -4"><span class='ocrx_word' id='word_1_1226' title='bbox 1393 3505 1435 3534; x_wconf 87' lang='lat' dir='ltr'>rio</span> <span class='ocrx_word' id='word_1_1227' title='bbox 1449 3502 1498 3532; x_wconf 93' lang='lat' dir='ltr'>suo</span> <span class='ocrx_word' id='word_1_1228' title='bbox 1512 3498 1731 3536; x_wconf 82' lang='lat' dir='ltr'>Northwalliae,</span> <span class='ocrx_word' id='word_1_1229' title='bbox 1749 3497 1883 3527; x_wconf 87' lang='lat' dir='ltr'>Salutem.</span> <span class='ocrx_word' id='word_1_1230' title='bbox 2091 3531 2096 3537; x_wconf 33' lang='lat'>⁸</span> <span class='ocrx_word' id='word_1_1231' title='bbox 2355 3526 2359 3530; x_wconf 40' lang='grc' dir='ltr'>Ι</span> <span class='ocrx_word' id='word_1_1232' title='bbox 2417 3497 2502 3529; x_wconf 81' lang='lat'>¹337·</span> 
     </span>
     <span class='ocr_line' id='line_1_151' title="bbox 1489 3525 2509 3571; baseline -0.016 -2"><span class='ocrx_word' id='word_1_1233' title='bbox 1489 3550 1516 3570; x_wconf 90' lang='lat' dir='ltr'>er</span> <span class='ocrx_word' id='word_1_1234' title='bbox 1532 3539 1639 3569; x_wconf 85' lang='lat' dir='ltr'>Literas</span> <span class='ocrx_word' id='word_1_1235' title='bbox 1651 3536 1760 3567; x_wconf 86' lang='lat' dir='ltr'>nostras</span> <span class='ocrx_word' id='word_1_1236' title='bbox 1774 3534 1919 3571; x_wconf 64' lang='lat' dir='ltr'>Parentes,</span> <span class='ocrx_word' id='word_1_1237' title='bbox 1936 3532 1983 3563; x_wconf 78' lang='lat' dir='ltr'>alsi</span> <span class='ocrx_word' id='word_1_1238' title='bbox 2005 3539 2162 3563; x_wconf 72' lang='lat' dir='ltr'>navet-imus</span> <span class='ocrx_word' id='word_1_1239' title='bbox 2177 3525 2312 3565; x_wconf 85' lang='lat' dir='ltr'>quosdam</span> <span class='ocrx_word' id='word_1_1240' title='bbox 2328 3525 2376 3555; x_wconf 88' lang='lat' dir='ltr'>Fi-</span> <span class='ocrx_word' id='word_1_1241' title='bbox 2395 3530 2447 3555; x_wconf 80' lang='lat' dir='ltr'>An.</span> <span class='ocrx_word' id='word_1_1242' title='bbox 2467 3538 2476 3555; x_wconf 80' lang='grc' dir='ltr'>ι</span> <span class='ocrx_word' id='word_1_1243' title='bbox 2486 3538 2509 3554; x_wconf 81' lang='grc' dir='ltr'>ι.</span> 
     </span>
    </p>
   </div>
   <div class='ocr_carea' id='block_1_35' title="bbox 1350 3543 2466 3602">
    <p class='ocr_par' dir='ltr' id='par_1_55' title="bbox 1350 3543 2466 3602">
     <span class='ocr_line' id='line_1_152' title="bbox 1350 3543 2466 3602; baseline 0.016 -26"><span class='ocrx_word' id='word_1_1244' title='bbox 1350 3543 1449 3578; x_wconf 72' lang='lat' dir='ltr'>Cum,</span> <span class='ocrx_word' id='word_1_1245' title='bbox 1468 3550 1486 3578; x_wconf 81' lang='lat' dir='ltr'>P</span> <span class='ocrx_word' id='word_1_1246' title='bbox 2018 3569 2078 3600; x_wconf 70' lang='lat' dir='ltr'>fine</span> <span class='ocrx_word' id='word_1_1247' title='bbox 2090 3567 2232 3598; x_wconf 80' lang='lat' dir='ltr'>Homines</span> <span class='ocrx_word' id='word_1_1248' title='bbox 2245 3563 2374 3594; x_wconf 87' lang='lat' dir='ltr'>Walleri-</span> <span class='ocrx_word' id='word_1_1249' title='bbox 2393 3569 2421 3592; x_wconf 80' lang='lat' dir='ltr'>E.</span> <span class='ocrx_word' id='word_1_1250' title='bbox 2441 3575 2466 3602; x_wconf 87' lang='lat'>3·</span> 
     </span>
    </p>
   </div>
   <div class='ocr_carea' id='block_1_36' title="bbox 1314 3571 2524 4139">
    <p class='ocr_par' dir='ltr' id='par_1_56' title="bbox 1314 3571 2524 4139">
     <span class='ocr_line' id='line_1_153' title="bbox 1314 3571 2417 3615; baseline -0.017 -2"><span class='ocrx_word' id='word_1_1251' title='bbox 1314 3582 1389 3613; x_wconf 90' lang='lat' dir='ltr'>deles</span> <span class='ocrx_word' id='word_1_1252' title='bbox 1404 3579 1514 3610; x_wconf 86' lang='lat' dir='ltr'>nostros</span> <span class='ocrx_word' id='word_1_1253' title='bbox 1528 3577 1563 3607; x_wconf 86' lang='lat' dir='ltr'>ad</span> <span class='ocrx_word' id='word_1_1254' title='bbox 1578 3576 1752 3615; x_wconf 85' lang='lat' dir='ltr'>Eligendum</span> <span class='ocrx_word' id='word_1_1255' title='bbox 1767 3574 1800 3605; x_wconf 87' lang='lat'>&amp;</span> <span class='ocrx_word' id='word_1_1256' title='bbox 1815 3571 1980 3603; x_wconf 91' lang='lat' dir='ltr'>Triandum</span> <span class='ocrx_word' id='word_1_1257' title='bbox 2017 3610 2022 3615; x_wconf 34' lang='lat'>¹</span> <span class='ocrx_word' id='word_1_1258' title='bbox 2129 3606 2134 3610; x_wconf 33' lang='grc' dir='ltr'>Ι</span> <span class='ocrx_word' id='word_1_1259' title='bbox 2327 3603 2336 3610; x_wconf 27' lang='grc' dir='ltr'>ἱ</span> <span class='ocrx_word' id='word_1_1260' title='bbox 2410 3608 2417 3615; x_wconf 33' lang='grc'><strong><em>1</em></strong></span> 
     </span>
     <span class='ocr_line' id='line_1_154' title="bbox 1315 3605 2524 3652; baseline -0.016 -1"><span class='ocrx_word' id='word_1_1261' title='bbox 1315 3622 1354 3651; x_wconf 91' lang='lat' dir='ltr'>ses</span> <span class='ocrx_word' id='word_1_1262' title='bbox 1390 3619 1426 3650; x_wconf 92' lang='lat' dir='ltr'>ad</span> <span class='ocrx_word' id='word_1_1263' title='bbox 1440 3619 1581 3652; x_wconf 82' lang='lat' dir='ltr'>Lanceas,</span> <span class='ocrx_word' id='word_1_1264' title='bbox 1600 3616 1629 3644; x_wconf 90' lang='lat' dir='ltr'>in</span> <span class='ocrx_word' id='word_1_1265' title='bbox 1644 3614 1768 3652; x_wconf 86' lang='lat' dir='ltr'>partibus</span> <span class='ocrx_word' id='word_1_1266' title='bbox 1781 3611 1822 3642; x_wconf 84' lang='lat' dir='ltr'>W</span> <span class='ocrx_word' id='word_1_1267' title='bbox 1826 3612 1894 3641; x_wconf 81' lang='lat' dir='ltr'>alliae</span> <span class='ocrx_word' id='word_1_1268' title='bbox 1910 3635 1920 3648; x_wconf 87' lang='lat'>,</span> <span class='ocrx_word' id='word_1_1269' title='bbox 1941 3611 2001 3640; x_wconf 70' lang='lat' dir='ltr'>tam</span> <span class='ocrx_word' id='word_1_1270' title='bbox 2015 3608 2086 3638; x_wconf 77' lang='lat' dir='ltr'>inf1a</span> <span class='ocrx_word' id='word_1_1271' title='bbox 2099 3605 2271 3650; x_wconf 72' lang='lat' dir='ltr'>Libertates,</span> <span class='ocrx_word' id='word_1_1272' title='bbox 2287 3612 2374 3646; x_wconf 82' lang='lat' dir='ltr'>quam</span> <span class='ocrx_word' id='word_1_1273' title='bbox 2397 3605 2462 3640; x_wconf 72' lang='lat' dir='ltr'>tusc.</span> <span class='ocrx_word' id='word_1_1274' title='bbox 2481 3613 2524 3632; x_wconf 65' lang='lat'>11-</span> 
     </span>
     <span class='ocr_line' id='line_1_155' title="bbox 1314 3640 2508 3696; baseline -0.018 -7"><span class='ocrx_word' id='word_1_1275' title='bbox 1314 3644 1408 3696; x_wconf 62' lang='lat' dir='ltr'>exria,</span> <span class='ocrx_word' id='word_1_1276' title='bbox 1425 3657 1484 3688; x_wconf 64' lang='lat' dir='ltr'>tiim</span> <span class='ocrx_word' id='word_1_1277' title='bbox 1505 3657 1534 3685; x_wconf 89' lang='lat' dir='ltr'>in</span> <span class='ocrx_word' id='word_1_1278' title='bbox 1555 3652 1719 3692; x_wconf 83' lang='lat' dir='ltr'>quibusdam</span> <span class='ocrx_word' id='word_1_1279' title='bbox 1739 3651 1835 3682; x_wconf 81' lang='lat' dir='ltr'>Terris</span> <span class='ocrx_word' id='word_1_1280' title='bbox 1856 3649 1958 3680; x_wconf 90' lang='lat' dir='ltr'>nostris</span> <span class='ocrx_word' id='word_1_1281' title='bbox 1973 3671 1984 3686; x_wconf 85' lang='lat'>,</span> <span class='ocrx_word' id='word_1_1282' title='bbox 2006 3654 2093 3684; x_wconf 86' lang='lat' dir='ltr'>quam</span> <span class='ocrx_word' id='word_1_1283' title='bbox 2105 3653 2136 3674; x_wconf 86' lang='lat' dir='ltr'>m</span> <span class='ocrx_word' id='word_1_1284' title='bbox 2147 3641 2262 3674; x_wconf 82' lang='lat' dir='ltr'>dlversis</span> <span class='ocrx_word' id='word_1_1285' title='bbox 2277 3640 2376 3671; x_wconf 70' lang='lat' dir='ltr'>Terris</span> <span class='ocrx_word' id='word_1_1286' title='bbox 2396 3646 2424 3669; x_wconf 86' lang='lat' dir='ltr'>E.</span> <span class='ocrx_word' id='word_1_1287' title='bbox 2438 3651 2508 3680; x_wconf 86' lang='lat' dir='ltr'>3.m.</span> 
     </span>
     <span class='ocr_line' id='line_1_156' title="bbox 1317 3687 2446 3729; baseline -0.019 0"><span class='ocrx_word' id='word_1_1288' title='bbox 1317 3698 1351 3729; x_wconf 67' lang='grc' dir='ltr'>ὃ(</span> <span class='ocrx_word' id='word_1_1289' title='bbox 1367 3696 1514 3727; x_wconf 90' lang='lat' dir='ltr'>Dominiis</span> <span class='ocrx_word' id='word_1_1290' title='bbox 1526 3693 1647 3723; x_wconf 87' lang='lat' dir='ltr'>aliorum</span> <span class='ocrx_word' id='word_1_1291' title='bbox 1664 3691 1864 3722; x_wconf 82' lang='lat' dir='ltr'>Dominorum</span> <span class='ocrx_word' id='word_1_1292' title='bbox 1879 3687 2004 3723; x_wconf 88' lang='lat' dir='ltr'>ibidem,</span> <span class='ocrx_word' id='word_1_1293' title='bbox 2174 3719 2180 3725; x_wconf 44' lang='grc'><em>·</em></span> <span class='ocrx_word' id='word_1_1294' title='bbox 2242 3718 2248 3723; x_wconf 45' lang='grc' dir='ltr'>Ι</span> <span class='ocrx_word' id='word_1_1295' title='bbox 2283 3717 2288 3722; x_wconf 45' lang='grc'>,</span> <span class='ocrx_word' id='word_1_1296' title='bbox 2401 3691 2446 3718; x_wconf 88' lang='lat'>¹3·</span> 
     </span>
     <span class='ocr_line' id='line_1_157' title="bbox 1353 3716 2378 3770; baseline -0.02 -5"><span class='ocrx_word' id='word_1_1297' title='bbox 1353 3735 1440 3765; x_wconf 86' lang='lat' dir='ltr'>Ultra</span> <span class='ocrx_word' id='word_1_1298' title='bbox 1454 3734 1488 3764; x_wconf 85' lang='lat'>&amp;</span> <span class='ocrx_word' id='word_1_1299' title='bbox 1504 3741 1605 3770; x_wconf 75' lang='lat' dir='ltr'>praeter</span> <span class='ocrx_word' id='word_1_1300' title='bbox 1621 3730 1683 3760; x_wconf 86' lang='lat' dir='ltr'>illos</span> <span class='ocrx_word' id='word_1_1301' title='bbox 1699 3729 1783 3760; x_wconf 86' lang='lat' dir='ltr'>Mille</span> <span class='ocrx_word' id='word_1_1302' title='bbox 1798 3727 1958 3762; x_wconf 81' lang='lat' dir='ltr'>Homines,</span> <span class='ocrx_word' id='word_1_1303' title='bbox 1976 3732 2048 3766; x_wconf 80' lang='lat' dir='ltr'>quos</span> <span class='ocrx_word' id='word_1_1304' title='bbox 2062 3730 2151 3764; x_wconf 73' lang='lat' dir='ltr'>nuper</span> <span class='ocrx_word' id='word_1_1305' title='bbox 2171 3728 2202 3762; x_wconf 78' lang='lat' dir='ltr'>in</span> <span class='ocrx_word' id='word_1_1306' title='bbox 2219 3716 2302 3747; x_wconf 57' lang='lat' dir='ltr'>distis</span> <span class='ocrx_word' id='word_1_1307' title='bbox 2316 3727 2378 3762; x_wconf 75' lang='lat' dir='ltr'>par-</span> 
     </span>
     <span class='ocr_line' id='line_1_158' title="bbox 1317 3755 2378 3810; baseline -0.021 -5"><span class='ocrx_word' id='word_1_1308' title='bbox 1317 3775 1392 3805; x_wconf 85' lang='lat' dir='ltr'>tibus</span> <span class='ocrx_word' id='word_1_1309' title='bbox 1406 3773 1488 3810; x_wconf 78' lang='lat' dir='ltr'>eligi,</span> <span class='ocrx_word' id='word_1_1310' title='bbox 1507 3771 1540 3801; x_wconf 90' lang='lat'>&amp;</span> <span class='ocrx_word' id='word_1_1311' title='bbox 1555 3769 1642 3807; x_wconf 87' lang='lat' dir='ltr'>usque</span> <span class='ocrx_word' id='word_1_1312' title='bbox 1658 3768 1842 3799; x_wconf 79' lang='lat' dir='ltr'>Londoniam</span> <span class='ocrx_word' id='word_1_1313' title='bbox 1867 3764 1934 3808; x_wconf 81' lang='lat' dir='ltr'>duci</span> <span class='ocrx_word' id='word_1_1314' title='bbox 1954 3762 2074 3804; x_wconf 75' lang='lat' dir='ltr'>fecimus</span> <span class='ocrx_word' id='word_1_1315' title='bbox 2089 3782 2100 3798; x_wconf 93' lang='lat'>,</span> <span class='ocrx_word' id='word_1_1316' title='bbox 2114 3756 2263 3800; x_wconf 83' lang='lat' dir='ltr'>videlicet,</span> <span class='ocrx_word' id='word_1_1317' title='bbox 2282 3755 2378 3800; x_wconf 72' lang='lat' dir='ltr'>Qun-</span> 
     </span>
     <span class='ocr_line' id='line_1_159' title="bbox 1318 3795 2378 3851; baseline -0.019 -9"><span class='ocrx_word' id='word_1_1318' title='bbox 1318 3822 1418 3851; x_wconf 74' lang='lat' dir='ltr'>gentos</span> <span class='ocrx_word' id='word_1_1319' title='bbox 1440 3813 1468 3840; x_wconf 87' lang='lat' dir='ltr'>in</span> <span class='ocrx_word' id='word_1_1320' title='bbox 1491 3809 1574 3840; x_wconf 67' lang='lat' dir='ltr'>dietis</span> <span class='ocrx_word' id='word_1_1321' title='bbox 1588 3808 1711 3846; x_wconf 86' lang='lat' dir='ltr'>partibus</span> <span class='ocrx_word' id='word_1_1322' title='bbox 1726 3803 1944 3839; x_wconf 77' lang='lat' dir='ltr'>Northwalliae,</span> <span class='ocrx_word' id='word_1_1323' title='bbox 1963 3801 1997 3832; x_wconf 89' lang='lat'>&amp;</span> <span class='ocrx_word' id='word_1_1324' title='bbox 2013 3799 2195 3836; x_wconf 80' lang='lat' dir='ltr'>angentos</span> <span class='ocrx_word' id='word_1_1325' title='bbox 2211 3804 2240 3824; x_wconf 85' lang='lat' dir='ltr'>in</span> <span class='ocrx_word' id='word_1_1326' title='bbox 2255 3795 2378 3832; x_wconf 87' lang='lat' dir='ltr'>partibus</span> 
     </span>
     <span class='ocr_line' id='line_1_160' title="bbox 1318 3849 2382 3919; baseline -0.021 1"><span class='ocrx_word' id='word_1_1327' title='bbox 1318 3849 1574 3919; x_wconf 41' lang='lat' dir='ltr'>bLl*21twa9dhe{l&#39;dem</span> <span class='ocrx_word' id='word_1_1328' title='bbox 1591 3884 1675 3916; x_wconf 86' lang='lat' dir='ltr'>Mille</span> <span class='ocrx_word' id='word_1_1329' title='bbox 1688 3883 1849 3918; x_wconf 83' lang='lat' dir='ltr'>Homines,</span> <span class='ocrx_word' id='word_1_1330' title='bbox 1869 3879 1904 3909; x_wconf 80' lang='lat' dir='ltr'>sic</span> <span class='ocrx_word' id='word_1_1331' title='bbox 1916 3876 2033 3908; x_wconf 69' lang='lat' dir='ltr'>Elestos</span> <span class='ocrx_word' id='word_1_1332' title='bbox 2048 3874 2082 3904; x_wconf 91' lang='lat'>&amp;</span> <span class='ocrx_word' id='word_1_1333' title='bbox 2098 3871 2237 3919; x_wconf 76' lang='lat' dir='ltr'>Arraiatos</span> <span class='ocrx_word' id='word_1_1334' title='bbox 2262 3871 2382 3918; x_wconf 48' lang='lat' dir='ltr'>&amp;pan-</span> 
     </span>
     <span class='ocr_line' id='line_1_161' title="bbox 1321 3896 2381 3960; baseline -0.017 -2"><span class='ocrx_word' id='word_1_1335' title='bbox 1321 3929 1376 3959; x_wconf 86' lang='lat' dir='ltr'>ceis</span> <span class='ocrx_word' id='word_1_1336' title='bbox 1398 3937 1429 3956; x_wconf 84' lang='lat' dir='ltr'>ac</span> <span class='ocrx_word' id='word_1_1337' title='bbox 1451 3926 1507 3955; x_wconf 81' lang='lat' dir='ltr'>aliis</span> <span class='ocrx_word' id='word_1_1338' title='bbox 1531 3925 1623 3954; x_wconf 78' lang='lat' dir='ltr'>Armis</span> <span class='ocrx_word' id='word_1_1339' title='bbox 1647 3919 1876 3960; x_wconf 87' lang='lat' dir='ltr'>competentibus</span> <span class='ocrx_word' id='word_1_1340' title='bbox 1890 3916 2030 3951; x_wconf 81' lang='lat' dir='ltr'>munitos,</span> <span class='ocrx_word' id='word_1_1341' title='bbox 2048 3913 2082 3942; x_wconf 90' lang='lat'>&amp;</span> <span class='ocrx_word' id='word_1_1342' title='bbox 2098 3910 2135 3941; x_wconf 91' lang='lat' dir='ltr'>de</span> <span class='ocrx_word' id='word_1_1343' title='bbox 2148 3910 2220 3955; x_wconf 74' lang='lat' dir='ltr'>Una</span> <span class='ocrx_word' id='word_1_1344' title='bbox 2233 3896 2316 3940; x_wconf 60' lang='lat' dir='ltr'>§etsta</span> <span class='ocrx_word' id='word_1_1345' title='bbox 2329 3919 2381 3940; x_wconf 89' lang='lat' dir='ltr'>ve-</span> 
     </span>
     <span class='ocr_line' id='line_1_162' title="bbox 1321 3949 2384 4003; baseline -0.018 -7"><span class='ocrx_word' id='word_1_1346' title='bbox 1321 3967 1400 3997; x_wconf 85' lang='lat' dir='ltr'>stitos</span> <span class='ocrx_word' id='word_1_1347' title='bbox 1415 3989 1424 4003; x_wconf 96' lang='lat'>,</span> <span class='ocrx_word' id='word_1_1348' title='bbox 1449 3964 1483 3994; x_wconf 86' lang='lat' dir='ltr'>ad</span> <span class='ocrx_word' id='word_1_1349' title='bbox 1508 3964 1576 3993; x_wconf 60' lang='lat' dir='ltr'>Nos.</span> <span class='ocrx_word' id='word_1_1350' title='bbox 1593 3987 1602 4000; x_wconf 78' lang='lat'>,</span> <span class='ocrx_word' id='word_1_1351' title='bbox 1621 3963 1707 3999; x_wconf 68' lang='lat' dir='ltr'>usciue</span> <span class='ocrx_word' id='word_1_1352' title='bbox 1721 3959 1875 3990; x_wconf 88' lang='lat' dir='ltr'>Civitatem</span> <span class='ocrx_word' id='word_1_1353' title='bbox 1889 3953 2015 3996; x_wconf 72' lang='lat' dir='ltr'>nostram</span> <span class='ocrx_word' id='word_1_1354' title='bbox 2031 3949 2206 3994; x_wconf 80' lang='lat' dir='ltr'>Cantuariae,</span> <span class='ocrx_word' id='word_1_1355' title='bbox 2224 3959 2277 3994; x_wconf 31' lang='lat' dir='ltr'>*per</span> <span class='ocrx_word' id='word_1_1356' title='bbox 2289 3956 2384 3992; x_wconf 74' lang='lat' dir='ltr'>certos</span> 
     </span>
     <span class='ocr_line' id='line_1_163' title="bbox 1323 3986 2384 4036; baseline -0.019 -1"><span class='ocrx_word' id='word_1_1357' title='bbox 1323 4005 1431 4036; x_wconf 83' lang='lat' dir='ltr'>Fideles</span> <span class='ocrx_word' id='word_1_1358' title='bbox 1452 4002 1562 4033; x_wconf 79' lang='lat' dir='ltr'>nostros</span> <span class='ocrx_word' id='word_1_1359' title='bbox 1584 3999 1747 4035; x_wconf 74' lang='lat' dir='ltr'>ducendos,</span> <span class='ocrx_word' id='word_1_1360' title='bbox 1764 3997 1801 4026; x_wconf 84' lang='lat' dir='ltr'>ita</span> <span class='ocrx_word' id='word_1_1361' title='bbox 1815 3992 1894 4032; x_wconf 78' lang='lat' dir='ltr'>quod</span> <span class='ocrx_word' id='word_1_1362' title='bbox 1907 3991 1959 4034; x_wconf 79' lang='lat' dir='ltr'>fint</span> <span class='ocrx_word' id='word_1_1363' title='bbox 1972 3989 2078 4020; x_wconf 84' lang='lat' dir='ltr'>lbldem</span> <span class='ocrx_word' id='word_1_1364' title='bbox 2093 3999 2122 4018; x_wconf 87' lang='lat' dir='ltr'>m</span> <span class='ocrx_word' id='word_1_1365' title='bbox 2135 3986 2384 4035; x_wconf 31' lang='lat' dir='ltr'>*Crastino-San&amp;</span> 
     </span>
     <span class='ocr_line' id='line_1_164' title="bbox 1321 4025 2386 4078; baseline -0.019 -5"><span class='ocrx_word' id='word_1_1366' title='bbox 1321 4042 1475 4075; x_wconf 78' lang='lat' dir='ltr'>Michaelis</span> <span class='ocrx_word' id='word_1_1367' title='bbox 1508 4040 1642 4078; x_wconf 80' lang='lat' dir='ltr'>proximo</span> <span class='ocrx_word' id='word_1_1368' title='bbox 1659 4038 1770 4072; x_wconf 83' lang='lat' dir='ltr'>futuro,</span> <span class='ocrx_word' id='word_1_1369' title='bbox 1785 4033 1820 4063; x_wconf 92' lang='lat' dir='ltr'>ad</span> <span class='ocrx_word' id='word_1_1370' title='bbox 1842 4027 2078 4069; x_wconf 83' lang='lat' dir='ltr'>proficiscendum</span> <span class='ocrx_word' id='word_1_1371' title='bbox 2099 4026 2200 4058; x_wconf 74' lang='lat' dir='ltr'>exinde</span> <span class='ocrx_word' id='word_1_1372' title='bbox 2215 4025 2386 4070; x_wconf 78' lang='lat' dir='ltr'>nobiscum,</span> 
     </span>
     <span class='ocr_line' id='line_1_165' title="bbox 1322 4061 2390 4131; baseline -0.021 -17"><span class='ocrx_word' id='word_1_1373' title='bbox 1322 4082 1356 4114; x_wconf 65' lang='grc' dir='ltr'>ὅ(</span> <span class='ocrx_word' id='word_1_1374' title='bbox 1372 4081 1427 4112; x_wconf 78' lang='lat' dir='ltr'>aliis</span> <span class='ocrx_word' id='word_1_1375' title='bbox 1443 4065 1586 4110; x_wconf 78' lang='lat' dir='ltr'>Fidelibus</span> <span class='ocrx_word' id='word_1_1376' title='bbox 1598 4075 1718 4112; x_wconf 76' lang='lat' dir='ltr'>nostris,</span> <span class='ocrx_word' id='word_1_1377' title='bbox 1734 4069 1949 4109; x_wconf 82' lang='lat' dir='ltr'>inobsequium</span> <span class='ocrx_word' id='word_1_1378' title='bbox 1965 4065 2114 4105; x_wconf 85' lang='lat' dir='ltr'>nostrum,</span> <span class='ocrx_word' id='word_1_1379' title='bbox 2130 4064 2167 4098; x_wconf 90' lang='lat' dir='ltr'>ad</span> <span class='ocrx_word' id='word_1_1380' title='bbox 2181 4064 2268 4099; x_wconf 84' lang='lat' dir='ltr'>Vadia</span> <span class='ocrx_word' id='word_1_1381' title='bbox 2279 4061 2390 4131; x_wconf 46' lang='lat' dir='ltr'>nostrast</span> 
     </span>
     <span class='ocr_line' id='line_1_166' title="bbox 1357 4110 2358 4139; baseline -0.017 8"><span class='ocrx_word' id='word_1_1382' title='bbox 1357 4112 1363 4120; x_wconf 68' lang='lat'><em>⁶</em></span> <span class='ocrx_word' id='word_1_1383' title='bbox 2305 4110 2358 4139; x_wconf 86' lang='lat' dir='ltr'>pro</span> 
     </span>
    </p>
   </div>
  </div>
 </body>
</html>
