2562 4279
225 118 275 158 50

50 184 130 220 Ann-
146 186 188 218 D·
236 191 348 223 Eodem
363 190 453 221 modo
473 187 636 231 mandatum
650 185 830 230 estUJoliarini
844 185 880 217 de
894 184 1053 230 Penereth,
1071 183 1197 216 Custodi
1209 193 1275 223 par-

81 235 165 266 1322·
205 231 278 262 tium
294 230 432 260 Marchiae
447 228 570 264 Scotiae,
590 236 619 256 in
632 226 756 266 partibus
770 225 1010 264 Northumbriae,

53 268 123 294 Ἐάν·
145 275 170 294 2·
245 268 336 301 Teste
351 269 432 307 Rege
444 275 474 297 ut
488 266 576 304 supra.
872 305 926 333 Per
941 301 1024 343 ipfhm
1038 305 1143 340 Regem

250 435 300 467 De
317 429 518 464 Novitatilms
531 457 540 473 ,
562 441 615 476 per
634 427 792 474 Ministros
810 432 897 477 Regis
916 432 1047 463 Francia
1058 456 1068 472 ,
1094 432 1126 461 in
1142 428 1233 474 Insis-

527 480 559 512 la
578 480 736 522 omanis,
761 482 959 525 attemptatis.

56 558 133 589 ἈΠΗ-
151 556 191 587 D·
211 566 426 629 SEreniffimo
439 565 583 604 Principi,
603 565 738 597 Domino
753 564 862 595 Karolo
877 587 887 603 ,
906 564 965 595 Dei
976 564 1077 604 gratia,
1096 564 1223 594 Franciae
1246 563 1280 594 &

80 606 165 637 1322·
269 606 408 636 Navarrae
427 605 474 635 Re
495 604 630 644 iillustri,
649 604 734 635 Fratri
751 603 800 634 suo
813 602 974 642 catiffimo,
990 603 1145 634 Edwardus
1179 602 1280 632 eadem

56 640 109 664 An.
132 645 173 671 ¹5·
207 645 311 686 gratia,
331 644 396 675 Rex
411 644 541 683 Angiae,
561 644 622 675 ὅτε.
643 643 775 681 salutem,
793 643 844 681 &,
859 642 894 674 ad
915 651 982 673 vota
999 642 1125 680 semper,
1141 626 1280 672 siiccessus

57 679 87 703 Ε·
111 684 137 702 ²·
157 710 162 717 ,
210 685 355 722 prosperos
368 684 402 715 &
415 682 519 714 felices.

55 717 126 740 Rom.
141 721 175 744 θ’
247 723 370 762 Qanto
392 721 429 753 de
448 721 551 753 vestrae
569 721 740 751 Sinceritatis
760 721 795 751 &
817 718 965 750 Amicitiae.
985 720 1105 757 puritate
1124 718 1282 758 pleniorem

56 755 77 778 f
77 762 90 777 r
93 770 100 777 ·
120 759 162 785 ¹5·
212 761 345 792 fiduciam
368 762 530 799 optinemus
544 783 554 799 ,
580 761 614 791 &
637 759 823 790 desideramus
845 758 974 789 obnixius
999 759 1071 787 inter
1095 767 1146 787 vos
1162 758 1196 788 ὃ(
1212 767 1283 795 nos,

56 793 85 817 E.
108 799 134 816 ²·
207 800 368 839 vestrosque
390 801 424 831 &
443 799 554 830 nostros
575 798 711 829 Subditos
727 797 905 828 stabilitatem
928 805 1070 836 perpetuae
1093 795 1173 826 Pacis
1191 796 1224 826 &
1238 797 1284 826 in-

57 836 94 856 m·
114 837 156 855 ¹0·
209 839 376 870 dissolubilis
393 840 505 870 unionis
526 837 720 869 indeficienter
739 836 887 875 perdurare
900 858 908 873 ,
927 845 963 865 eo
985 835 1132 865 turbamur
1153 834 1282 865 acerbius

209 878 282 909 dum
296 879 381 909 nobis
394 878 486 918 aliqua
498 876 725 908 certitudinaliter
739 876 927 911 nunciantur,
943 883 993 913 per
1008 884 1072 912 quae
1094 874 1166 903 inter
1181 883 1233 903 vos
1247 873 1281 903 ὃς

208 927 262 947 nos
282 918 396 948 materia
417 916 509 958 posset
531 915 676 954 cujussibet
690 915 758 944 oriri
780 913 899 951 dissidii,
915 912 960 943 seu
984 920 1093 943 mutuae
1108 911 1283 942 DIleffionis

206 955 375 987 faecunditas
386 954 605 994 quomodolibet
619 953 765 984 obfuscari.
1240 988 1245 993 .

246 994 327 1026 Cum
345 997 437 1035 itaque
453 993 670 1025 intellexerimus
702 991 760 1022 uod
768 990 885 1030 quidam
896 1013 905 1028 ,
925 989 1053 1020 Ministri
1069 988 1171 1027 vestri,
1189 987 1224 1018 ad
1238 998 1283 1018 in-

206 1034 378 1074 quirendum
400 1035 479 1072 cujus
499 1031 611 1062 Resoru
628 1033 661 1062 &
711 1029 813 1061 uardiae
835 1030 866 1060 sit
883 1027 1092 1072 Monasterium
1109 1028 1200 1072 Beatae
1215 1026 1284 1057 Ma—

207 1074 258 1105 riae
279 1073 455 1104 xanctoniae
468 1094 478 1110 ,
497 1072 530 1102 δε
551 1069 587 1100 de
608 1069 775 1110 quibusdam
798 1069 856 1099 aliis
870 1067 1018 1106 Articulis,
1038 1077 1087 1106 per
1099 1066 1218 1097 Cunam
1235 1076 1285 1096 ve-

209 1112 296 1144 stram
312 1111 453 1148 deputati,
471 1110 504 1140 ad
519 1108 643 1140 Insulam
665 1108 809 1146 nostram,
829 1116 893 1146 quae
914 1106 1002 1137 Insula
1015 1106 1148 1137 Oleronis
1163 1105 1284 1144 vulgari-

211 1160 255 1182 ter
276 1158 454 1187 nuncupatur
467 1171 476 1187 ,
494 1147 661 1187 potestatem
682 1148 758 1178 suam
782 1146 906 1176 indebite
918 1146 1113 1183 extendentes,
1132 1144 1235 1183 aliquas
1254 1145 1284 1174 in

211 1189 301 1220 nostri
321 1187 520 1226 praejudicium
541 1187 647 1217 ibidem
666 1185 845 1216 introducere
865 1185 994 1214 nituntur
1014 1183 1168 1214 Novitates
1181 1206 1190 1222 ,
1241 1192 1285 1213 uae

210 1228 441 1296 Progsenitorum
463 1225 626 1256 nostrorum
639 1248 649 1264 ,
667 1234 713 1256 aut
733 1223 836 1254 nostris
857 1224 1052 1262 temporibus,
1067 1221 1210 1263 hucusque
1246 1222 1286 1252 eri

213 1276 274 1298 nori
298 1267 421 1296 olebant.

250 1305 450 1345 Quamobrem
475 1302 722 1345 Magnificenriam
744 1300 867 1331 vestram
888 1300 991 1331 votivis
1012 1299 1161 1330 affectibus
1189 1308 1287 1330 exora-

213 1354 277 1376 mus
292 1367 302 1383 ,
328 1345 458 1383 quatinus
474 1344 593 1381 praefatis
615 1340 752 1371 Ministris
772 1339 887 1377 vestris,
911 1347 941 1368 ut
963 1340 998 1369 ab
1017 1338 1180 1376 'hujusmodi
1204 1338 1289 1370 nobis

212 1382 445 1423 praejudicialibus
466 1381 573 1420 prorsus
592 1379 738 1416 desistant,
758 1379 790 1410 &
813 1377 892 1416 quod
907 1377 1009 1415 aliquas
1024 1377 1198 1416 NovitateS,
1213 1387 1285 1408 con-

215 1432 258 1454 tra
275 1431 343 1459 nOS,
361 1429 408 1451 aut
423 1420 564 1451 Insulanos
580 1418 690 1448 nostros
705 1418 790 1448 dictae
802 1416 991 1455 Insulae,quae
1005 1416 1140 1447 haelenus
1154 1415 1214 1446 fieri
1228 1425 1289 1446 non

214 1460 432 1497 consueverint,
452 1468 511 1489 non
526 1466 711 1496 attemptent,
731 1467 779 1495 per
793 1455 897 1487 vestras
911 1455 1018 1486 Literas
1030 1455 1121 1487 velitis
1134 1456 1289 1495 praecipere

213 1507 299 1540 prout
312 1500 402 1529 decet.
771 1535 775 1539 ι
869 1533 884 1538 ..

250 1538 320 1570 Dat.
337 1536 410 1578 apud
427 1535 573 1574 Eborum,
594 1534 733 1566 vicesimo
748 1533 794 1564 die
806 1533 895 1572 Junii.

216 1678 276 1710 Pro
293 1672 423 1708 Andrea
439 1671 476 1706 dc
501 1671 623 1706 Harcla
636 1698 646 1713 ,
672 1669 708 1703 de
721 1667 906 1702 Hominibus
930 1672 1007 1701 inter
1022 1671 1159 1704 eAEmtes
1173 1679 1295 1715 congre-

474 1720 588 1769 gandis
606 1732 662 1767 pro
680 1718 835 1765 repulsione
850 1722 1017 1754 Scotorum.

195 1809 367 1880 -REttiin’
385 1802 1158 1882 ἓῗὲῗέξῑὲξέἒὲὲῗοιὲιίῖἓὲξῗέΕἘΗΜ’ωοὼ
1169 1803 1219 1836 s⁰⁰
1230 1814 1293 1844 ¹³³¹·

162 1916 174 1923 ,
259 1888 337 1927 Qiia
359 1886 544 1917 intelleximus
565 1884 645 1923 quiid
664 1882 761 1921 scoti,
776 1882 889 1912 Inimici
911 1882 944 1913 ὃ(
961 1880 1094 1912 Rebelles
1106 1881 1212 1921 nostri,
1231 1892 1294 1921 par-

178 1927 185 1933 '
223 1934 262 1958 tes
278 1926 416 1957 Marchiae
429 1925 572 1965 praedictae
608 1924 636 1953 in
652 1921 833 1952 multitudine
850 1930 910 1951 non
934 1920 1066 1959 modica,
1085 1922 1211 1952 celeriter
1226 1932 1294 1960 pro-

223 1974 334 2004 ponunt
356 1964 478 2003 ingredi,
497 1963 530 1993 ad
550 1948 735 1998 H'omicidia,
756 1959 1006 1997 Depraedationes,
1024 1958 1173 1998 Incendia,
1190 1961 1223 1991 &
1244 1960 1294 1991 alia

187 2004 193 2011 '
224 2004 314 2042 mala,
332 2013 396 2043 quae
411 2010 560 2042 poterunt,
577 1998 775 2040 perpetranda,
793 2008 841 2037 per
855 1998 931 2036 quod
948 2008 1016 2036 nos,
1034 1998 1070 2028 de
1089 1997 1181 2029 vestra
1194 2001 1295 2036 probi—

222 2051 296 2082 tate,
315 2043 348 2074 &
365 2041 499 2072 industrii
511 2040 634 2080 plenarie
644 2036 837 2076 confidentes,
855 2037 1051 2068 ordinavimus
1064 2037 1142 2078 quod
1156 2038 1214 2068 tam
1225 2037 1294 2069 Ho-

222 2083 312 2113 mines
325 2081 452 2120 Pedites,
903 2115 908 2119 .

262 2120 310 2151 De
330 2120 439 2160 singulis
459 2118 539 2150 Villis
562 2115 763 2148 Comitatuum
783 2114 936 2146 Cumbriae
948 2138 957 2154 ‚
976 2114 1245 2155 Westmerlandiae,
1261 2115 1295 2147 &

219 2159 410 2197 Lancastriae,

261 2199 324 2238 Qii
344 2199 422 2236 juxta
445 2194 688 2232 Concesiionem,
704 2194 786 2224 nobis
806 2203 854 2231 per
876 2192 1023 2232 Praelatos,
1043 2192 1191 2232 ComiteS,
1209 2192 1298 2225 Baro-

224 2247 291 2276 neS,
309 2238 342 2267 &
360 2236 495 2267 Proceres
509 2235 606 2274 Regni
623 2233 730 2270 nostri,
750 2234 779 2263 in
789 2231 978 2263 Parliamento
991 2231 1106 2271 nostro,
1124 2242 1214 2270 nuper
1223 2233 1296 2272 apud

222 2276 356 2306 Eborum
371 2282 552 2311 convocato,
570 2272 693 2310 fafhrm,
718 2271 876 2307 sumptibus
897 2269 1035 2301 Villarum
1053 2271 1162 2302 illarum
1182 2273 1298 2309 armari,

224 2315 259 2346 &
275 2315 310 2345 ad
325 2313 432 2344 Villam
443 2312 532 2342 Novi
547 2310 640 2342 Castri
655 2311 735 2349 super
747 2310 777 2340 T
790 2318 865 2352 'nam
879 2308 947 2339 duci
961 2310 1138 2348 debuiss‘ent,

263 2353 365 2391 Quam
380 2360 482 2382 omnes
496 2351 562 2380 alios
577 2350 745 2380 eorumdem
814 2356 963 2378 mitatuum
973 2371 982 2386 ,

262 2391 354 2421 Vobis
367 2391 396 2420 in
408 2390 558 2427 omnibus,
594 2398 637 2418 use
652 2388 686 2417 ad
701 2387 801 2417 salvam
822 2387 856 2416 δε
879 2386 1003 2415 securam
1024 2385 1195 2417 Custodiam
1209 2386 1299 2417 dicta-

228 2439 294 2460 rum
313 2430 452 2468 pai-tium,
470 2428 504 2459 &
518 2437 585 2467 repu
598 2428 703 2457 tionem
720 2426 866 2456 &storum
882 2423 1071 2455 Inimicorum
1087 2434 1221 2463 poterunt
1236 2436 1300 2466 per-

231 2470 322 2500 tinere
358 2476 472 2508 pareant
486 2468 520 2498 ὃ(
533 2465 694 2496 intendant:

266 2507 304 2538 Et
326 2492 505 2538 fille6toribus
524 2504 693 2535 eorumdem
714 2501 863 2540 Peditum,
879 2511 933 2545 ‚per
946 2512 998 2532 nos
1016 2502 1050 2532 ad
1072 2503 1130 2533 hoc
1142 2502 1299 2544 deputatis,

225 2546 356 2577 dedimus
376 2547 406 2576 in
430 2544 565 2575 mandatis
580 2567 589 2582 ,
615 2544 674 2574 tam
699 2542 778 2580 super
795 2541 943 2571 Eleeiione
964 2542 997 2572 &
1013 2541 1160 2572 DuCHonc
1173 2543 1297 2580 ipsorum

228 2585 364 2616 Peditum
379 2608 389 2623 ,
408 2584 496 2622 quarn
517 2583 574 2614 aliis
586 2606 596 2621 ,
613 2582 795 2613 salvationem
818 2579 958 2610 dietarum
971 2582 1092 2621 partium
1105 2582 1298 2622 tangentibus,

227 2623 310 2664 quod
322 2624 424 2655 faciant
439 2623 471 2654 &
486 2629 656 2659 exequantur
670 2620 747 2659 quod
761 2621 798 2650 eis
813 2618 942 2649 duxeritis
955 2619 1178 2659 injungendum:

265 2663 408 2693 Nolentes
423 2661 499 2701 quod
514 2660 584 2691 dicti
599 2659 710 2691 Pedites
726 2659 856 2695 veniant,
874 2657 919 2687 seu
940 2657 1078 2689 ducantur
1101 2659 1188 2698 usque
1206 2659 1242 2690 ad
1257 2659 1300 2691 di-

230 2702 308 2734 ciam
328 2702 347 2721 ²*
370 2701 472 2732 Villam
485 2699 521 2730 de
538 2699 630 2729 Novo
646 2698 750 2729 Castro
763 2707 797 2726 ex
814 2696 896 2726 causa
911 2696 1066 2736 prat-dista,

269 2740 361 2771 Vobis
382 2739 547 2770 mandamus
562 2739 591 2768 iii
607 2736 677 2768 Fide
696 2737 728 2768 ὅ(
744 2736 910 2772 Homagio,
927 2736 1028 2774 quibus
1049 2736 1132 2766 nobis
1144 2738 1300 2777 tenemini,

233 2778 349 2811 firmiter
366 2780 542 2815 injungentes
568 2776 648 2814 quod
661 2779 718 2807 tiim
733 2775 828 2805 dictos
844 2774 1060 2814 PediteS,qu{im
1074 2785 1174 2806 ornnes
1186 2777 1252 2807 alios
1267 2777 1301 2808 ὃς

230 2818 350 2858 singulos
370 2817 513 2848 Homines
536 2800 679 2845 dic‘torum
702 2813 905 2845 Comitatuum
919 2838 928 2850 ,
947 2814 1018 2856 inter
1039 2813 1150 2844 AEtates
1163 2815 1301 2855 sexaginta

232 2859 266 2890 &
280 2856 420 2888 sexdecim
433 2864 573 2886 annorum
583 2877 591 2892 ,
609 2862 691 2892 prout
704 2853 833 2892 expedire
848 2852 987 2891 videritis,
996 2854 1051 2882 line
1064 2853 1216 2893 dilatione,
1229 2865 1303 2885 con-

232 2897 337 2937 gregari
360 2897 394 2927 δε
415 2894 508 2924 araiari
525 2893 607 2923 facias
621 2915 631 2929 ,
662 2892 695 2922 ad
719 2890 903 2921 resistendum
930 2890 1013 2921 dic'tis
1036 2890 1163 2923 Inimicis
1183 2892 1302 2931 nostris,

231 2937 344 2975 quanto
366 2933 508 2973 potentius
530 2932 562 2962 ὃ(
584 2929 723 2960 robustius
743 2931 884 2969 poteritis,
904 2930 922 2960 si
944 2930 1137 2967 ingrediantur
1155 2942 1245 2972 partes
1259 2932 1303 2962 su-

231 2973 386 3042 ρῑαάἕᾶεε,
402 2971 437 3003 ad
459 2980 560 3002 eorum
581 2969 734 3007 malitiam,
752 2978 820 2999 cum
844 2968 901 2999 Dei
915 2968 1071 3008 adjutorio,
1089 2970 1202 3001 viriliter
1216 2972 1303 3011 repri-

229 3023 298 3044 men
319 3022 381 3043 am:

271 3050 438 3082 Praemuniri
460 3049 545 3079 etiam
559 3046 642 3077 facies
655 3055 754 3076 omnes
769 3045 913 3087 Homines
933 3047 1051 3085 partium
1070 3046 1213 3078 Marchiae
1228 3057 1300 3087 prae-

231 3090 333 3128 diere,
352 3088 432 3128 quod
447 3088 543 3118 omnia
559 3085 697 3116 Animalia
705 3085 750 3114 sua
762 3087 852 3114 verlus
867 3093 953 3122 partes
969 3085 1209 3126 Richemundiae,
1229 3087 1302 3127 Cly-

233 3129 387 3166 velandiae,
402 3127 447 3157 seu
461 3127 512 3157 alia
524 3126 608 3163 loca,
623 3125 652 3154 in
667 3122 816 3153 Comitatu
829 3122 976 3166 Eborum,
997 3135 1064 3154 cum
1079 3126 1235 3164 celeritate,
1245 3125 1301 3164 qua

234 3177 369 3206 poterunt
385 3191 393 3204 ,
419 3165 486 3195 duci
507 3166 540 3196 &
555 3163 642 3202 fugari
666 3163 787 3205 faciant,
801 3163 838 3192 ne
851 3162 886 3191 ab
903 3163 964 3202 ipsis
984 3162 1110 3194 Inimicis
1123 3174 1302 3202 occupentur

233 3207 467 3276 fflbducaiitur,
485 3204 530 3234 seu
545 3202 631 3233 iidem
652 3200 766 3232 Inimici
780 3200 848 3230 inde
864 3201 1073 3241 confortentur,
1091 3211 1136 3233 aut
1151 3203 1303 3242 aliqualiter

292 3253 428 3274 ententur.

233 3245 251 3276 s
272 3283 341 3314 Nos
354 3283 431 3312 enim
440 3304 450 3320 ,
469 3291 518 3319 per
534 3280 638 3310 Literas
652 3278 758 3309 nostras
771 3285 893 3315 patentes
901 3300 910 3316 ,
928 3277 1059 3307 universis
1072 3279 1105 3309 δε
1119 3278 1303 3318 lingulisHo-

235 3323 379 3359 minibus,
393 3321 430 3351 de
443 3320 526 3350 dicii:
538 3319 660 3357 partibus
674 3316 895 3347 Richemundiae
910 3316 943 3346 δε
959 3315 1168 3356 Clyvelandiae,
1192 3319 1225 3348 &
1248 3319 1304 3349 aliis

235 3361 375 3400 partibus,
393 3359 427 3389 ad
447 3369 515 3397 quas
537 3357 606 3387 dicti
628 3356 772 3386 Homines
795 3365 864 3396 cum
887 3355 1062 3384 Animalibus
1077 3355 1127 3385 suis
1144 3356 1305 3387 declinave-

235 3401 309 3437 rint,
328 3399 456 3429 dedimus
470 3399 497 3427 in
519 3395 653 3426 mandatis
669 3417 678 3432 ,
698 3394 774 3432 quod
791 3393 902 3422 eoidem
919 3392 1080 3431 Homines,
1097 3404 1164 3424 cum
1181 3396 1302 3426 Anima-

235 3438 307 3468 libus
327 3439 394 3475 suis,
414 3437 536 3475 benigne
554 3434 706 3472 recipiant,
725 3434 758 3463 &
781 3433 817 3462 eis
839 3442 899 3462 non
913 3432 1032 3462 inferant
1047 3433 1193 3473 injuriam,
1210 3434 1303 3464 mole-

234 3476 336 3513 stiam,
355 3470 533 3514 dampnum,
553 3472 790 3510 impedimentum
807 3469 937 3509 aliquod,
957 3470 1002 3500 seu
1018 3480 1178 3510 gravamen.

273 3515 361 3546 Teste
377 3514 459 3554 Rege
473 3512 546 3553 apud
562 3511 711 3548 Eborum,
729 3509 853 3540 secundo
864 3509 910 3539 die
921 3509 999 3549 Julii.

80 2724 96 2741 ·
114 2724 170 2751 111.

80 2764 147 2799 961.

898 3588 951 3616 Per
965 3584 1046 3626 ipfizm
1061 3588 1166 3623 Regem.

94 3736 174 3767 Ann-
196 3734 239 3766 D·
297 3719 343 3749 De
362 3714 534 3749 intendendo
550 3717 682 3748 Henrico
698 3712 734 3745 de
751 3713 827 3745 Bello
847 3714 975 3754 Monte,
997 3721 1052 3757 pro
1062 3710 1235 3757 fizlvatiane

117 3785 204 3814 1322.
633 3760 785 3795 Mai-chii·
803 3765 912 3794 Scotiae.

96 3819 207 3879 ‘2725'
243 3848 370 3906 Rex
391 3847 499 3891 ditent>—
520 3849 551 3878 ἃ
567 3847 693 3891 fidelibus
714 3847 788 3882 suis,
808 3845 991 3890 Omnibus,
1005 3845 1179 3890 Batonibus,
1202 3843 1309 3875 Militi-

93 3894 149 3918 Fin.
173 3900 204 3926 15
321 3888 371 3916 bu<
381 3909 388 3922 ,
410 3886 498 3914 liberis
512 3886 687 3915 Hominibus
697 3909 705 3922 ,
724 3886 756 3916 ὃς
770 3886 903 3915 omnibus
916 3886 988 3923 aliis,
1006 3886 1064 3915 tarn
1077 3884 1148 3914 infra
1159 3884 1309 3922 libertates,

96 3933 127 3955 E.
146 3940 171 3956 2.
243 3926 328 3964 qufitti
345 3934 434 3960 exitii,
450 3923 483 3952 ad
497 3934 583 3962 quos,
602 3925 664 3953 &o
677 3924 801 3953 salutem.

94 3973 119 4003 p.
138 3977 162 3995 2.
282 3964 381 3994 Sciatis
399 3961 494 3999 quod,
511 3962 579 3990 cum
593 3962 813 3991 ordinaverimus
827 3962 859 3993 &
872 3961 928 3991 este
941 3971 1150 3998 proponamus,
1169 3959 1308 3990 Domino

95 4015 131 4032 m.
148 4015 174 4040 4.
240 4004 438 4039 concedente,
456 3999 529 4040 apud
544 3999 672 4030 Novum
685 3998 819 4031 Castrum
830 4001 909 4039 super
923 4001 1040 4039 Tynam
1050 4022 1060 4038 ,
1076 4000 1106 4030 in
1121 3997 1228 4036 vigilia
1241 3997 1311 4030 Bea-

669 81 1939 149 CONVENTIONES‚L1TERAE,

1317 182 1339 213 ti
1350 181 1454 226 Jacobi
1469 182 1605 227 Apostoli
1619 185 1755 223 proximo
1770 184 1877 223 futura,
1894 195 1963 216 cum
1975 183 2127 216 Excercitu
2140 184 2258 226 nostro,
2276 187 2310 218 &
2324 195 2388 220 toto
2405 184 2479 217 Ann.
2493 181 2532 219 D.
2560 183 2562 189 '

1320 220 1442 265 Servitio
1455 244 1464 260 ,
1482 223 1565 253 nobis
1582 222 1679 254 debito
1693 246 1703 261 ,
1720 223 1754 254 ad
1771 223 2010 262 proficiscendum
2031 223 2134 255 exinde
2148 234 2248 256 contra
2270 225 2390 267 Scotos,
2425 233 2506 265 1322.

1319 258 1456 290 Inimicos
1471 261 1505 292 &
1521 261 1654 293 Rebelles
1667 262 1794 302 nostros,
1815 262 1849 293 ad
1864 273 1966 294 eorum
1978 263 2114 294 malitiam
2129 285 2138 302 ,
2156 273 2226 294 cum
2243 263 2302 295 Dei
2315 266 2394 305 adju·
2408 266 2475 294 Ἐάν.
2490 275 2517 293 ²-

1321 300 1410 336 torio,
1431 300 1653 340 refraenandam,

1324 376 1330 381 ι
1359 338 1405 368 Ac
1428 339 1647 370 intellexerimus
1669 339 1749 378 quod
1770 340 1842 371 dieti
1864 339 1981 372 Inimici
2001 340 2091 371 nostri
2111 340 2250 380 Regnum
2265 339 2395 374 nostrum

1321 386 1377 413 jam
1392 376 1454 421 sunt
1467 377 1595 417 ingressi,
1610 380 1641 409 in
1660 379 1764 409 eodem
1777 378 1967 419 Homicidia,
1982 378 2234 419 Depraedationes,
2252 379 2398 421 Incendia,

1322 415 1357 446 &
1371 415 1423 445 aha
1435 415 1558 455 dampna
1571 418 1719 448 innumera
1733 417 1940 456 perpetrando,

1325 493 1330 497 η
1363 453 1447 493 Nos,
1466 454 1608 486 salvationi
1629 456 1733 494 Populi
1747 456 1817 487 dieti
1839 456 1934 487 Reoni
1949 455 2038 488 nostri
2050 457 2166 488 interim
2177 457 2345 497 providere,
2363 459 2398 490 δε

1322 492 1447 536 ipsorum
1463 492 1653 526 Inimicorum
1667 495 1830 526 nostrorum
1844 505 1889 526 ma
1901 497 1972 535 itiis,
1989 504 2124 534 quatenus
2141 495 2224 526 bono
2239 496 2334 531 modo
2346 505 2397 535 po-

1323 539 1453 575 terimus,
1469 533 1588 564 obviare
1603 534 1730 564 volentes
1767 535 1800 565 &
1821 534 1857 565 de
1879 534 2010 565 fidelitate
2028 534 2146 572 probata
2179 535 2214 566 δε
2227 536 2400 577 circumspe-

1323 569 1420 600 &ione
1441 571 1581 610 provida,
1599 572 1696 616 dileffi
1720 557 1930 613 Consanguinei
1951 574 1985 605 &
1999 573 2087 604 fidelis
2104 557 2212 614 nostri,
2229 572 2352 606 Henrici
2362 574 2400 606 de

1324 607 1404 639 Bello
1420 608 1545 648 Monte,
1562 610 1671 648 plenius
1685 611 1879 651 confidentes,

1361 646 1422 678 Affi
1443 649 1574 692 navimus
1586 649 1676 689 ipsum
1690 649 1853 681 Henricum
1869 650 1904 681 ad
1920 661 1951 681 &a
1965 660 2029 689 quae
2041 650 2075 682 ad
2092 651 2260 689 quietem&
2273 651 2401 683 salvatio-

1324 695 1392 716 nem
1433 687 1511 724 opuli
1526 686 1616 717 nostri
1633 688 1781 728 praedisti,
1800 690 1834 721 δε
1847 689 2035 729 repulsionem
2049 689 2194 720 dffitorum
2207 689 2402 723 Inimicorum

1323 725 1485 755 nostrorum
1498 734 1632 763 poterunt
1645 728 1800 766 pertinere,
1818 728 1961 759 facienda:

1360 762 1399 793 Et
1412 763 1478 793 ideo
1491 765 1573 794 vobis
1588 765 1723 796 omnibus
1737 767 1770 797 &
1784 767 1894 806 lingulis
1907 767 2074 798 mandamus
2086 790 2095 804 ,
2111 766 2230 798 firmiter
2249 768 2401 809 injungen-

1325 809 1380 839 tes,
1397 801 1474 840 quod
1487 802 1606 842 praefato
1618 802 1753 847 I-Ienrico
1768 806 1798 834 in
1814 806 1976 844 praemiffis,
1995 817 2063 837 curn
2078 805 2166 845 Equis
2183 806 2217 837 &
2231 805 2344 846 Armis,
2363 809 2398 840 &

1325 848 1389 884 toto
1401 841 1484 884 *poste
1506 841 1615 885 vestre,
1633 843 1686 873 iitis
1704 843 1899 882 intendentes,
1917 845 2131 884 respondentes,
2150 845 2328 876 consulentes
2363 847 2398 878 ὃς

1324 879 1501 925 auxiliantes,
1512 880 1706 923 ‘faeientesque
1721 892 1771 921 ea,
1789 892 1854 922 quae
1868 883 1945 914 idem
1960 883 2105 914 Henricus
2118 884 2220 922 vobis,
2238 884 2272 915 &
2285 868 2402 916 cuilibet

1325 916 1456 962 vestrum
1479 927 1607 957 injunget
1624 929 1658 950 ex
1679 930 1756 961 parte
1779 920 1877 951 nostra
1890 945 1900 959 ,
1919 923 2052 959 quotiens
2075 923 2108 954 &
2122 924 2237 962 quando
2248 933 2298 961 per
2311 923 2403 964 ipsum

1325 955 1504 997 Henricum,
1523 957 1603 995 super
1616 957 1691 998 hoc,
1709 968 1743 989 ex
1790 968 1830 990 rte
1846 960 1958 999 nostra,
1978 960 2083 991 fueritis
2096 962 2271 1002 praemuniti:

1363 994 1402 1025 Et
1414 995 1488 1034 hoc,
1508 995 1578 1026 sicut
1593 1006 1646 1027 nos
1682 997 1715 1028 &
1763 1007 1886 1029 onorem
1908 998 2056 1038 nostrum,
2073 1009 2106 1030 ac
2128 1001 2252 1038 quietem
2291 1000 2324 1031 &
2341 999 2404 1031 Sal·

1326 1035 1471 1065 vationem
1488 1034 1589 1073 Populi
1605 1019 1693 1080 nostri
1708 1036 1838 1074 praedieti
1850 1037 1981 1076 diligitis,
1999 1037 2092 1068 modis
2106 1039 2242 1069 omnibus
2253 1024 2368 1071 faciatis.

1363 1072 1590 1117 Damushautem
1613 1074 1707 1109 eidem
1728 1074 1862 1106 Henrico
1875 1099 1886 1114 ,
1903 1084 2002 1107 tenore
2016 1076 2197 1115 praesentium
2211 1099 2222 1115 ,
2236 1077 2407 1115 potestatem

1327 1112 1463 1150 puniendi
1480 1112 1562 1152 illos,
1602 1123 1651 1143 uos
1665 1114 1695 1143 in
1708 1113 1762 1144 hac
1776 1122 1854 1153 parte
1869 1115 2007 1146 invenerit
2021 1113 2188 1146 Contrarios
2201 1124 2248 1145 aut
2256 1115 2410 1154 Rebelles,

1326 1160 1415 1220 ‘prout
1436 1160 1490 1190 pro
1512 1161 1584 1190 expe
1605 1153 1693 1183 itione
1713 1151 1837 1193 Negotii
1860 1153 1989 1192 praediffl
2020 1153 2119 1185 melius
2138 1152 2282 1185 videbitur
2302 1154 2409 1186 facien·

1348 1199 1407 1219 um.

1364 1228 1534 1259 intentionis
1552 1236 1646 1260 tamen
1660 1229 1766 1262 nostrae
1781 1230 1892 1271 existit,
1909 1230 2007 1271 quod,
2025 1230 2132 1262 ducito
2146 1230 2180 1262 &
2201 1230 2276 1262 fideli
2290 1231 2407 1270 nostro,

1327 1265 1453 1311 Andrese
1476 1267 1512 1297 de
1530 1267 1650 1299 Hartcla
1663 1292 1672 1305 ,
1695 1267 1807 1300 Comiti
1831 1268 1959 1301 Karleoli
1978 1271 2044 1303 (cui
2065 1270 2094 1300 in
2114 1269 2247 1308 Negotio
2267 1270 2407 1308 praediCIo

1328 1304 1577 1336 Commiffionem
1601 1308 1724 1338 similiter
1744 1309 1882 1345 fecimus)
1904 1309 1933 1339 in
1955 1308 2060 1339 eodem
2076 1309 2242 1348 intendatis,
2260 1310 2339 1348 juxta
2349 1309 2407 1340 for-

1327 1353 1407 1374 mam
1424 1343 1645 1376 Commiffionis
1660 1346 1783 1385 nostrae,
1803 1347 1853 1377 sibi
1867 1346 1933 1378 inde
1945 1347 2037 1378 factae.

1367 1382 1401 1413 In
1416 1385 1510 1422 cujus,
1529 1384 1590 1414 &c.
1607 1384 1744 1424 quamdiu
1757 1387 1840 1416 nobis
1853 1386 1987 1426 placuerit
2002 1386 2152 1417 duraturas.

1369 1422 1461 1454 Teste
1475 1422 1558 1463 Rege
1570 1422 1644 1464 apud
1658 1423 1793 1455 Eborum
1803 1447 1813 1464 ,
1827 1424 1952 1456 secundo
1963 1424 2010 1456 die
2019 1424 2098 1464 Julii.

1976 1503 2030 1533 Per
2047 1501 2130 1542 ipfiaem
2144 1504 2249 1543 Regem.

2425 1632 2441 1646 ‘
2457 1630 2511 1660 111.

1381 1623 1410 1651 *ἓ
1435 1627 1484 1659 De
1509 1623 1727 1668 Animalibus,
1756 1624 1800 1658 ad
1817 1627 2004 1659 comitatum
2022 1623 2161 1660 Eborum
2171 1637 2232 1674 prae.
2248 1630 2357 1660 timore
2425 1669 2479 1704 962

1692 1677 1849 1708 Scotorum
1862 1701 1872 1717 ‚
1901 1673 2054 1709 ducendis.

1338 1760 1395 1816 R
1407 1759 1471 1804 EX
1492 1760 1666 1805 Vicecomiti
1676 1758 1828 1804 Eborum,
1843 1760 1877 1791 &
1894 1761 2031 1805 omnibus
2043 1759 2156 1807 Ballivis
2169 1784 2179 1800 ,
2200 1760 2357 1806 Minis’cris,
2372 1760 2406 1792 &
2424 1742 2503 1813 A¹¹‘¹¹·
2513 1741 2561 1777 nl

1418 1798 1561 1829 Fidelibus
1579 1799 1632 1829 suis
1645 1821 1655 1837 ‚
1688 1809 1717 1828 in
1738 1798 1843 1829 eodem
1865 1797 2016 1830 Comitatu
2029 1821 2040 1838 ,
2062 1808 2123 1830 tam
2148 1799 2220 1830 infra
2239 1800 2411 1839 Libertates,
2468 1791 2530 1822 3²²·
2550 1795 2558 1813 ⁴

1333 1836 1421 1875 quam
1435 1846 1528 1876 extra,
1545 1836 1580 1868 ad
1595 1847 1666 1876 quos
1679 1837 1875 1868 &c.{{1lutem.
2427 1825 2480 1850 An.
2499 1829 2538 1859 ¹5·
2552 1832 2560 1857 ¹

1371 1873 1452 1906 Cum
1473 1876 1573 1908 diversi
1596 1876 1741 1906 Homines
1762 1875 1927 1907 Comitatus
1950 1875 2120 1915 Cumbriae,
2138 1876 2395 1909 Westmorlandiae
2426 1865 2456 1891 Ε·
2478 1871 2505 1890 ²·

1334 1912 1369 1945 &
1382 1915 1498 1959 aliarum
1511 1916 1635 1955 partium
1650 1914 1840 1953 adjacentium
1849 1938 1859 1954 ,
2430 1903 2539 1968 ¹13⁶:st
2553 1908 2560 1934 ¹

1372 1951 1437 1984 Prae
1458 1963 1564 1985 timore
1582 1953 1758 1992 Scotorum,
1777 1952 1965 1984 Inimicorum
1989 1953 2023 1984 &
2044 1953 2210 1985 Rebellium
2223 1954 2406 1992 nostrorum,

1335 1993 1384 2035 qui
1400 2001 1490 2030 partes
1506 1991 1649 2023 Marchiae
1663 1992 1784 2031 Scotiae,
1802 2001 1867 2023 ante
1881 1992 1944 2022 haec
1961 2000 2109 2032 tempora,
2124 1991 2300 2031 frequentius
2313 1992 2406 2023 hosti-
2429 1983 2455 2015 Γ
2471 1985 2498 2007 ²·

1336 2030 1399 2061 liter
1410 2031 1473 2062 sunt
1485 2030 1617 2069 ingressi,
1634 2031 1667 2062 δε
1683 2030 1933 2069 Depraedationec‚
1951 2029 2145 2070 Incendia,&
2159 2031 2209 2062 alia
2224 2032 2298 2062 mala
2307 2040 2410 2072 quam-
2434 2025 2461 2045 '⁷’
2483 2025 2514 2054 ⁴¹·

1337 2069 1457 2109 plurima
1468 2070 1659 2101 inhumaniter
1672 2070 1884 2110 perpetrarunt,

1377 2107 1494 2140 Ducant
1515 2109 1657 2140 Animalia
1678 2109 1711 2140 &
1734 2108 1784 2139 alia
1802 2107 1882 2139 Bona
1901 2107 1948 2139 sua
1967 2107 2003 2138 ad
2021 2117 2111 2150 partes
2125 2107 2338 2150 Clyvelandiae,
2355 2106 2413 2138 Ri-

1339 2147 1534 2185 chemuiidiae,
1550 2148 1583 2179 &
1599 2148 1649 2178 alia
1662 2147 1743 2178 Loca
1759 2148 1788 2178 in
1801 2147 1882 2178 dieto
1895 2145 2044 2178 Comitatu
2057 2147 2187 2179 Eborum
2203 2170 2214 2186 ,
2231 2158 2284 2186 pro
2298 2146 2418 2182 habena

1339 2186 1379 2216 do
1393 2187 1499 2217 ibidem
1513 2186 1673 2225 Refugium
1686 2194 1784 2217 contra
1803 2186 1938 2217 Inimicos
1953 2185 2065 2216 nostros
2078 2186 2267 2225 supradiet053

1380 2224 1487 2263 Vobis,
1505 2226 1539 2256 &
1562 2226 1677 2256 cuilibet
1699 2224 1844 2263 vestrum,
1864 2224 1980 2255 firmiter
2002 2225 2181 2263 injungendo
2195 2248 2205 2264 ,
2230 2224 2401 2256 mandamus

1341 2272 1475 2302 quatenus
1496 2264 1580 2294 diCtis
1601 2263 1779 2294 Hominibus
1793 2286 1803 2301 ,
1828 2273 1898 2294 cum
1921 2262 1993 2303 ipsos
2015 2263 2050 2294 ad
2075 2273 2145 2302 VOS,
2160 2264 2207 2295 seu
2226 2264 2291 2294 loca
2314 2263 2420 2299 vestra,

1341 2312 1409 2332 cum
1433 2302 1630 2341 Animalibus,
1648 2302 1681 2333 δε
1706 2301 1807 2333 Rebus
1819 2301 1888 2340 suis,
1905 2303 2057 2342 contigerit
2070 2302 2226 2340 declinare,
2243 2312 2303 2333 non
2317 2301 2418 2332 infera-

1341 2342 1390 2379 tis,
1409 2340 1472 2379 seu,
1490 2350 1629 2379 quantum
1642 2342 1672 2371 in
1685 2341 1767 2372 vobis
1782 2341 1841 2380 est,
1858 2343 1895 2371 ab
1907 2341 1964 2370 aliis
1975 2341 2070 2371 inferri
2084 2341 2250 2379 permittatis
2265 2340 2415 2378 injuriam,

1343 2378 1521 2448 moelkestiam,
1536 2380 1597 2411 &o
1618 2380 1656 2411 set
1678 2379 1765 2420 ipsos,
1786 2379 1911 2419 benigne
1933 2379 2128 2419 suscipientes,
2144 2378 2335 2411 favorabiliter
2350 2387 2418 2418 per-

1341 2427 1381 2449 tra
1414 2427 1464 2449 etis

1378 2456 1434 2495 Et,
1453 2441 1476 2487 fi'
1485 2456 1551 2496 quid
1567 2458 1606 2487 eis
1617 2456 1793 2488 forisfactum
1808 2458 1908 2495 fuerit,
1926 2455 1955 2487 id
1969 2457 2022 2495 eis,
2039 2455 2100 2487 &c.

1378 2495 1528 2526 Nolumus
1541 2497 1618 2526 enim
1633 2496 1711 2536 quod
1725 2495 1761 2526 de
1776 2495 1952 2526 Animalibus
1967 2495 2013 2525 seu
2027 2495 2085 2524 aliis
2102 2493 2185 2525 Bonis
2196 2492 2248 2524 suis
2263 2492 2418 2532 praedietis,

1341 2543 1442 2565 contra
1459 2535 1635 2566 voluntatem
1656 2534 1826 2564 eorumdem
1846 2533 2011 2564 Hominum
2023 2555 2033 2570 ,
2056 2531 2090 2562 ad
2114 2542 2186 2570 opus
2205 2532 2354 2572 nostrum,
2369 2542 2417 2563 aut

1340 2574 1461 2604 aliorum
1474 2596 1485 2612 ,
1509 2582 1558 2617 pet
1581 2572 1702 2603 Ballivos
1716 2595 1727 2617 ,
1751 2573 1796 2603 seu
1818 2571 1968 2603 Ministros
1987 2569 2100 2602 nostros
2114 2594 2125 2609 ‚
2140 2580 2187 2602 aut
2199 2571 2310 2603 alterius
2325 2570 2418 2610 cujus-

1340 2622 1483 2650 cumque,
1500 2621 1653 2651 quicquam
1667 2619 1798 2649 capiatur.

1379 2649 1412 2681 In
1426 2651 1506 2689 cujus
1515 2672 1526 2688 ,
1543 2650 1604 2680 &c.
1619 2649 1755 2689 quamdiu
1769 2649 1845 2688 Regi
1859 2649 1995 2686 placuerit
2011 2647 2166 2680 duraturas¹

1378 2688 1469 2720 Teste
1485 2688 1566 2729 Rege
1579 2688 1653 2729 apud
1666 2687 1815 2727 Ebonim,
1835 2689 1920 2719 tertio
1933 2688 1979 2719 die
1990 2687 2070 2726 Julii.

1988 2765 2043 2794 Per
2056 2763 2139 2804 ipficm
2151 2765 2259 2802 Regem.

1397 2901 1446 2936 De
1460 2901 1562 2935 Terris
1579 2903 1615 2939 α’*
1632 2901 1818 2934 Tenememis
1829 2926 1839 2941 ‚
1866 2910 1928 2946 quae
1934 2898 2066 2943 fuerunt
2090 2899 2289 2931 Inimicorum
2307 2899 2368 2931 Re-

1620 2953 1692 2996 gis,
1716 2947 1761 2982 ad
1766 2947 1899 2993 firmam
1921 2945 2118 2981 dimittendis.

1347 3033 1479 3092 REX
1497 3036 1648 3073 omnibus,
1669 3034 1703 3066 ad
1721 3044 1807 3072 qum,
1824 3033 1885 3065 &c.
1898 3032 2021 3064 salutem.
2436 3039 2547 3075 Annffl
2561 3057 2562 3065 ,

1458 3074 1559 3105 Sciatis
1578 3074 1659 3113 quod
1679 3073 1879 3107 affirmavimus
1915 3071 2033 3102 dilectos
2053 3069 2087 3101 &
2110 3068 2204 3100 fideles
2217 3069 2348 3110 nostros,
2361 3070 2417 3110 Jo-
2457 3082 2562 3120 1322-1'

1343 3112 1469 3144 hannem
1484 3112 1628 3152 Everard,
1644 3113 1677 3144 &
1693 3112 1856 3150 Johannem
1879 3094 1919 3153 de·
1936 3109 2092 3154 Trezagu,
2111 3108 2146 3139 ad
2158 3110 2258 3140 omnia
2270 3108 2419 3149 Maneria,
2437 3124 2487 3149 An·
2503 3127 2540 3156 ¹5·

1345 3151 1465 3189 Terras,
1482 3152 1516 3182 &
1537 3151 1736 3187 Tenemenra,
1754 3159 1822 3180 cum
1843 3148 2024 3179 Pertinentiis
2056 3157 2122 3186 quae
2145 3147 2259 3179 fuerunt
2279 3147 2419 3180 Inimico·
2442 3164 2472 3187 E.
2489 3169 2514 3187 2,

1345 3199 1408 3220 rum
1429 3191 1462 3220 ὃς
1483 3190 1646 3219 Rebellium
1661 3187 1844 3225 nostrorum,
1860 3186 1958 3230 &alia
1972 3188 2001 3217 iri
2023 3172 2173 3217 Comitatu
2189 3185 2351 3218 Cornubiae
2384 3188 2418 3219 &
2439 3199 2491 3226 Fin.
2509 3203 2555 3232 ¹5³

1343 3239 1408 3267 quae
1423 3238 1473 3268 per
1487 3228 1690 3258 forisfacturam
1707 3226 1853 3256 diciorum
1868 3224 2058 3256 Immicorum
2074 3225 2106 3257 &
2120 3224 2286 3256 Rebellium
2301 3236 2343 3257 no
2383 3236 2419 3257 o-
2438 3241 2468 3265 E.
2488 3245 2514 3264 2,
2557 3257 2562 3262 ,

1344 3277 1427 3305 rum,
1443 3267 1477 3296 &
1489 3266 1652 3305 quibusdam
1674 3265 1734 3295 aliis
1752 3264 1788 3295 de
1808 3264 1911 3301 causiS,
1927 3265 1956 3294 in
1973 3274 2058 3294 manu
2070 3260 2167 3295 nostra.
2180 3263 2320 3303 existunt,
2337 3274 2418 3296 aren-
2439 3284 2475 3303 m,
2493 3282 2516 3303 ι,
2557 3282 2562 3289 -

1344 3305 1482 3342 tandum,
1501 3305 1535 3335 ὃς
1547 3305 1629 3334 certis
1642 3303 1836 3342 Hominibus,
1853 3302 1952 3333 eadem
1969 3302 2116 3341 Maneria,
2133 3301 2256 3341 Terras,
2274 3303 2308 3333 δε
2320 3302 2422 3334 Tene-
2510 3308 2515 3309 ⁷

1345 3353 1442 3374 menta
1451 3366 1461 3381 ,
1479 3353 1494 3373 a
1505 3343 1586 3373 nobis
1599 3343 1724 3380 recipere
1738 3342 1914 3380 volentibus,
1931 3340 1967 3372 ad
1982 3341 2093 3372 firmam
2109 3339 2332 3378 dimittendum;

1382 3381 1524 3412 Habenda
1539 3404 1549 3419 ,
1572 3392 1588 3412 a
1613 3381 1700 3412 Festo
1720 3380 1815 3412 Sancti
1840 3379 1991 3411 Michaelis
2009 3381 2145 3421 proximo
2167 3379 2283 3417 futuro,
2319 3388 2352 3422 ¹r
2365 3387 2422 3410 tres

1348 3430 1436 3451 annos
1455 3421 1589 3459 proximo
1611 3420 1754 3459 sequentes
1770 3419 1948 3460 completos,
1966 3429 2021 3459 pro
2035 3417 2112 3450 certa
2123 3417 2238 3456 Firma,
2255 3426 2296 3447 no
2316 3427 2340 3447 is
2353 3417 2421 3450 inde

1347 3461 1377 3490 in
1392 3457 1543 3488 Cameram
1559 3458 1687 3490 nostram
1703 3460 1850 3489 annuatim
1864 3457 2022 3489 reddenda:

1383 3497 1516 3528 Necnon
1537 3497 1571 3527 ad
1591 3497 1692 3537 Blada,
1712 3498 1820 3535 Foena,
1845 3495 2020 3534 Instaurum,
2038 3495 2072 3527 &
2092 3495 2143 3526 alia
2161 3493 2241 3525 Bona
2263 3493 2297 3524 &
2312 3492 2421 3527 Catalla

1346 3535 1459 3574 nostra,
1477 3537 1506 3566 in
1520 3536 1603 3567 dietis
1622 3535 1776 3573 Maneriis,
1795 3535 1911 3573 Terris,
1936 3535 1970 3568 ὅτ.
1991 3533 2196 3570 Tenementis,
2211 3531 2249 3562 fic
2273 3532 2421 3564 dimitten-

1346 3575 1399 3644 ἐμ,
1414 3574 1574 3643 existentia,
1590 3575 1788 3613 vendendum,
1807 3575 1853 3605 vel
1871 3575 1933 3605 alias
1953 3573 2082 3605 nostrum
2101 3569 2266 3610 proficuum
2279 3570 2347 3602 inde
2358 3571 2420 3604 fieri

1359 3624 1437 3643 acien
1459 3623 1525 3643 um·

1386 3651 1428 3682 Ita
1444 3636 1543 3689 quod’,
1559 3650 1596 3681 de
1607 3651 1703 3682 valore
1718 3652 1752 3683 &
1773 3652 1863 3690 pretio
1880 3650 2068 3685 eorumdem,
2085 3646 2176 3677 dicius
2187 3646 2332 3686 Johannes
2346 3647 2424 3679 Eve-

1351 3700 1410 3721 rars.
1421 3714 1430 3729 ,
1449 3689 1555 3720 Custos
1570 3688 1790 3729 Maneriorum,
1807 3690 1980 3726 Terrarum,
2002 3689 2036 3719 &
2051 3685 2304 3716 Tenementorssm
2321 3688 2424 3726 praedi-

1349 3729 1480 3767 (storum,
1499 3738 1547 3766 per
1567 3727 1782 3759 Testimonium
1805 3730 1872 3759 dieti
1890 3727 2028 3766 johannis
2050 3724 2184 3763 Trezagu
2195 3747 2206 3762 ,
2237 3723 2425 3762 Supervisori's
2476 3739 2493 3747 ε

1349 3767 1575 3806 praemissorum,
1584 3767 1666 3797 nobis
1677 3768 1839 3806 respondeat
1852 3769 1882 3797 in
1897 3765 2049 3796 cameram
2063 3762 2207 3800 nostram,
2225 3764 2258 3793 &
2272 3763 2306 3793 ad
2321 3764 2424 3796 certifi-

1350 3806 1474 3837 candum
1489 3815 1542 3836 nos
1556 3806 1585 3835 in
1599 3805 1706 3836 dietam
1723 3805 1876 3836 Cameram
1898 3803 2026 3833 nostram
2044 3800 2178 3833 distinete
2194 3802 2227 3833 ὃ(
2242 3805 2356 3842 aperte,
2371 3801 2424 3834 sub

1352 3843 1455 3881 Sigillis
1469 3844 1538 3882 suis,
1555 3843 1592 3874 de
1604 3854 1640 3874 eo
1653 3845 1732 3884 quod
1745 3845 1863 3876 fecerint
1875 3843 1905 3872 in
1923 3839 2078 3880 praemiffis·

1390 3882 1426 3912 In
1437 3883 1534 3921 cu‘uS,
1553 3883 1614 3914 &c.

1389 3893 1483 3953 TesteJ
1492 3921 1579 3960 Rege
1592 3922 1669 3960 apud
1679 3920 1831 3961 Eborum,
1847 3928 1949 3962 quarto
1965 3917 2010 3948 die
2022 3915 2100 3956 Julii.

1988 3995 2043 4024 Per
2059 3992 2141 4033 ipfism
2158 3995 2265 4033 Regem.
2310 4029 2426 4063 Eodem
