2562 4279
742 179 843 220 ET
934 175 1199 216 ACTA

34 273 109 304 Ann.
121 266 163 298 D.
183 268 211 298 ni
225 267 332 307 nostri,
350 268 379 298 in
391 266 500 298 instanti
515 265 701 297 parliamento
717 263 833 300 nostro,
849 261 922 300 apud
943 258 1228 291 westmonasterium

54 315 138 349 1337.
182 316 358 345 convocatO,
384 307 631 342 convenientium,
655 302 755 333 vestrae
776 301 944 344 Clementiae
965 300 1067 341 votivis
1083 297 1230 338 afleChbus

33 350 99 377 Edv.
119 355 145 382 3-
182 344 364 382 supplicamus
383 345 526 382 quatinus,
552 345 581 372 in
600 342 701 372 debitae
721 340 875 378 ponderato
891 336 1081 381 Discuffioniffi
1093 334 1230 365 Examine

183 383 299 420 qualiter
313 383 388 413 dieta
401 382 543 420 Mitigatio
556 380 669 411 tolerata
682 379 768 408 fuerat
779 377 813 408 ad
829 386 938 414 tempus
951 375 987 405 de
1000 381 1103 411 gratia,
1216 408 1226 418 Α

34 424 115 451 *IV-
218 421 237 441 ²*
262 422 340 459 Qae
362 419 477 458 quidem
499 419 661 455 Mitigatio,
685 416 767 446 finito
787 424 930 453 tempore,
955 422 988 442 ac
1008 411 1129 442 cessante
1148 419 1230 453 causa

32 471 97 498 740·
182 457 373 490 Tolerationis
385 458 542 498 praedietae,
559 457 746 487 Taxationem
760 455 900 490 antiquam
922 461 982 482 non
1003 449 1102 487 debet,
1120 448 1230 478 Perito-

182 507 244 528 rum
253 498 375 535 judicio,
394 498 555 532 immutare,
629 532 634 537 ι
1144 525 1149 531 ,
1172 525 1177 531 ,

221 535 308 566 Oculi
327 535 410 566 vestri
430 533 542 564 videant
562 539 740 570 aequitatem,
759 528 792 559 &
812 528 848 572 de
869 527 955 557 Vultu
975 525 1070 569 vestro
1087 524 1230 564 judicium

183 575 299 612 prodeat
315 571 545 608 misericorditer,
559 569 728 600 declarando
741 568 930 598 Taxationem
943 573 1085 602 antiquam
1094 586 1104 601 ,
1121 563 1232 601 praeser-

185 615 238 643 tim
258 614 287 642 in
310 611 503 648 acceptatione
517 608 739 644 Beneficiorum,
758 611 952 648 competenter
967 602 1169 647 relevatorum,
1186 601 1232 633 vel

185 660 247 681 non
260 649 469 681 destru&orum
478 672 488 685 ,
505 647 608 677 debere
622 644 713 675 modis
725 643 858 673 omnibus
869 641 1022 686 observari,

223 689 262 719 Et
277 688 530 725 Acceptationem,
543 686 620 723 juxta
633 682 738 712 dietam
750 680 872 711 Novam
886 679 1096 723 Mitigationem
1110 678 1213 709 saetam
1222 701 1233 715 ,

186 728 232 758 vel
247 725 417 762 faciendam,
437 724 536 754 nullius
551 720 659 752 roboris
673 718 730 762 effe
744 718 789 749 vel
803 727 957 756 momenti,
1046 757 1050 762 .
1215 754 1220 759 η

224 765 340 795 Litteras
353 772 447 793 autem
461 760 654 799 Apostolicas,
671 767 699 786 in
713 758 766 786 hac
781 764 858 794 parte
879 756 1097 793 Declaratorias,
1115 753 1235 797 Praelatis

184 805 219 835 &
239 804 327 834 Clero
348 801 488 840 praedietis
509 799 657 835 dignetur,
683 793 863 833 quaesumus,
888 795 1045 826 concedere
1063 795 1236 825 exuberantis

183 841 285 873 vestrae
301 841 398 878 gratiae
412 836 564 907 [ἓξηίωάο.

456 885 481 905 c.

224 879 419 953 Golgiietfvgu'd
434 910 737 949 westmonasterium,
754 910 891 942 vicesimo
905 910 951 942 die
965 909 1071 942 Martii.

209 1041 259 1074 De
276 1035 398 1071 Navali
417 1032 546 1076 Substdio
555 1062 565 1078 ,
586 1045 641 1080 pro
657 1047 738 1067 more
754 1035 856 1078 usitato
867 1061 878 1078 ‚
896 1046 950 1082 per
965 1037 1213 1069 communitatem

577 1085 690 1116 Baionae
698 1083 845 1130 parando.

41 1177 117 1210 Ann.
126 1175 168 1206 D.
191 1170 325 1229 REX,
343 1170 461 1202 Dilectis
474 1171 507 1203 &
522 1169 663 1202 Fidelibus
676 1168 745 1208 suis,
760 1168 865 1207 Majori
874 1194 883 1208 ,
898 1169 1015 1213 juratis,
1035 1169 1162 1201 Centum
1185 1170 1237 1201 Pa-

56 1223 140 1255 1337,
266 1211 358 1247 ribus,
377 1211 409 1241 &
424 1209 615 1247 Comunitati,
634 1207 762 1239 Civitatis
776 1209 830 1239 suae
843 1208 974 1246 Baionae,
993 1209 1124 1239 salutem.

36 1258 88 1282 An.
106 1262 152 1283 11.
225 1249 318 1278 Firma
342 1248 466 1279 Fidelitas
488 1249 521 1279 ὃ(
541 1248 741 1278 Subventionis
780 1247 886 1277 ratuitae
905 1246 1069 1284 Permiffio,
1089 1257 1153 1285 quas
1168 1246 1238 1277 Nos

36 1297 68 1320 Ε.
89 1301 115 1328 3.
189 1287 222 1317 &
236 1287 432 1326 Progenitores
448 1286 536 1316 nostri
550 1286 658 1323 semper
678 1286 706 1315 in
726 1295 764 1315 vo
787 1286 808 1314 is
824 1286 1005 1328 invenimus,
1023 1285 1061 1315 sic
1077 1286 1105 1314 in
1127 1285 1238 1316 nostros

35 1320 105 1365 Vasc.
121 1339 163 1356 11.
185 1326 381 1363 impresserunt
400 1324 550 1362 Affeetus‚
576 1323 655 1362 quod
670 1345 680 1361 ,
705 1322 741 1353 de
762 1323 843 1353 vobis
866 1322 1022 1360 plenissime
1041 1323 1213 1354 confidentes
1228 1347 1238 1362 ,

37 1372 68 1395 Ε.
88 1377 112 1404 3.
128 1377 164 1396 m.
184 1364 332 1394 Profecfms
348 1363 452 1394 vestros
466 1363 564 1393 intime
578 1362 732 1400 provehere
748 1361 878 1400 cupimus
891 1361 925 1391 &
939 1361 1102 1392 Honorem.

39 1415 82 1440 ²9·
100 1406 125 1433 d.
223 1401 304 1432 Cum
322 1403 419 1441 igitur,
435 1401 487 1432 hiis
506 1401 717 1431 Turbationum
731 1400 926 1442 temporibus,
938 1399 1110 1439 indigeamus
1132 1399 1238 1431 Navali

41 1437 48 1441 '
186 1440 316 1471 Subsidio
337 1448 435 1470 contra
458 1438 591 1477 quosdam
613 1436 724 1468 nostros
748 1436 901 1474 AEmulos,
920 1447 948 1467 in
967 1438 1055 1468 nostri
1076 1438 1239 1476 Depreffio-

186 1489 255 1509 nem
276 1488 329 1518 pro
350 1478 453 1508 viribus
473 1477 672 1514 conspirantes,
696 1475 847 1515 specialiter
869 1485 921 1506 vos
941 1486 1075 1513 rogamus
1097 1478 1239 1520 quatinus,

183 1517 260 1555 juxta
276 1516 414 1554 modum,
433 1517 461 1546 in
477 1514 549 1545 Casu
562 1515 624 1552 tali,
642 1514 862 1544 Provenitorum
881 1513 1044 1544 nostrorum
1065 1516 1240 1552 temporibus

186 1556 330 1593 usitatum,
348 1554 438 1585 velitis
456 1553 562 1584 Viffinti
574 1553 673 1583 Naves
687 1539 838 1583 Ct'uerrinas
852 1553 925 1582 bene
938 1562 1048 1590 parare,
1066 1553 1100 1596 ad
1125 1553 1241 1592 profici-

186 1594 321 1624 scendum
334 1594 361 1623 in
377 1592 476 1622 nostris
489 1578 637 1629 &bsequiis
649 1590 728 1628 supra
742 1590 886 1634 Mare,&
900 1590 951 1620 alia
964 1591 1054 1622 facere
1063 1600 1140 1629 Juxta
1147 1590 1242 1634 Com-

187 1632 349 1663 mlffionem
364 1631 503 1669 nostram,
522 1631 604 1660 vobis
619 1629 730 1659 missam
743 1639 773 1658 in
788 1629 840 1659 hac
855 1637 940 1673 parte,
1182 1669 1187 1674 .
1222 1669 1227 1674 1

226 1670 388 1707 Scripsimus
410 1678 504 1700 autem
525 1667 680 1698 Senescallo
704 1666 802 1697 nostro
822 1666 984 1705 Vaseoniae,
1002 1675 1032 1697 ut
1051 1667 1086 1697 de
1101 1667 1242 1705 praedietis

189 1708 322 1739 Navibus
341 1707 487 1738 vobiscum
505 1708 651 1745 loquatur,
669 1706 702 1737 &
725 1705 805 1735 faciat
822 1713 908 1743 prout
919 1704 960 1735 est
975 1706 1003 1735 in
1017 1705 1088 1736 Casu
1102 1705 1242 1736 consimili

188 1746 249 1777 fieri
264 1746 445 1777 consuetum:
1023 1783 1027 1788 Ι
1083 1783 1089 1788 Δ

224 1785 261 1815 Et
276 1786 350 1822 hoc,
369 1785 438 1815 ficut
451 1783 487 1814 de
498 1784 579 1814 vobis
591 1782 780 1818 confidimus,
801 1781 954 1812 nullatenus
969 1791 1113 1813 omittatis.

264 1823 333 1853 Dat.
350 1822 424 1861 apud
436 1820 739 1858 W’estmonasterium,
757 1820 891 1850 vicesimo
905 1820 950 1850 die
966 1819 1073 1851 Martii.

266 1951 315 1982 De
335 1946 466 1982 Berardo
484 1947 520 1980 de
539 1948 569 1979 la
586 1948 670 1978 Erete
688 1944 786 1989 Castro
804 1945 839 1977 de
860 1947 967 1978 Blania
975 1945 1165 1992 praeficiendo,

38 2045 113 2076 Anu,
129 2042 168 2074 D¹
189 2032 323 2089 REX,
343 2030 460 2075 DileSto
480 2029 621 2076 &wFideli
641 2029 709 2067 suo,
727 2029 848 2062 Olivero
867 2029 902 2060 de
925 2029 1065 2069 Ingham,
1091 2031 1245 2063 Senescallo

263 2071 313 2100 suo
331 2069 491 2107 Vasconiae,
511 2069 644 2099 salutem.

39 2090 152 2150 A¹3}Z‘
231 2109 307 2148 Qia
321 2107 441 2137 multum
456 2107 616 2144 etpediret,
634 2114 663 2137 ut
675 2106 832 2144 credimus,
851 2107 948 2145 quoti,
967 2106 1097 2139 Dileetus
1111 2109 1143 2139 ὃς
1164 2108 1244 2140 Fide-

40 2134 91 2188 Ea.
146 2141 152 2148 ¹
192 2149 226 2178 lis
245 2146 355 2183 noster,
374 2145 507 2175 Ber-ardus
528 2144 564 2174 de
585 2145 608 2174 la
629 2144 708 2183 Bter,
726 2146 755 2174 in
778 2145 882 2174 Castro
904 2145 1002 2175 nostro
1017 2146 1051 2176 de
1065 2146 1174 2184 Blani'a,
1193 2158 1247 2185 pro

39 2168 132 2226 χᾼὶάῖξη
192 2185 354 2216 defensione
373 2183 513 2220 ejusdem,
532 2184 565 2214 &
584 2182 739 2213 Terrarum
761 2183 918 2214 nostrarum
939 2184 1062 2223 ibidem,
1080 2185 1131 2215 hiis
1151 2185 1246 2216 Com-

136 2217 143 2224 ’
193 2223 328 2255 motionis
341 2221 532 2259 temporibus,
551 2231 723 2259 moraretur,

232 2262 322 2293 Vobis
337 2260 500 2290 mandamus
513 2259 592 2297 quod
606 2259 699 2297 Ipsum
714 2259 747 2290 ad
760 2259 817 2290 hoc
832 2260 925 2291 modis
943 2261 1076 2291 omnibus
1097 2262 1248 2301 inducatis,

194 2302 228 2333 δε
244 2299 323 2338 quod
337 2298 443 2328 ibidem
457 2298 589 2334 sapienter
603 2308 635 2328 ac
650 2298 761 2329 strenue
774 2297 801 2328 se
812 2299 928 2336 habeat,
946 2309 1032 2337 prout
1045 2299 1079 2329 ad
1093 2299 1248 2332 Honorem

195 2339 325 2370 nostrum
339 2336 438 2366 melitis
450 2336 550 2366 viderit
561 2336 691 2373 expedire
699 2359 709 2374 ,

234 2376 289 2414 Et,
306 2377 343 2405 ne
355 2385 370 2404 a
382 2374 457 2405 diist&
470 2373 625 2412 Custodia,
643 2385 695 2412 pro
716 2383 757 2405 ter
769 2374 955 2405 Salvationem
971 2375 1118 2407 Locorum
1136 2377 1250 2409 suorum

197 2414 404 2452 Propriorum,
419 2412 605 2449 abstrahatur,
624 2422 676 2450 pro
722 2412 832 2444 ustodia
855 2414 996 2444 dierorum
1018 2414 1186 2454 Locorum,
1203 2427 1251 2447 or-

198 2453 297 2483 dinetis
312 2460 395 2491 prout
409 2450 469 2481 fore
484 2450 606 2481 videritis
619 2451 788 2482 faciendum.

236 2490 326 2522 Teste
339 2489 420 2529 Rege
435 2489 508 2528 apud
522 2488 809 2520 Westmonasterium
818 2514 828 2528 ,
845 2490 981 2522 vicesimo
994 2490 1040 2522 die
1056 2491 1165 2524 Martii.

201 2623 251 2656 De
271 2624 349 2656 Pace
361 2647 370 2663 ‚
396 2620 448 2653 vel
462 2622 598 2667 Ueuga,
623 2633 679 2652 non
699 2621 826 2654 ineunda
845 2623 901 2665 nist
916 2625 1061 2657 Homines
1077 2623 1113 2657 de
1145 2628 1256 2660 Baiana

535 2672 566 2702 in
582 2668 684 2702 eadem
700 2669 925 2705 concludantur.

56 2769 134 2800 Arm.
146 2766 189 2797 D.
208 2756 322 2825 RE}
337 2756 497 2824 Omnibus&
515 2755 549 2787 ad
562 2765 646 2796 quos,
660 2756 720 2790 &e
738 2755 870 2791 Salutem.

104 2815 116 2824 a
323 2804 398 2825 cratis
432 2805 470 2825 uo
500 2819 509 2832 ,

56 2814 172 2874 ,4712231712
249 2833 329 2863 Cum
342 2805 448 2871 nupcci,
465 2833 599 2863 veraciter
613 2834 756 2865 intellec‘m
791 2835 851 2866 uod
867 2835 1001 2874 Dampna
1013 2841 1121 2878 gravia,
1139 2840 1172 2871 &
1184 2840 1263 2871 Mala

58 2889 87 2912 Ε,
104 2867 136 2919 ’3,
211 2881 273 2901 non
293 2871 424 2909 modica,
442 2881 490 2908 per
509 2871 641 2901 Subditos
663 2872 751 2919 Regis
766 2845 908 2918 ἓγαῃεὶιε,
927 2875 960 2905 &
973 2875 1193 2909 Confoederatos
1205 2878 1264 2909 Ini-

59 2923 128 2958 pasc¹
150 2929 192 2948 11,
212 2911 356 2940 micorum
376 2908 539 2939 nostrorum
560 2909 597 2940 de
613 2910 883 2954 Scotia,·Fidelibus
904 2913 1002 2944 nostris
1013 2914 1086 2946 illata
1099 2917 1206 2947 fuerant
1222 2918 1266 2948 su-

60 2965 127 2995 23·
140 2968 176 2986 m,
213 2957 261 2985 pra
285 2947 382 2985 Mare,
403 2948 436 2978 ὃς
461 2947 552 2977 multo
574 2957 717 2987 gravrora,
734 2959 765 2979 in
785 2949 937 2982 Nostri&
950 2951 1129 2985 Nostrorum
1142 2955 1266 2987 Subver—

60 3007 99 3034 40
213 2986 336 3023 lionem,
355 2985 450 3023 patulo
463 2986 649 3023 comminata,

103 3020 109 3026 ⁶
251 3023 501 3061 Mandaverimus,
519 3023 637 3054 Dileecis
650 3026 683 3056 &
699 3024 841 3056 Fidelibus
855 3026 956 3057 nostris
991 3028 1168 3062 Hominibus
1187 3032 1269 3063 Civi-

214 3063 275 3094 tatis
295 3061 400 3092 nostrae
420 3061 455 3092 de
475 3061 595 3100 Baiona,
614 3071 662 3101 ut,
680 3073 733 3100 pro
755 3063 917 3096 defensione
935 3050 1102 3098 H’ominum
1116 3071 1149 3100 &
1165 3069 1270 3100 Terra-

68 3121 82 3138 ..
104 3121 145 3147 IV
215 3111 279 3132 rum
291 3099 471 3137 nostrorum,
489 3110 520 3130 ac
535 3100 690 3138 repulsione
705 3101 893 3133 Inimicorum
916 3103 1097 3145 nostrorum,
1117 3108 1136 3126 '¹‘
1155 3108 1271 3145 profici-

67 3167 132 3194 74¹·
150 3138 158 3146 ⁶
216 3141 356 3171 scerentur
371 3146 499 3176 potenter
513 3149 581 3169 cum
597 3139 646 3169 suo
659 3139 788 3178 Navigio
803 3140 879 3178 snpra
895 3141 996 3181 Mare,

256 3177 466 3214 promittimus,
483 3177 562 3208 bona
574 3176 629 3207 fide
635 3201 645 3216 ,
663 3178 743 3216 quod
757 3178 849 3209 dictos
864 3180 1007 3212 Homines
1021 3181 1132 3213 nostros
1145 3182 1181 3214 de
1188 3183 1270 3214 Baio-

219 3215 255 3246 nfi
272 3238 282 3253 ‚
305 3224 404 3245 omnes
422 3216 455 3244 ὃς
474 3215 611 3263 singulos,
632 3227 684 3254 pro
705 3216 861 3256 Dampnis,
886 3228 919 3248 ex
937 3229 1013 3250 nunc
1028 3220 1154 3252 Inimicis
1171 3221 1273 3253 nostris

219 3252 378 3292 hujusmodi
400 3254 428 3282 in
449 3252 541 3284 Terra
562 3255 607 3285 vel
622 3255 650 3284 in
666 3255 760 3293 Mari,
774 3257 852 3294 juxta
864 3256 1033 3288 Mandatum
1055 3259 1182 3290 nostrum
1201 3270 1273 3298 prae-

221 3293 347 3328 ditium,
365 3301 412 3328 per
427 3290 496 3327 ipsos
510 3291 674 3331 inferendis,
692 3293 810 3324 Securos
821 3295 988 3327 servabimus
1002 3297 1036 3327 &
1049 3296 1220 3335 Indempnes

258 3330 327 3360 Nec
342 3329 474 3358 faciemus
488 3328 608 3368 Pacem,
627 3341 679 3361 nec
693 3333 810 3363 iniemus
823 3333 985 3372 Treugam,
1003 3345 1071 3365 cum
1088 3337 1206 3374 praefatis
1218 3324 1276 3368 sni-

223 3369 305 3398 micis
320 3367 436 3404 nostris,
454 3377 506 3397 nec
520 3368 730 3399 Confoederatis
744 3380 860 3409 eorum,
880 3372 930 3402 nisi
944 3372 1012 3403 dieti
1024 3373 1166 3406 Homines
1187 3376 1276 3407 nostri

224 3408 261 3437 de
283 3404 385 3436 Baionfi
400 3406 428 3434 in
451 3405 527 3435 dieta
550 3405 639 3444 Pace,
662 3407 707 3436 seu
728 3407 857 3447 Treuga,
880 3411 1054 3442 includantur
1076 3414 1218 3452 expresse,
1242 3417 1277 3447 &

224 3454 275 3513 Feli·
290 3443 376 3474 dicias
397 3442 502 3473 Pacem
519 3444 552 3474 &
572 3443 735 3484 Treugam,
753 3455 853 3477 eorum
871 3448 1018 3480 Securitati
1039 3453 1186 3490 congrue,
1204 3463 1277 3484 con-

239 3494 254 3513 u
266 3490 333 3513 atur.

265 3520 390 3589 [ῃῦἓίξὲ
399 3519 492 3595 'fige
502 3557 575 3595 apud
587 3558 875 3592 Westmonasterium
883 3584 893 3600 ,
911 3563 1048 3594 vicesimo
1060 3564 1105 3596 die
1121 3565 1225 3598 Martii.

308 3696 356 3729 De
381 3690 548 3736 Constantia
578 3694 768 3740 Burgensium
795 3698 831 3727 V
828 3696 881 3728 illae
908 3697 1012 3730 SanHi
1038 3696 1199 3731 Macharii

651 3742 867 3776 commendata.

86 3814 212 3848 Arm-D·
238 3825 355 3882 REX
392 3826 560 3871 Ducena&
573 3826 712 3870 Fidenatis
725 3825 794 3873 suis,
809 3826 926 3868 Juratis,
941 3830 975 3861 ὅ(
989 3830 1187 3871 surgentibus,
1202 3832 1285 3864 vinae

108 3862 192 3894 1337.
314 3850 417 3895 nostrae
432 3865 527 3895 Sandh
542 3865 696 3902 Macharii,
714 3864 848 3896 Salutem.

85 3898 137 3922 An.
157 3903 166 3920 1
177 3902 199 3919 ι.
274 3900 444 3934 Recolentes
459 3903 655 3934 Dilectionem
671 3904 703 3933 &
719 3902 889 3935 Fidelitatem
900 3928 909 3943 ,
927 3917 993 3944 quas
1013 3906 1047 3937 ad
1070 3906 1138 3937 Nos
1159 3909 1192 3939 &
1210 3908 1288 3940 Prae-

86 3937 117 3960 Ε.
139 3941 165 3968 3·
238 3938 393 3971 decessores
408 3941 520 3972 nostros
540 3942 646 3979 semper
668 3942 860 3973 invariabiliter
878 3944 1024 3983 habuistis,
1050 3944 1234 3978 Personarum
1255 3950 1288 3979 &

86 3972 155 4006 Vas*
178 3977 219 3995 ¹¹·
241 3977 351 4007 Rerum
374 3980 501 4016 periculis
521 3990 579 4010 non
600 3981 690 4011 vitatis
703 4004 712 4018 ,
736 3979 856 4010 vestram
881 3981 1078 4013 Constantiam
1100 3983 1233 4016 habemus
1256 3995 1289 4016 ex

93 4012 121 4035 E.
142 4017 168 4043 3-
185 4014 221 4033 m·
241 4015 299 4045 hoc
311 4015 463 4051 plurimum
479 4017 733 4056 Commendatam,
750 4027 875 4057 gerentes
888 4021 916 4049 in
937 4022 1012 4051 votis
1035 4021 1126 4051 facere
1145 4033 1198 4060 pro
1219 4033 1290 4055 tem-

97 4054 142 4083 35·
153 4044 179 4072 Α·
243 4062 313 4092 pore
320 4055 665 4125 ,Ίῧὲεεῆείὲωῧῗυςετε
678 4065 810 4096 poterunt
822 4056 1024 4090 Commodum
1038 4059 1071 4091 ὅ(
1086 4059 1247 4093 Honorem.

1283 171 1769 224 Pontica„
2259 180 2332 231 πᾶς

1295 256 1525 302 γδιιρρΙῐςᾳῑῐοηεε
1538 264 1625 300 verb,
1641 270 1688 301 per
1702 258 1949 303 Comburge'nsem
1962 258 2086 296 vestrum
2101 258 2263 303 johannem
2284 262 2319 294 de
2341 255 2416 305 Atm-
2426 256 2466 291 D:

1270 294 1368 333 Navi,
1386 306 1433 334 qui
1448 307 1501 333 pro
1514 299 1690 336 expeditione
1703 301 1859 332 Petitorum
1873 312 1937 340 erga
1952 313 2003 333 nos
2018 302 2130 341 institit,
2148 304 2206 333 tani
2227 302 2318 332 solici—
2355 307 2440 338 1337·-

1272 334 1318 369 te,
1337 335 1422 370 quam
1436 335 1566 372 discrete,
1585 346 1619 366 ex
1634 348 1709 374 parte
1724 338 1813 369 vestrii
1826 341 1907 370 nobis
1921 341 2069 379 exhibitaS,
2089 351 2138 379 per
2158 341 2262 378 peritos
2283 340 2319 371 de
2336 338 2402 366 Edi).
2424 346 2450 374 3·

1272 369 1371 399 nostro
1386 370 1537 410 Concilio,
1555 377 1701 405 examinari
1715 376 1831 408 fecimus
1844 379 1891 408 dili
1911 389 2005 417 enter,

1310 408 1399 452 Super
1419 411 1519 447 quibus
1539 411 1575 442 fic
1598 412 1655 442 fieri
1676 413 1808 445 faciemus
1829 418 1887 454 quo
1928 417 2063 448 debebitis
2078 419 2181 448 merito
2203 424 2323 448 conten*

1274 454 1332 476 tari.
2242 488 2245 489 γ

1297 484 1372 528 ’.Χῖος
1389 485 1489 524 igitur,
1514 488 1541 516 in
1563 486 1729 520 Constantia
1748 490 1839 521 vestra
1864 492 1940 523 solita
1964 493 2151 531 persistentes,
2173 493 2324 531 praesertim

1274 522 1325 552 hiis
1337 525 1528 566 temporibus,
1548 535 1611 568 quae
1626 528 1827 559 turbationibus
1843 531 2041 570 involvuntur,
2054 534 2083 562 in
2099 532 2271 562 Defenfione
2283 531 2326 561 <ii-

1275 561 1332 591 &ae
1346 560 1484 599 Villae,&
1494 562 1606 606 Jurium
1620 565 1781 596 nostrorum
1791 589 1800 604 ,
1818 568 1846 596 in
1860 568 1973 599 Ducam
1990 571 2196 608 praedicio„fic
2213 569 2325 600 strenue

1276 609 1328 630 vos
1342 598 1444 629 habere
1459 610 1574 639 curetis,
1593 612 1675 640 prout
1688 603 1803 634 Honori
1816 605 1913 637 nostro
1926 609 2024 637 melius
2045 608 2167 638 videritis
2188 609 2326 639 conveni-

1277 647 1323 674 re,
1346 646 1393 674 ut,
1415 636 1570 680 ¹Crescente
1589 642 1696 678 semper
1717 642 1902 682 Devotione,
1926 646 2049 676 crescere
2072 646 2171 677 debeat
2192 656 2256 686 erga
2273 655 2326 678 vos

1279 675 1442 705 Retributio
1460 676 1552 707 nostra
1565 686 1646 716 grata.

1316 713 1383 744 Dat.
1402 714 1475 751 apud
1490 714 1792 756 Westmonasterium,
1809 720 1944 751 vicesimo
1956 720 2002 751 die
2018 720 2123 752 Martii.

1283 857 1332 887 De
1349 857 1510 889 [mentione
1525 860 1612 905 Regis
1631 858 1797 904 exponenda
1808 887 1817 902 ‚
1843 865 1879 899 ὠ·
1896 862 1931 894 de
1948 865 2057 896 Itinere
2075 867 2266 911 Magnarum
2287 862 2332 898 ad

1700 918 1801 954 partes
1815 912 1922 942 Scotiae.

1281 988 1414 1046 REX,
1430 991 1576 1037 Universis
1591 994 1624 1025 &
1639 993 1762 1038 singulis,
1781 991 2018 1039 Archiepiscopis,
2036 996 2195 1040 Episcopis,
2214 996 2332 1043 Abbati-
2349 993 2424 1026 Ann-
2437 990 2481 1025 D·

1354 1031 1422 1069 bus,
1441 1030 1601 1070 Prioribus,
1617 1031 1797 1070 Comitibus,
1816 1033 1985 1071 Batonibus,
2005 1035 2160 1073 MilitibuS,
2176 1037 2208 1067 ἃ
2222 1037 2276 1067 aliis
2286 1038 2332 1067 Fi-
2375 1038 2461 1074 1337÷

1280 1064 1387 1098 delibus
1407 1068 1524 1107 nostris,
1541 1070 1614 1106 apud
1637 1069 1782 1109 Eborum,
1798 1072 1832 1101 ad
1853 1072 1928 1102 diem
1950 1071 2156 1111 Dominicam,
2175 1076 2332 1112 proximam
2350 1077 2400 1099 An.
2421 1081 2463 1099 ¹¹·

1281 1105 1346 1141 post
1362 1106 1476 1137 Festum
1489 1107 1584 1138 Sancti
1600 1108 1760 1147 Ambrosii,
1777 1111 1909 1147 proximo
1921 1111 2064 1150 futurum,
2081 1111 2117 1142 de
2129 1111 2269 1143 Mandato
2282 1124 2333 1143 no-
2352 1113 2379 1137 E.
2400 1119 2425 1147 3·

1282 1142 1357 1182 stro,
1376 1147 1574 1184 conventuris,
1588 1146 1719 1177 Salutem.
2351 1153 2416 1175 Scor.
2437 1157 2479 1174 un

1318 1182 1413 1212 Sciatis
1428 1184 1507 1221 quiid
1521 1184 1608 1222 Nos,
2352 1190 2382 1212 Ε·
2399 1196 2424 1222 3·
2446 1190 2484 1213 Μ

1318 1219 1368 1250 De
1388 1221 1515 1252 fidelitate
1531 1222 1647 1259 probata
1669 1223 1702 1254 &
1725 1224 1978 1263 circumspeetione
2000 1227 2133 1265 provida,
2153 1226 2336 1259 Dilectorum
2354 1234 2399 1251 ²0·

1282 1258 1316 1288 δε
1328 1259 1465 1290 Fidelium
1486 1260 1666 1298 nostrorum,
1684 1261 1854 1293 Venerabilis
1876 1262 1976 1301 Patris,
1995 1264 2034 1294 R.
2051 1265 2251 1296 Dunolmensis
2270 1266 2339 1304 Epi-

1283 1297 1376 1334 scopi,
1402 1297 1530 1329 Thomae
1549 1299 1585 1330 de
1606 1299 1683 1329 Bello
1704 1299 1837 1339 Campo,
1863 1300 1987 1331 Comitis
2007 1302 2180 1341 Warwicae,
2201 1304 2339 1343 johannis

1284 1334 1398 1374 Darcy,
1416 1336 1561 1368 Senescalli
1584 1337 1707 1375 Hospitii
1728 1338 1833 1378 nostri,
1852 1341 1884 1371 ὃς
1907 1338 2029 1370 Galfridi
2051 1341 2077 1370 le
2101 1341 2211 1380 Scrop,
2226 1343 2339 1380 plenam

1285 1372 1414 1404 fiduciam
1429 1383 1615 1412 reportantes,
1838 1410 1840 1412 ,

1324 1412 1528 1451 Affignavimus
1551 1416 1583 1446 ὃ(
1607 1414 1811 1452 Deputavimus
1831 1415 1923 1453 Ipsos,
1941 1417 2138 1455 conjunffim,
2154 1418 2187 1448 &
2208 1417 2339 1457 divisim,

1285 1449 1319 1479 ad
1335 1450 1539 1482 ostendendum
1554 1454 1636 1483 vobis
1650 1453 1682 1482 ad
1698 1452 1880 1492 Concilium,
1898 1463 1945 1491 pet
1959 1455 2027 1485 Nos
2040 1455 2122 1485 dietis
2134 1455 2192 1485 Die
2206 1457 2238 1486 &
2254 1456 2340 1486 Loco

1285 1487 1463 1527 ordinatum,
1480 1491 1513 1520 ad
1527 1491 1604 1528 quod
1619 1502 1670 1521 vos
1684 1494 1837 1523 convocari
1851 1493 1987 1532 fecimus,
2005 1493 2153 1524 Affensum
2170 1494 2342 1524 Parliamen-

1285 1527 1306 1557 ti
1327 1526 1428 1565 nostri,
1447 1529 1519 1565 apud
1538 1529 1827 1560 XVestmonasteriuin
1847 1531 1948 1561 ultimo
1972 1533 2143 1570 convocari,
2162 1533 2209 1562 tibi
2223 1542 2283 1562 non
2298 1534 2341 1562 in-

1286 1564 1431 1603 tei-fuistis,
1450 1567 1528 1603 super
1544 1567 1653 1597 diversis
1669 1569 1701 1598 &
1718 1568 1818 1599 Arduis
1831 1569 1977 1607 Negotiis,
1993 1569 2062 1599 Nos
2077 1572 2109 1600 &
2124 1571 2232 1600 Statum
2245 1571 2343 1610 Regni

1287 1602 1375 1632 nostri
1389 1604 1538 1641 specialiter
1554 1606 1779 1643 contingentibus
1789 1630 1798 1644 ‚
1816 1608 1845 1636 in
1864 1607 1943 1637 ditsto
1958 1607 2145 1639 Pariiamento
2158 1608 2257 1639 nostro
2271 1619 2339 1646 pro-

1288 1641 1402 1709 positis,d
1417 1643 1560 1681 habitum,
1578 1643 1611 1673 ὃς
1630 1643 1821 1675 Intentionem
1841 1645 1965 1676 nostram
1985 1646 2050 1676 inde
2071 1648 2152 1679 vobis
2171 1647 2278 1687 plenius
2293 1656 2342 1678 ex-

1310 1689 1384 1710 oncii
1405 1690 1450 1710 am

1289 1689 1307 1717 p
1327 1705 1506 1750 Necnon’ad
1522 1719 1700 1751 excitandum
1713 1732 1782 1760 vos,
1800 1719 1833 1753 ὃς
1846 1722 1902 1752 una
1917 1720 2063 1756 vobiscum
2078 1724 2253 1755 traetandurn
2265 1721 2344 1762 super

1290 1755 1394 1787 Itinere
1414 1758 1528 1796 vestro,
1547 1759 1624 1796 Vos,
1642 1759 1748 1796 praefati
1771 1760 1916 1799 Comites,
1935 1760 2072 1799 Barones,
2097 1762 2219 1802 Milites,
2245 1764 2278 1793 &
2298 1764 2343 1793 alii

1290 1795 1398 1826 Fideles
1411 1796 1518 1833 nostri,
1536 1797 1564 1826 in
1577 1796 1723 1828 Comitivz'i
1731 1799 1858 1835 praedicti
1873 1798 1997 1830 Comitis
2012 1800 2195 1839 Warrwicae,
2209 1800 2244 1831 ad
2255 1809 2345 1841 partes

1291 1834 1413 1872 Scotiae,
1432 1844 1484 1872 pro
1501 1835 1656 1872 repulsione
1676 1836 1710 1866 δε
1727 1836 1920 1867 refraenatione
1938 1837 2053 1868 Militiae
2074 1838 2212 1869 Hostium
2231 1839 2342 1870 nostro-

1291 1882 1355 1903 rum
1370 1873 1495 1910 ibidem,
1512 1882 1596 1910 prout
1610 1873 1729 1912 eisdem,
1747 1874 1905 1913 Episcopo,
1922 1875 2034 1907 Comiri
2057 1876 2241 1916 Warrwicae‚
2258 1877 2345 1909 Sene-

1291 1910 1391 1947 scallo,
1410 1912 1443 1941 &
1458 1910 1606 1950 Galfrido,
1624 1922 1672 1949 per
1686 1923 1738 1942 nos
1751 1914 1858 1950 plenius
1875 1914 1915 1943 est
1929 1915 2107 1954 injunctum,

1329 1948 1511 1988 Didii‘imque
1524 1949 1690 1981 Concilium
1704 1951 1856 1981 tenendum
1872 1952 1905 1982 &
1920 1952 2142 1991 perficiendum,

1329 1986 1366 2018 Et
1379 1987 1413 2017 ad
1428 1989 1526 2018 omnia
1541 1987 1606 2026 alia,
1627 1999 1690 2027 quae
1705 1999 1756 2026 pro
1771 1989 1910 2027 praedictis
1925 1990 2058 2030 Negotiis
2070 2001 2212 2030 oportuna
2225 1992 2346 2033 fuerint,

1291 2024 1452 2057 faciendum
1467 2026 1500 2057 Sc
1513 2027 1683 2064 explendum
1699 2028 1727 2056 in
1742 2028 1794 2057 hac
1808 2036 1900 2066 parte,
1919 2037 2004 2067 prout
2027 2040 2079 2067 pro
2099 2030 2199 2061 nostris
2220 2031 2345 2062 Honore

1292 2066 1326 2096 &
1342 2062 1515 2094 Commodo
1530 2065 1628 2096 melius
1640 2065 1779 2096 videbitur
1794 2066 1940 2106 expedire:
2324 2102 2331 2107 ν

1331 2102 1369 2133 Et
1384 2102 1449 2132 ideo
1460 2103 1558 2141 vobis,
1574 2104 1708 2134 omnibus
1723 2104 1756 2134 &
1771 2104 1897 2143 singulis,
1914 2106 1943 2135 in
1958 2105 2028 2136 Fide
2043 2106 2077 2137 &
2093 2106 2346 2146 Dilectioneffiuia
2366 2130 2378 2146 .,
2394 2130 2434 2156 IV

1292 2141 1344 2171 bus
1358 2141 1440 2171 nobis
1453 2142 1605 2179 tenemini,
1622 2141 1800 2185 mandamuS,
1820 2139 1934 2174 firmiter
1950 2144 1969 2163 '¹‘
1986 2145 2174 2184 injungendo,
2193 2147 2290 2185 quod,
2306 2147 2348 2178 di·
2440 2146 2450 2155 ⁴

1295 2179 1346 2209 &is
1360 2179 1494 2218 Negotiis
1507 2179 1602 2210 debite
1615 2180 1788 2218 ponderatis,
1807 2180 1844 2211 fic
1859 2191 1927 2212 cum
1950 2183 2085 2222 praefatis,
2104 2183 2265 2223 Episcopo,
2282 2184 2346 2216 Co-
2365 2178 2427 2204 74²«

1295 2218 1381 2255 mite,
1396 2217 1545 2256 Johanne,
1562 2218 1596 2249 &
1616 2218 1764 2256 Galfrido,
1782 2219 1828 2249 vel
1849 2230 1951 2251 eorum
1971 2222 2082 2261 aliquo,
2100 2222 2177 2261 super
2199 2224 2346 2261 praemiffis

1294 2257 1427 2294 traetare,
1446 2255 1608 2295 consulere,
1625 2257 1658 2287 &
1674 2256 1805 2288 ordinare
1819 2260 1938 2298 curetis,

1336 2292 1372 2324 Et
1386 2294 1446 2332 Ea,
1463 2304 1526 2332 quae
1537 2294 1574 2325 sic
1587 2294 1621 2325 ad
1635 2294 1788 2325 Honorem
1801 2296 1931 2328 nostrum
1950 2296 1984 2328 &
2003 2297 2205 2330 Commodum
2223 2301 2350 2333 ordinata

1296 2333 1414 2370 fuerint,
1433 2341 1515 2370 prout
1530 2333 1564 2363 ad
1580 2343 1647 2371 vos,
1666 2334 1700 2364 &
1716 2333 1844 2364 vestrfim
1857 2335 2030 2375 quemlibet,
2048 2340 2184 2375 pertinere
2203 2341 2350 2379 noveritis,

1297 2370 1425 2401 studeatis
1437 2370 1619 2401 effectualiter
1634 2371 1802 2411 adimplere,
2184 2405 2194 2412 „
2240 2404 2246 2406 ,

1334 2408 1382 2440 Ut
1396 2409 1516 2440 vestram
1531 2410 1665 2447 poffimus
1678 2410 1778 2441 Fidem
1792 2411 1826 2443 ὃ(
1840 2412 2073 2453 circumspectam
2087 2414 2273 2455 Diligentiam
2292 2426 2352 2448 me·

1297 2449 1351 2478 rito
1365 2447 1575 2478 commendare.

1376 2485 1409 2515 In
1425 2487 1518 2523 quuS,
1536 2487 1597 2517 ἃς.

1302 2523 1428 2594 ᾗΤείὶετ
1444 2524 1528 2563 Rege
1541 2523 1613 2563 apud
1629 2523 1672 2555 W
1673 2524 1933 2567 estmonasteriutn,
1951 2529 2086 2565 vicefimo
2101 2540 2202 2571 quarto
2213 2532 2258 2564 die
2273 2532 2354 2563 Mar·

1316 2574 1323 2593 l
1335 2586 1342 2593 .

1988 2609 2041 2637 Per
2054 2607 2134 2647 ipfitm
2148 2612 2251 2647 Regem.

1308 2748 1357 2780 De
1381 2745 1525 2780 Navibus
1552 2749 1664 2780 Baionae
1685 2748 1873 2792 muniendis,
1899 2751 1935 2787 (ῤ’
1960 2760 2062 2782 contra
2081 2748 2184 2793 Hostes
2197 2748 2362 2783 mittendis.

1314 2836 1448 2892 REX,
1468 2837 1588 2869 Dilec‘tis
1601 2840 1634 2871 δε
1649 2839 1788 2871 Fidelibus
1802 2840 1871 2878 suis,
1887 2837 2007 2879 Majori',
2023 2841 2141 2881 Juratis,
2160 2842 2287 2874 Centum
2308 2842 2360 2873 Pa·
2378 2842 2452 2873 Ann.
2466 2839 2509 2870 D,

1390 2878 1484 2915 ribus,
1499 2879 1533 2908 δε
1550 2878 1757 2908 Communitati
1773 2878 1900 2909 Civitatis
1912 2879 2015 2910 nostrae
2029 2880 2065 2911 de
2076 2880 2198 2919 Baiona,
2216 2882 2349 2912 Salutem.
2407 2887 2490 2919 1337·

1348 2914 1426 2953 Qiia
1437 2915 1545 2945 Hostes
1558 2916 1591 2946 &
1606 2914 1719 2946 Inimici
1735 2917 1822 2947 nostri
1835 2917 1871 2947 de
1885 2917 1997 2956 Scotia,
2015 2928 2048 2949 ac
2064 2918 2263 2951 Confoederati
2278 2921 2317 2950 sui
2331 2920 2366 2951 de
2382 2923 2433 2948 An.
2451 2928 2492 2945 11-

1312 2951 1454 2983 Potestate
1467 2953 1554 2992 Regis
1568 2954 1710 2991 Franciae,
1726 2955 1758 2986 &
1773 2956 1835 2993 alii,
1852 2955 1990 2995 Magnam
2007 2956 2131 2988 Classem
2147 2958 2299 2989 Galearum
2311 2959 2367 2989 Ar-
2384 2963 2412 2986 E.
2429 2967 2454 2993 3-

1313 2999 1467 3029 matarum,
1484 2993 1517 3022 &
1533 2991 1663 3022 Navium
1678 2991 1901 3032 Guerrinarum‚
1918 2996 1948 3024 in
1964 2995 2086 3033 partibus
2105 2996 2314 3035 Normanniae,
2331 2998 2365 3028 &
2382 2997 2447 3033 Vase.
2470 3001 2513 3022 1¹⁶

1313 3030 1383 3060 locis
1398 3031 1570 3068 convicinis,
1587 3039 1810 3069 congregarunt,
1889 3068 1891 3070 Ι
2382 3038 2410 3062 Ε.
2430 3043 2456 3070 3·

1353 3068 1431 3106 Qii,
1449 3067 1484 3098 de
1499 3068 1649 3106 mandato,
1666 3069 1711 3099 seu
1726 3070 1925 3109 conniventia,
1945 3070 2033 3111 Regis
2053 3073 2192 3111 Franciae,
2211 3073 2366 3103 insidiantes
2380 3082 2416 3100 m·
2433 3080 2477 3108 39·

1315 3105 1455 3136 Fidelibus
1468 3105 1566 3136 nostris
1581 3106 1659 3146 supra
1675 3106 1774 3146 Mare,
1788 3109 1933 3140 nonnullas
1953 3110 2051 3140 Navffl
2070 3111 2164 3150 Regni
2184 3111 2289 3150 nostri,
2308 3112 2367 3141 tam

1319 3144 1449 3175 Velantes
1463 3144 1539 3182 supra
1556 3144 1656 3183 Mare,
1674 3146 1760 3183 quam
1776 3146 1930 3177 Ancoratas
1944 3149 1972 3177 in
1993 3148 2109 3186 Litore,
2126 3149 2297 3187 invaserunt,
2316 3150 2368 3188 &,

1317 3192 1384 3219 quas
1406 3191 1561 3222 expugnare
1581 3192 1724 3222 poterant,
1751 3195 1887 3222 ceperunt
1907 3187 1939 3217 ὃς
1960 3186 2169 3225 depraedarunt,
2195 3187 2369 3227 Captivatis,

1318 3221 1364 3250 sen
1380 3219 1555 3259 Interfecstis,
1571 3221 1747 3253 Hominibus
1761 3223 1938 3253 existentibus
1951 3226 1980 3253 iri
1995 3224 2114 3262 eisdem,
2132 3227 2166 3256 ὃς
2186 3226 2236 3256 alia
2259 3226 2370 3257 Grava-

1319 3259 1395 3289 mina
1413 3260 1488 3289 varia
1507 3259 1608 3290 nostris
1628 3260 1767 3291 Fidelibus
1789 3262 1957 3300 intulerunt,
1980 3263 2071 3293 multo
2093 3265 2200 3302 majora
2218 3264 2315 3295 Nobis
2336 3266 2370 3295 δε

1319 3295 1437 3328 Nostris
1452 3299 1545 3335 patulo
1562 3299 1782 3330 comminando:

1358 3334 1412 3373 Et,
1430 3335 1494 3366 licet
1509 3336 1626 3374 praefato
1640 3337 1714 3376 Regi
1728 3338 1852 3368 Franciae
1866 3348 1982 3368 omnem
2006 3337 2218 3371 Humanitatem
2242 3342 2275 3372 &
2297 3342 2372 3372 viam

1321 3373 1416 3412 Pacis,
1438 3384 1572 3413 quantum
1589 3375 1700 3413 decuit,
1715 3376 1911 3414 optulerimus,
1929 3377 1983 3414 ipse
1998 3385 2090 3408 tamen
2111 3379 2191 3409 alicui
2214 3380 2267 3408 vire
2289 3381 2374 3409 ratio-

1322 3412 1406 3442 nabili
1419 3411 1551 3443 hactenus
1563 3414 1719 3444 consentire
1735 3424 1794 3444 non
1808 3416 1930 3452 curavit,
1948 3415 1985 3445 set
2001 3415 2036 3445 de
2049 3416 2145 3446 Terris
2168 3417 2287 3455 nostris,
2305 3427 2373 3455 quas

1319 3451 1380 3489 jam
1395 3451 1496 3488 injuste
1512 3451 1631 3489 detinet,
1651 3461 1710 3482 non
1724 3460 1888 3490 contentus,
1907 3454 1934 3482 in
1950 3453 2036 3483 nostri
2052 3454 2271 3485 Subversronem
2291 3455 2374 3486 Resi-

1322 3488 1410 3519 duum
1424 3489 1577 3520 Terrarum
1591 3489 1746 3520 nostrarum
1760 3491 1810 3520 sibi
1823 3491 1956 3521 attrahere
1970 3492 2158 3530 machinatur,

1361 3526 1446 3565 Nos,
1463 3527 1652 3558 Inimicorum
1666 3528 1825 3558 nostrorum
1840 3529 2040 3565 prredinstorum
2053 3530 2187 3568 Malitiis,
2204 3540 2256 3568 pro
2275 3531 2373 3563 defen-

1324 3566 1401 3596 sione
1416 3565 1511 3596 nostra
1523 3565 1614 3604 licita,
1633 3566 1775 3604 volentes,
1793 3575 1823 3596 ut
1836 3568 1987 3606 convenit,
2006 3568 2137 3606 obviare,
2153 3578 2184 3599 ac
2197 3571 2233 3599 de
2247 3570 2377 3603 Fidelita-

1324 3606 1357 3634 tis
1380 3605 1412 3634 ὃς
1436 3604 1604 3634 ΒίΙεὲὶίοηίε
1624 3604 1723 3635 vestrze
1744 3604 1899 3635 constantia
1912 3606 2010 3635 intime
2024 3606 2213 3645 confidentes,
2227 3611 2375 3648 attentius,

1326 3652 1386 3680 quo
1400 3642 1551 3680 posiimus,
1568 3652 1620 3674 vos
1634 3652 1776 3682 rogamus,
1794 3643 1875 3673 vobis
1888 3643 2087 3674 nichilominus
2100 3646 2129 3674 in
2151 3645 2220 3676 Fide
2239 3648 2272 3678 ὅ(
2294 3645 2377 3678 Dile-

1326 3681 1440 3719 ctione,
1465 3682 1566 3719 quibus
1584 3681 1666 3711 nobis
1685 3681 1837 3719 tenemini,
1856 3679 1971 3711 firmiter
1991 3682 2182 3721 injungendo,
2203 3685 2380 3725 mandantes,

1327 3718 1424 3756 quod,
1445 3718 1589 3756 praemiffis
1602 3718 1697 3749 debite
1710 3719 1883 3757 ponderatis,
1900 3728 2000 3749 omnes
2014 3720 2114 3752 Naves
2127 3720 2257 3754 Civitatis
2276 3724 2381 3755 nostrae

1329 3757 1474 3794 praedidtae
1495 3757 1663 3794 Gtierrinas,
1683 3758 1703 3786 ii
1724 3766 1783 3786 non
1804 3756 1907 3786 Paratae
1928 3757 1995 3796 lint,
2012 3758 2067 3789 sine
2082 3759 2214 3790 dilatione
2227 3764 2330 3801 parari,
2348 3764 2383 3794 &

1330 3795 1523 3832 Hominibus,
1540 3794 1694 3825 Armaturis
1728 3795 1761 3825 &
1775 3794 1830 3824 aliis
1846 3794 2029 3835 Necessariis,
2047 3796 2214 3829 sufficienter
2227 3799 2263 3830 de
2286 3800 2383 3832 Guer-

1329 3833 1361 3863 ra
1376 3834 1496 3900 muniri,
1513 3833 1546 3863 &
1560 3832 1628 3870 Eas,
1645 3832 1683 3862 sic
1737 3834 1836 3871 unitas,
1853 3833 1946 3864 versus
1958 3833 2043 3865 Mare
2062 3835 2251 3875 Anglicanum
2270 3838 2386 3877 profici-

1330 3871 1369 3902 sci
1397 3872 1503 3908 aciatis,

1370 3909 1530 3940 Scrutantes
1546 3908 1669 3945 singulos
1684 3907 1785 3939 Portus
1799 3909 2008 3949 Nonnanniae,
2021 3911 2055 3942 δε
2069 3911 2148 3951 alibi,
2162 3913 2211 3944 ubi
2225 3914 2312 3946 dietas
2320 3914 2386 3946 Na-

1334 3957 1383 3979 ves
1394 3949 1427 3978 &
1443 3947 1560 3984 GaleaS,
1575 3955 1673 3977 contra
1689 3957 1741 3977 nos
1754 3947 1792 3977 fic
1805 3957 1920 3987 paratas,
1938 3951 2066 3980 invenire
2080 3952 2220 3990 poteritis,
2237 3952 2291 3984 Eas
2304 3954 2386 3984 invaa

1334 3987 1420 4023 datis,
1439 3984 1576 4022 capiatis,
1591 3985 1624 4015 &
1639 3984 1810 4023 Destruatis,
1828 3987 1861 4017 &
1874 3996 1969 4017 earum
1984 3987 2102 4019 Malitiae
2116 3998 2245 4028 potenter
2260 3993 2294 4023 &
2314 3992 2386 4022 utili-

1337 4034 1379 4056 ter
1392 4022 1531 4061 resistatis,
1550 4033 1634 4060 prout
1647 4024 1746 4055 melius
1760 4024 1821 4054 fore
1835 4024 1957 4056 videritis
1968 4025 2148 4058 faciendum:

1376 4061 1414 4094 Et
1427 4062 1484 4093 hoc
1493 4084 1504 4101 ,
1522 4061 1591 4093 sicut
1602 4061 1639 4093 de
1651 4062 1733 4095 vobis
1746 4061 1932 4103 confidimus,
1946 4064 2099 4098 nullatenus
2111 4068 2258 4100 ominans:

1869 4111 1888 4131 2
2331 4102 2390 4135 Or-
