2562 4279
683 113 793 154 ET
877 115 1146 156 ACTA

0 214 43 235 rin.
56 201 96 232 D.
149 202 270 233 Sachetz
285 212 356 234 nous
368 211 433 233 aver
445 200 520 231 done
533 201 567 231 &
580 207 676 239 grante
689 199 750 229 saus
757 199 791 230 &
804 199 863 229 seur
876 200 1003 239 conduyt
1013 210 1029 230 a
1044 199 1171 230 Monsire

0 249 77 282 1322.
109 239 203 279 Johan
218 241 252 271 de
269 240 427 280 Moubiay,
444 241 478 271 &
493 239 620 268 Monfire
636 237 733 276 Roget
748 237 783 267 de
797 237 920 268 Clifford
930 261 938 277 ,
955 239 987 268 ὃς
1001 249 1016 268 a
1031 247 1070 275 40
1086 238 1171 267 hom-

0 283 34 310 ἰν.
50 289 76 307 2.
113 289 174 308 mes
188 290 202 309 a
219 279 343 319 Cliyval,
363 279 398 309 de
413 278 491 317 quele
510 277 656 307 condition
670 278 715 315 q'ii
732 275 818 306 seient
832 299 842 314 ,
867 278 899 308 ὃ(
914 288 929 307 a
947 277 1008 306 lour
1023 276 1170 313 Chivaux,

112 317 145 347 &
159 317 201 347 lur
221 318 327 348 herneis
343 340 352 355 ,
379 319 412 348 ὃς
433 327 447 346 a
466 316 526 345 lour
542 314 665 344 Garsons
679 336 688 351 ,
715 313 749 343 de
765 315 842 344 venir
857 325 873 344 a
887 325 958 354 nous
972 324 1008 344 cn
1027 313 1170 343 Roiaume

111 355 264 395 d'Escoce,
280 356 438 387 sauvement
451 354 548 391 venir,
567 353 727 382 sauveinent
739 352 887 390 demorer,
904 353 938 383 &
951 353 1112 382 fauvement
1128 362 1172 381 re-

112 401 214 424 turner.

151 432 205 463 Par
217 434 245 472 qi
258 442 330 463 nous
343 431 490 462 mandoms
501 430 534 460 &
546 428 735 459 comandoms
750 438 765 458 a
781 436 849 458 touz
866 437 971 466 ceaux,
989 439 1044 468 que
1058 428 1140 458 sount
1153 438 1168 458 a

112 470 138 500 la
150 472 191 502 foi
207 471 302 502 nostre
314 471 433 508 Seigniir
446 470 471 499 le
484 469 560 506 Roi,
579 477 633 505 que
647 477 681 496 au
694 466 733 496 dit
742 465 989 505 Monfirejohan,
1004 478 1040 497 ne
1054 478 1070 497 a
1080 466 1172 497 Mon-

114 509 163 539 sire
182 510 299 550 Roger,
317 519 353 539 ne
367 520 381 539 a
396 517 480 539 ceaux
499 514 579 537 avant
597 514 711 542 nomeS,
731 504 804 542 mal,
822 505 956 543 moleste,
973 506 1172 542 desturbance,

114 558 151 578 ne
165 557 318 587 grevance,
337 557 373 577 ne
385 546 472 577 fesent
483 568 493 583 ,
514 554 551 575 ne
563 542 676 574 soffrent
689 542 760 572 estre
773 542 821 574 fait
836 553 852 574 a
865 544 927 574 lour
939 545 1036 583 poier,
1054 544 1098 575 sur
1113 551 1171 574 tant

114 587 154 624 qil
169 588 266 627 poient
283 585 395 616 forfaire
410 585 505 616 devers
520 582 614 613 nostre
626 581 744 620 Seignur
757 581 783 610 le
798 580 877 619 Roi,
895 583 928 612 ὃς
944 592 1024 612 nous.

149 662 196 694 En
208 662 413 700 tesmoignance
425 660 460 690 de
474 659 553 698 quele
566 657 668 694 chose,
684 666 756 686 nous
767 656 805 687 les
817 667 914 688 avoms
927 658 1003 690 done
1016 658 1104 690 cestes
1119 668 1171 689 nos

115 700 223 732 Lettres
236 700 378 738 Patentea,
396 698 495 729 durant
510 704 623 736 tantque
636 706 650 726 a
664 696 689 726 la
706 704 747 733 14.
763 697 827 734 jour
843 696 879 728 de
893 696 1003 728 Marce.

151 777 232 808 Don.
245 787 261 808 a
274 775 389 806 Caveris
400 774 426 805 le
440 775 484 804 16.
499 773 566 811 jour
584 771 621 802 de
634 771 718 803 Febr.
737 772 792 802 l’an
812 772 850 803 du
870 772 972 812 Regne
995 771 1092 803 nostre
1109 771 1171 803 Sei-

111 825 188 854 gnur
200 815 226 845 le
239 815 299 846 Roi
316 814 360 844 16.

112 894 157 926 Le
175 893 345 938 Transcript
364 888 454 923 d’une
470 892 573 923 Lettre
586 888 658 934 close}
669 916 678 930 ‚
705 890 814 935 ensiale
832 889 873 922 du
890 890 961 922 Sea!
975 893 1042 922 Sire
1056 887 1171 935 James

155 940 193 973 de
209 939 344 988 Duglas,
372 939 493 981 entitle,
517 950 552 971 en
576 938 607 970 la
631 948 682 970 cue
699 964 709 981 ‚
740 950 782 971 an
808 941 865 971 Roi
889 936 1013 972 Arthur
1035 938 1168 980 Saluta,

156 1001 226 1022 cum
243 1000 263 1021 a
281 988 327 1020 lus‘
340 987 472 1033 mesmes.

113 1072 244 1136 SIRE
252 1096 263 1113 ,
279 1072 391 1104 sachetz
404 1083 459 1114 que
470 1072 497 1103 le
511 1071 633 1103 Porrour
646 1071 683 1102 de
695 1072 783 1103 cestes
801 1072 862 1103 vint
879 1072 921 1111 la,
938 1082 977 1102 ou
990 1070 1010 1102 il
1024 1081 1096 1103 nous
1129 1072 1172 1103 ui-

160 1111 194 1142 da
207 1121 273 1142 aver
285 1121 367 1142 trove
379 1112 404 1142 le
420 1120 446 1149 7.
459 1111 520 1149 jour
533 1111 570 1141 de
584 1110 702 1141 Feverer
717 1123 727 1149 ·,
752 1121 810 1141 mes
825 1111 844 1140 il
857 1121 928 1141 nous
940 1119 1019 1141 troua
1037 1111 1094 1140 mie
1113 1111 1118 1115 '
1131 1111 1171 1140 le—

112 1160 195 1188 ques;
214 1161 262 1188 par
273 1151 301 1190 qi
317 1151 336 1180 il
350 1161 385 1181 ne
401 1160 482 1188 purra
495 1151 552 1179 mie
566 1149 637 1179 estre
653 1150 789 1188 respondit
804 1149 839 1180 de
852 1150 890 1179 ses
910 1148 1069 1188 besoignes,
1086 1157 1170 1179 avant

111 1189 138 1218 le
156 1197 199 1226 17.
211 1189 278 1228 jour
291 1190 331 1220 du
342 1188 381 1219 dit
396 1189 491 1226 Mois‚
508 1197 559 1228 pur
574 1197 687 1227 certeyn
701 1189 796 1226 reson,
815 1188 840 1218 la
853 1188 933 1227 quele
945 1188 963 1217 il
978 1197 1060 1226 purra
1070 1187 1136 1217 dire.

147 1226 185 1257 Et
200 1238 271 1258 nous
285 1238 357 1258 vous
369 1229 517 1258 envoioms
529 1226 553 1256 la
566 1226 644 1256 lettre
657 1227 694 1256 du
711 1226 835 1266 conduyr
850 1236 898 1264 par
913 1226 961 1256 lui.

148 1265 188 1296 Et
202 1276 236 1296 en
251 1265 326 1297 droit
341 1266 377 1302 de
390 1266 461 1296 Lieu
475 1288 485 1304 ‚
507 1275 545 1295 ou
558 1265 581 1296 la
598 1264 730 1295 Parlance
744 1265 770 1294 se
787 1274 869 1304 purra
886 1274 970 1294 meux
983 1264 1067 1303 faire,
1085 1274 1100 1294 a
1115 1273 1169 1294 ceo

109 1313 166 1342 que
180 1314 250 1335 nous
261 1304 381 1343 semble,
399 1304 424 1334 le
437 1304 559 1335 Portour
570 1302 606 1334 de
622 1302 709 1334 cestes
723 1314 793 1335 vous
807 1314 887 1343 purra
900 1303 968 1333 dire.

148 1342 204 1380 Et,
222 1344 242 1374 fi
257 1353 327 1374 vous
346 1343 416 1383 plest
433 1343 468 1373 de
489 1343 569 1373 venir
587 1352 621 1372 au
643 1341 683 1372 dit
697 1342 751 1372 lieu
762 1365 773 1381 ,
799 1353 838 1373 ou
851 1342 962 1373 aillours
974 1364 984 1380 ,
1009 1351 1048 1372 ou
1064 1341 1082 1371 il
1098 1350 1169 1372 vous

111 1380 233 1421 semble,
252 1392 322 1413 nous
337 1381 478 1413 certefietz
492 1382 520 1412 6.
529 1381 607 1419 jours
623 1381 734 1412 devant.

150 1457 177 1488 A
190 1458 270 1498 dieu,
289 1469 343 1498 que
356 1459 376 1489 il
389 1468 460 1490 vous
474 1457 566 1498 garde.

113 1536 158 1569 Le
176 1535 456 1582 Transsript'd'une
473 1538 575 1570 Lettre
593 1536 664 1582 clos&
680 1563 689 1578 ,
722 1533 832 1582 enfiale
856 1534 897 1568 dn
916 1535 987 1568 Seal
1003 1533 1115 1580 James
1136 1532 1172 1565 de

150 1584 296 1679 ssffilgs'
329 1585 448 1628 entole,
482 1597 517 1618 en
541 1585 571 1618 la
595 1587 690 1627 Ceue,
713 1595 733 1617 a
751 1585 884 1628 sploasire
905 1583 996 1628 Rauf
1007 1582 1043 1615 de
1063 1582 1175 1615 Nevill

4 1702 67 1752 ibid.

2 1763 45 1790 HI
116 1717 269 1788 8355,
282 1728 335 1759 pur
349 1727 451 1749 acunes
462 1718 624 1756 bosoignes,
639 1728 694 1758 que
707 1727 779 1747 nous
791 1717 947 1755 ronchum,
960 1726 1032 1747 vous
1045 1717 1105 1754 pri,
1119 1725 1176 1754 que

284 1767 331 1787 me
343 1756 495 1786 maundetz
514 1755 639 1786 Richard
657 1757 693 1786 de
710 1755 818 1786 Thurle
836 1755 916 1786 Wall
927 1778 936 1792 ‚
961 1757 1024 1786 auxi
1044 1765 1080 1785 en
1100 1755 1176 1785 haste

116 1806 186 1828 curn
198 1805 267 1827 vous
282 1795 377 1835 poietz
386 1794 425 1835 qil
438 1794 471 1825 ad
487 1793 643 1833 Conduyt;
659 1795 712 1832 &,
728 1794 769 1824 s’il
784 1804 820 1824 ne
834 1802 901 1832 poet
912 1795 1005 1832 venir,
1023 1793 1175 1824 maundetz

113 1836 175 1866 moi
187 1842 279 1865 aucun
291 1841 368 1863 autre
380 1841 495 1873 certeyn
509 1833 646 1872 homme,
664 1843 718 1872 que
734 1843 804 1863 vous
817 1841 904 1871 poetz
912 1855 922 1871 ,
940 1843 955 1863 a
969 1842 1057 1863 certer
1072 1832 1108 1862 de
1123 1841 1178 1862 ceo

110 1884 167 1913 que
180 1874 249 1904 serra
261 1871 312 1902 fait
322 1871 370 1903 des
383 1871 479 1902 choses
492 1882 548 1911 que
559 1882 632 1903 nous
647 1871 795 1903 touchant.

151 1949 211 1981 Sire
225 1959 242 1980 a
254 1947 341 1980 Dieu.

116 2025 389 2094 SIREhsachetz
403 2035 457 2064 que
475 2025 502 2055 la
521 2026 669 2067 parlaunce
683 2049 694 2064 ,
717 2035 773 2064 que
786 2025 822 2056 ad
842 2023 901 2056 este
916 2032 995 2056 entre
1015 2035 1087 2056 nous
1098 2047 1110 2063 ,
1134 2023 1178 2056 est

165 2074 214 2095 ore
227 2073 242 2094 a
293 2064 332 2094 fin
346 2074 362 2093 a
375 2065 559 2103 paffourner,

153 2142 215 2180 Qr
230 2139 254 2169 le
270 2143 371 2169 Counte
386 2139 416 2169 de
431 2142 499 2170 Her.

703 2141 822 2180 Monfire
836 2143 920 2178 Roger
936 2140 967 2170 de
982 2138 1114 2178 Cliffbrd,

154 2179 274 2219 Monfire
288 2181 374 2215 Roger
388 2181 534 2218 Dammory
543 2201 553 2217 ,

702 2179 824 2219 Monfire
837 2179 935 2218 Johan
949 2176 1073 2217 Gzffbrd,

154 2216 274 2258 Monfire
287 2215 372 2254 Hugh
385 2216 526 2255 Daudele,
702 2217 821 2258 Monfire
833 2220 920 2247 Henr.
936 2219 1034 2259 Tyeys,

155 2256 273 2296 Monfire
294 2254 421 2287 Barthol.
445 2256 478 2285 de
497 2253 626 2285 Badeles-
698 2256 817 2296 Monfire
830 2256 950 2286 Thomas
967 2256 1122 2296 Mauduyt‚

190 2306 260 2325 mere
267 2317 278 2333 ‚
698 2294 818 2336 Monstri.»
829 2294 929 2334 Johaa
944 2293 976 2323 de
1000 2293 1159 2334 thlyngton
1167 2315 1178 2330 ‚

155 2371 192 2402 Et
208 2370 290 2408 Mei,
309 2370 341 2401 &
355 2377 425 2400 touz
443 2369 481 2400 les
501 2375 589 2399 autres
607 2369 688 2401 sount
705 2379 800 2401 venuz
813 2381 829 2400 a
844 2369 1031 2410 Pounrfieyr,
1050 2369 1084 2400 &
1102 2367 1176 2407 ptest

115 2411 196 2442 sount
210 2420 226 2440 a
237 2409 304 2440 faire
314 2409 401 2439 seurte
412 2408 509 2439 devers
521 2418 611 2448 vous,
629 2409 649 2440 si
661 2419 716 2447 que
729 2419 800 2441 vous
813 2410 952 2448 parfacetz
967 2409 1004 2439 les
1018 2408 1115 2440 choses
1127 2417 1178 2437 en-

117 2458 160 2481 tre
180 2447 281 2486 arletz3
301 2447 359 2478 cest
369 2457 384 2476 a
398 2447 503 2485 savoir,

154 2459 301 2555 fiegeiier
313 2495 350 2516 en
364 2485 425 2516 aide
437 2484 474 2516 de
486 2495 558 2516 nous
566 2509 576 2524 ,
593 2486 628 2518 δε
641 2485 679 2517 de
694 2486 747 2518 aler
761 2485 882 2524 ovesque
895 2495 968 2516 nous
982 2495 1017 2516 en
1030 2484 1180 2524 Engleter-

116 2537 148 2558 re
158 2527 192 2557 &
239 2536 252 2554 a
263 2534 300 2556 ee.
493 2542 497 2545 =

156 2564 275 2596 D'autre
287 2570 366 2602 part,
383 2571 455 2592 vous
467 2563 574 2601 prioms
589 2572 643 2602 que
656 2572 730 2593 vous
743 2573 815 2594 nous
827 2563 962 2603 affignetz
977 2563 1043 2600 jour
1057 2563 1089 2594 &
1108 2561 1180 2599 lieu,

119 2605 145 2635 la
160 2614 201 2634 ou
215 2610 287 2632 nous
298 2611 368 2632 vous
383 2611 514 2641 purroms
526 2609 712 2640 encountrer,
730 2602 763 2632 &
778 2602 816 2632 1oe
835 2603 931 2632 choses
944 2601 1103 2631 fiablement
1119 2610 1181 2638 par-

120 2643 252 2678 fourner‚
270 2640 303 2671 &
316 2641 394 2670 vivre
408 2640 440 2670 &
453 2641 541 2670 morir
555 2639 677 2678 ovesque
691 2650 762 2670 nous
775 2650 810 2670 en
824 2639 919 2670 nostre
932 2639 1060 2680 querele3

154 2679 193 2711 Et
206 2688 278 2710 nous
290 2688 361 2708 vous
376 2679 482 2716 prioms
493 2688 551 2717 que
565 2687 635 2708 vous
646 2688 718 2708 nous
731 2677 823 2710 facetz
833 2689 898 2709 aver
911 2678 1049 2718 Conduyt
1061 2688 1115 2719 pur
1132 2685 1178 2716 30.

119 2718 251 2750 hommes
262 2727 279 2748 a
291 2716 418 2757 Chyval,
434 2716 470 2747 de
484 2716 645 2748 sauvement
658 2718 735 2749 venir
749 2728 786 2748 en
799 2727 851 2749 vos
863 2718 971 2757 parties.

121 2861 180 2892 Pro
204 2859 280 2903 Rege
292 2883 303 2899 ‚
323 2857 490 2902 profefinro
507 2866 610 2889 contra
627 2855 794 2901 Obstdentes
813 2856 950 2902 Castrum
969 2856 1005 2891 de
1025 2855 1180 2906 Ἱᾷῌηιίί,

476 2903 514 2937 de
525 2902 657 2949 Subfidio
675 2904 818 2939 habendo.

125 2998 277 3063 REX,
293 2998 446 3030 venerabili
461 2999 492 3030 in
511 2997 627 3030 Christo
639 2997 732 3037 Patri,
749 2999 802 3030 W.
819 2998 918 3030 eadem
955 2999 1037 3038 ratia,
1056 2999 1182 3032 Cantua-

102 3035 109 3043 ⁴
196 3039 274 3069 riensi
289 3037 530 3076 Archiepiscopo,
547 3038 629 3068 totius
642 3037 753 3077 Angliae
772 3036 904 3077 Primati,
921 3039 936 3068 s
956 3047 1042 3069 utem.

166 3077 244 3118 Qia
254 3077 348 3115 Scoti,
364 3076 479 3109 Inimici
492 3078 525 3107 &
539 3075 668 3107 Rebelles
681 3075 769 3106 nostri

0 3134 1 3138 =
29 3139 43 3157 2
163 3115 226 3154 Qi
243 3123 370 3155 tempore
392 3114 514 3145 Domini
536 3113 568 3144 E.
590 3114 735 3153 quondam
759 3099 799 3144 R.
822 3113 956 3154 Angli-ae,
981 3113 1069 3145 Patn's
1091 3114 1182 3146 nostri

0 3151 109 3205 Qaujff·
127 3155 238 3193 (contra
249 3163 333 3192 quem
347 3154 378 3184 in
389 3153 588 3184 Rebellionem
601 3153 802 3197 proruperunt)
820 3153 853 3184 ὃς
868 3152 966 3184 nostro
979 3153 1181 3194 postmodum,

27 3216 42 3233 2
126 3193 195 3223 infra
218 3191 355 3229 Regnum
375 3190 522 3231 nostrum,
539 3191 708 3222 Homicidia
720 3215 730 3230 ,
756 3191 983 3230 Depraedationes
998 3216 1007 3231 ,
1031 3192 1181 3231 Incendia,

0 3229 14 3271 ,ζ
33 3228 74 3280 [9,
126 3233 159 3262 &
174 3231 225 3262 alia
237 3230 371 3268 Datnpna
383 3231 528 3262 innumera
541 3230 733 3270 multipliciter
746 3230 955 3268 perpetrarunt,

0 3292 7 3309 a
21 3283 99 3312 Cedul
165 3266 258 3301 Finita
269 3268 402 3307 Treuga,
416 3269 487 3300 inter
506 3278 558 3299 nos
573 3269 605 3300 &
621 3269 692 3309 ipsos
709 3279 798 3307 nuper
818 3269 902 3307 inita,
920 3269 1029 3299 dietum
1043 3269 1181 3309 Regnum

0 3329 32 3348 ω..
102 3305 108 3311 ”
126 3307 254 3339 nostrum
269 3307 297 3337 in
313 3316 413 3346 magna
426 3308 602 3338 multitudine
623 3306 731 3347 ingressi
745 3329 754 3346 ,
776 3308 806 3336 in
827 3308 930 3337 eodem
946 3308 1099 3338 consimilia
1113 3309 1181 3339 faci-

124 3357 196 3379 nora
209 3346 411 3387 perpetrantes',
427 3344 532 3383 AEtati,
548 3346 594 3376 vel
607 3345 705 3383 Serui,
722 3345 767 3376 seu
783 3345 868 3385 loco,
886 3346 973 3376 Sacro
988 3347 1033 3376 vel
1054 3347 1182 3387 Religio-

123 3386 169 3424 so,
188 3395 246 3416 non
262 3388 417 3421 parcentffl:

159 3424 205 3455 Ac
222 3423 334 3461 quidam
352 3421 502 3458 Magnata
515 3422 551 3452 de
570 3420 676 3461 Regno
694 3419 793 3452 nostro
810 3445 820 3460 ,
841 3422 924 3453 nobis
938 3422 1064 3462 Subditi,
1082 3423 1182 3462 ajam-

122 3462 189 3502 diu,
207 3463 287 3493 nobis
302 3460 498 3492 inobedientes
514 3461 546 3490 ὃς
565 3459 696 3491 Rebellec
712 3483 721 3497 ,
745 3459 770 3490 se
785 3461 813 3490 in
834 3470 936 3498 magna
953 3461 1132 3492 multitudine
1146 3463 1181 3493 ad

123 3510 213 3540 partes
235 3499 354 3532 Boriales
376 3498 570 3530 transtulerunt
620 3498 755 3538 populum
778 3497 906 3529 nostrum
926 3499 1095 3531 destruentes
1106 3524 1118 3540 ,
1146 3512 1181 3532 ac

125 3538 260 3573 Castrum
274 3537 405 3569 nostrum
419 3537 454 3568 de
468 3521 597 3577 Tykhull
609 3537 725 3567 Armata
737 3538 860 3576 potentia
873 3537 1056 3576 obsidentes3

161 3577 216 3609 Per
230 3577 306 3616 quod
321 3576 510 3607 ordinavimus
523 3575 556 3606 &
569 3574 625 3605 effe
638 3576 823 3613 proponimus
837 3599 848 3615 ,
871 3576 1004 3608 Domino
1019 3577 1181 3608 conceden-

125 3623 154 3653 te
168 3639 178 3655 ‚
201 3614 274 3656 apud
295 3614 461 3653 Coventre,
508 3615 577 3644 rima
596 3613 753 3644 Dominica
768 3614 997 3653 Qiadragesimae
1011 3639 1019 3654 ,
1046 3618 1181 3653 proximo

126 3655 232 3695 futura,
250 3664 317 3685 cum
331 3653 416 3692 Equis
427 3654 459 3684 ὃς
502 3653 585 3690 rmis,
603 3661 707 3690 quanto
719 3653 861 3683 decentius
874 3654 906 3684 &
921 3654 1064 3692 potentius
1079 3656 1183 3693 poteri-

127 3691 202 3731 ῐὴυε,
219 3693 252 3724 ad
267 3691 501 3730 proficiscendum
515 3690 613 3722 exinde
628 3698 726 3721 contra
737 3691 830 3721 didros
843 3691 996 3731 Inimicos,
1015 3691 1185 3724 Inobedien-

127 3740 168 3762 ωε
181 3732 214 3764 &
228 3732 359 3763 Rene-,ile
373 3730 484 3766 nostros
498 3754 507 3768 ‚
531 3730 565 3760 ad
584 3738 684 3759 eorum
698 3729 830 3760 malitiam
845 3730 878 3761 &
893 3731 1063 3769 proterviam
1078 3755 1089 3771 ,
1115 3741 1183 3763 cum

128 3768 187 3801 Dei
199 3769 352 3808 adjutorio.
371 3769 563 3800 refraenandas:

165 3807 251 3852 Nos,
268 3809 304 3839 de
319 3808 408 3839 vestra
425 3807 551 3840 fidelitate
565 3807 597 3838 ad
613 3807 727 3865 plenum
745 3806 936 3846 confidentes,
953 3807 1088 3846 sperantes
1100 3809 1186 3839 etiarn

130 3846 222 3890 quod,
243 3857 270 3878 in
284 3855 362 3878 tanto
375 3847 408 3878 ὅ(
422 3856 478 3877 ram
492 3847 579 3877 arduo
595 3846 744 3882 homno,
764 3855 830 3883 nos,
848 3846 881 3876 &
903 3846 1029 3884 Statum,
1046 3856 1078 3877 ac
1093 3846 1186 3877 Salva-

131 3891 239 3914 tionem
251 3883 346 3924 Regni
360 3885 446 3916 nestri
459 3885 586 3925 praediciti
598 3884 748 3924 specialiter
760 3892 906 3923 tangente,
923 3894 1043 3915 manum
1061 3887 1188 3926 porrige-

133 3931 164 3954 re
175 3922 260 3952 velitis
273 3924 433 3961 adjutricem
441 3947 451 3962 ‚

134 3996 140 4002 ἢ
169 3958 275 3998 Vobis,
293 3963 321 3991 in
334 3962 387 3991 stiffi·
403 3963 434 3992 δε
448 3962 617 3999 dileetione,
635 3961 734 4002 quibus
749 3960 832 3990 nobis
846 3962 997 4001 tenemini,
1017 3960 1132 3993 firmiter
1144 3963 1189 3993 in-

131 4006 273 4036 jungentes
282 4020 292 4037 ,
306 4002 483 4039 mandamus,
500 4011 551 4033 vos
564 4002 648 4032 etiam
661 4000 812 4039 specialiter
823 4000 988 4039 requirimus
1000 4000 1033 4032 ὃ(
1046 4011 1191 4041 rogamus,

0 3032 83 3092 ¹132'2.

0 3094 30 3119 ln.
49 3100 91 3127 ¹5·

1230 116 1700 161 PUBLICA.

1211 201 1334 237 quatinus
1347 202 1382 232 de
1397 203 1571 235 Hominibus
1585 205 1617 235 ad
1628 205 1720 248 ¹Arma
1734 228 1743 242 ,
1769 205 1917 244 Equitibus
1932 206 1965 236 ὅ(
1988 204 2143 243 Pedite-tiz,
2171 217 2179 219 -

1210 239 1350 268 decentius
1366 243 1486 277 poteritis·

1503 266 1511 280 ‚
1537 252 1706 273 continemia
1723 244 1866 286 ci'igentcr
1889 244 2016 288 qualitate
2033 244 2152 283 Negotii
2171 257 2174 272 ι,
2230 269 2232 272 .

1208 278 1264 314 cti,
1284 287 1334 306 nos
1345 278 1466 316 juveris3
1483 282 1515 310 ὃ(
1529 281 1640 311 eosdem
1661 282 1802 312 Homines
1817 306 1825 320 ‚
1850 282 1941 312 Arinis
1961 279 2184 320 competentibus
2198 284 2268 326 begs
2327 303 2329 306 ·
2370 304 2373 308 -

1210 316 1350 353 munitos,
1370 317 1483 347 habeatir
1503 318 1536 347 ad
1553 328 1620 356 nos,
1639 321 1671 348 ad
1691 321 1764 349 :iieni
1780 322 1812 351 ὃς
1829 320 1926 350 locum
1942 321 2089 358 pia-dieite
2102 344 2111 358 ,
2136 321 2168 350 ar]

2186 324 2271 359 profi-

1209 352 1369 396 ciscendum
1386 355 1486 398 exindL¹
1503 356 1650 386 nobiscum
1671 359 1699 386 in
1721 357 1817 396 Obseq
1831 359 1896 389 tium
1920 358 2047 389 nostruin
2063 359 2118 397 sup.
2143 361 2270 399 dietum,

1209 390 1253 419 vel
1267 391 1302 420 de
1316 392 1371 420 alio
1386 392 1515 423 Sublidio
1538 396 1712 432 competenti
1730 405 1780 424 iios
1795 419 1802 433 ,
1825 397 1857 426 ad
1875 397 1985 427 eosdem
2005 398 2080 427 dien]
2101 398 2134 428 ὃς
2156 398 2270 436 'ocum,

1208 428 1244 457 ita
1260 429 1396 459 curialiter
1410 432 1556 470 respiciatis
1575 433 1606 462 ὃς
1629 441 1777 471 gratante:,

1798 436 1893 473 quod,
1913 435 2005 465 vestro
2022 437 2162 465 mediare
2177 437 2271 466 Subsi-

1209 466 1276 504 dio,
1293 469 1404 507 negotia
1416 469 1509 499 nostra
1524 470 1675 508 praedicta,
1692 471 1725 500 ad
1739 471 1864 501 Uost'ilm
1879 475 1911 503 ἃ
1933 473 2059 504 vestitam
2080 475 2210 505 honoret.
2236 476 2268 505 8:

1210 506 1400 536 commodum
1415 530 1425 543 ‚
1450 509 1482 538 &
1505 507 1608 546 Populi
1629 508 1724 547 Regni
1752 509 1838 539 nostri
1860 513 2073 550 tr.-nq,.iliratem
2092 515 2125 543 ὅ(
2146 515 2270 550 ςιιλεῑεηι

1210 552 1388 582 perpetuam,
1406 545 1524 576 feliciter
1538 547 1645 576 valeant
1665 547 1803 586 expediri,
1820 549 1852 578 ὃ(
1867 559 1904 586 qu
1921 551 1944 579 ,A
1964 551 2045 580 vobis
2068 551 2164 581 exinde
2184 553 2210 581 iri
2224 554 2270 582 su-

1210 590 1304 611 turum
1320 584 1401 612 artius
1416 591 1571 614 teneamur.

1247 619 1302 658 Et,
1320 621 1339 650 si
1352 621 1465 651 forsitan
1476 645 1484 659 ‚
1501 622 1535 652 ad
1553 621 1664 652 eosdem
1679 622 1754 652 diem
1773 623 1806 653 &
1820 623 1918 654 locum
1933 650 1942 662 ,
1966 625 2095 657 obstat-:e
2107 627 2200 666 aliquo
2213 629 2268 658 im-

1208 658 1390 697 pedimenro,
1410 660 1486 697 quod
1504 659 1587 698 absit,
1601 660 1738 699 praemissa
1753 660 1845 691 facere
1859 672 1916 692 nori
1930 663 2048 702 pomus,
2067 674 2135 696 tunc
2148 677 2178 696 ea
2210 666 2270 696 ost—

1210 696 1241 725 eii
1264 698 1300 726 ita
1323 696 1483 728 festinanter
1501 699 1668 737 compleatis
1681 722 1690 737 ,
1714 698 1790 737 quod
1813 709 1847 729 er
1869 700 1926 731 hoc
1946 704 2114 739 perpendere
2134 715 2172 743 po
2196 714 2270 735 imus

1209 735 1319 779 qualern
1335 735 1530 767 Affectionem
1544 737 1577 766 ad
1597 736 1721 767 nostram
1742 738 1950 774 expeditionem
1970 749 2094 777 optatam
2119 744 2213 773 neritis
2231 744 2265 774 &

1208 772 1345 811 habeatis-3
1364 774 1504 813 pensantes
1518 776 1619 806 intime
1633 775 1730 813 quod,
1745 776 1772 804 in
1787 776 1924 814 praedisto
1944 777 2075 817 Negffls)
2089 781 2107 798 ²*
2123 780 2173 811 star
2180 793 2205 812 ‚is
2220 790 2265 812 to-
2284 770 2299 786 *
2316 770 2372 798 HI·

1209 812 1262 841 tius
1275 812 1369 851 Regni
1381 812 1467 843 nostri
1476 837 1486 852 ,
1503 815 1560 844 tiim
1574 813 1726 851 Ecclesiae,
1741 814 1826 851 quim
1841 813 1961 853 Populi,
1978 817 2106 846 versantu.

2281 808 2348 843 928.

1244 849 1282 880 Et
1295 850 1330 880 de
1344 861 1398 889 eo,
1418 852 1498 890 qued
1514 853 1580 882 inde
1597 851 1686 882 facere
1700 852 1841 881 volueritis
1856 876 1866 890 ,
1890 862 1941 882 nos
1956 876 1966 892 ,
1992 854 2048 884 sine
2069 856 2198 888 dilatione
2217 858 2266 889 ali-

1209 898 1278 926 qua,
1296 889 1414 920 reddatis
1427 900 1476 928 per
1492 890 1596 921 vestras
1610 889 1726 920 Litteras
1739 890 1877 920 certiores.

1243 963 1332 996 Teste
1347 965 1428 1006 Rege
1443 967 1515 1007 apud
1528 966 1735 998 Gloucestriam
1744 989 1754 1005 7
1771 966 1888 998 decimo
1900 966 1977 997 sexto
1991 967 2036 997 die
2050 967 2200 1001 Februarii.

1844 1044 1898 1072 Per
1911 1043 1993 1083 ipftcm
2006 1046 2110 1081 Regem.

1209 1117 1372 1178 EOdem
1392 1118 1483 1150 modo
1508 1119 1635 1150 scribitur
1653 1118 1706 1150 W.
1730 1118 1954 1157 Archiepiscopo
1976 1119 2104 1150 Eborum
2120 1143 2130 1160 ,
2158 1121 2268 1161 Angliae

1274 1155 1404 1188 Primati·
1427 1158 1459 1188 &
1475 1158 1583 1198 fingulis
1596 1158 1741 1198 Episcopis

1245 1193 1377 1236 Exceptis
1398 1181 1439 1226 1-1
1459 1195 1649 1228 Lincolniensi
1662 1220 1673 1236 ,
1694 1199 1727 1228 ὃ(

1209 1233 1308 1263 caufis:

1820 1158 1948 1196 Angliam
1966 1159 1998 1188 &
2014 1158 2164 1197 Walliam3

1748 1167 2007 1227 XerHerefordenfi
2020 1221 2030 1234 ,
2057 1198 2219 1235 quibusdam
2235 1198 2270 1229 de

1244 1271 1281 1302 Et
1294 1271 1333 1302 R.
1348 1272 1550 1313 VVyntoniensi
1565 1298 1574 1312 ,
1599 1273 1629 1304 in
1642 1273 1792 1313 Obsequio
1810 1272 1899 1313 Regis
1913 1273 1941 1302 in
1954 1273 2075 1312 partibus
2089 1274 2271 1306 transmarinis

1206 1319 1305 1350 agente
1313 1321 1319 1340 2

1244 1349 1387 1390 Episcopo
1401 1348 1552 1381 Cestrienfi
1566 1361 1626 1382 non
1638 1350 1781 1389 scribitur,
1800 1351 1865 1389 quia
1883 1349 1968 1380 Sedes
1981 1358 2071 1380 vacat.

1390 1425 1504 1457 Eodem
1519 1427 1609 1458 modo
1622 1427 1749 1459 scribitur
1763 1425 1933 1465 subscriptis,
1953 1425 2098 1466 videlicet,

1247 1502 1359 1533 Abbati
1374 1504 1469 1533 Sant‘b'
1484 1503 1632 1544 Augustini
1648 1508 1721 1534 Can-

1248 1582 1285 1609 A
1285 1548 1415 1609 bbbutcirb'?
1422 1565 1578 1620 ²Basdeneye
1585 1603 1595 1619 ‚

1249 1618 1362 1647 Abbati
1375 1620 1406 1648 de
1423 1617 1572 1658 Barlingg,

1249 1656 1363 1687 Abbati
1378 1658 1410 1687 de
1422 1657 1500 1686 Hida
1506 1658 1596 1696 juxta
1611 1658 1723 1699 Wynto-

1250 1707 1411 1764 Abbztgntdg
1424 1732 1583 1773 Wakham,

1253 1771 1366 1802 Abbati
1379 1774 1486 1802 Sam‘tae
1501 1772 1687 1811 Radegundae,

1252 1810 1365 1841 Abbati
1376 1812 1408 1841 de
1424 1813 1514 1848 Burgo
1527 1813 1622 1841 Sancti
1630 1813 1725 1849 Petri,

1253 1849 1366 1879 Abbati
1381 1851 1412 1880 de
1429 1849 1586 1889 Tha-nere,

1254 1888 1366 1918 Abbati
1378 1890 1409 1918 de
1422 1887 1592 1918 Malmerbur
1615 1911 1625 1927 ‚

1254 1926 1366 1957 Abbati
1378 1927 1410 1956 de
1428 1929 1475 1956 We
1499 1938 1577 1957 mona
1600 1929 1671 1965 erio,

1251 1966 1364 1995 Abbati
1377 1966 1409 1995 de
1424 1968 1456 1995 Se
1468 1977 1481 1994 e
1521 1989 1532 2004 2

1251 2004 1366 2034 Abbati
1376 2005 1409 2033 de
1423 1976 1525 2033 santio
1541 2003 1673 2043 Albano,

1253 2042 1368 2072 Abbati
1382 2043 1413 2072 de
1428 2041 1577 2082 Croylaszd,

1253 2081 1365 2110 Abbati
1377 2081 1408 2109 de
1425 2082 1523 2109 Sanno
1538 2080 1698 2117 Edmundo,

1250 2118 1364 2149 Abbati
1388 2119 1482 2148 Sanan
1508 2117 1610 2156 Jacobi
1640 2125 1723 2149 extra

1320 2161 1355 2187 N
1353 2156 1565 2195 orhamptoniam
1571 2180 1581 2196 ,

1251 2195 1365 2225 Abbati
1380 2197 1411 2225 de
1427 2194 1600 2236 Coie-cestria,

1253 2234 1366 2264 Abbati
1379 2235 1411 2264 de
1426 2235 1549 2274 Redyng,

1250 2272 1365 2303 Abbati
1375 2273 1408 2302 de
1416 2275 1524 2302 Burton
1532 2272 1613 2312 fitper
1621 2274 1722 2310 Trent,

1251 2310 1365 2341 Abbati
1376 2311 1408 2341 de
1422 2311 1552 2350 Ofi’neye,

1253 2349 1367 2379 Abbati
1379 2349 1410 2379 de
1425 2349 1577 2417 Leycellria‘
1584 2372 1595 2388 ,

1252 2387 1367 2418 Abbati
1381 2388 1412 2417 de
1425 2387 1501 2417 Shire
1521 2398 1589 2426 urn,

1253 2426 1367 2456 Abbati
1381 2426 1413 2455 de
1429 2430 1456 2455 T
1457 2425 1574 2456 hornton
1583 2449 1594 2466 ,

1254 2465 1368 2495 Abbati
1382 2464 1413 2493 de
1428 2464 1546 2504 Lesnes,

1256 2504 1369 2534 Abbati
1381 2503 1411 2532 de
1425 2503 1567 2543 Grymesby
1576 2525 1587 2542 ,

1254 2542 1368 2572 Abbati
1383 2542 1415 2571 de
1430 2539 1584 2580 Evr’sham,

1254 2580 1368 2611 Abbati
1382 2581 1414 2609 a'e
1428 2579 1575 2620 Certeftye,

1256 2619 1368 2650 Abbati
1398 2620 1493 2648 saneti
1522 2618 1663 2648 Benediffi
1695 2617 1726 2647 de

1322 2656 1438 2695 Hulmo,

1257 2696 1370 2727 Abbati
1383 2696 1415 2725 de
1430 2694 1619 2736 Abbotesbury
1629 2719 1639 2735 ‚

1255 2735 1370 2766 Abbati
1385 2735 1416 2763 de
1432 2737 1474 2764 W
1472 2734 1578 2774 barely,

1257 2774 1370 2804 Abbati
1390 2773 1422 2802 de
1435 2771 1587 2812 Tavystok‚

1255 2813 1369 2843 Abbati
1380 2811 1411 2840 de
1426 2811 1578 2841 Middleton
1587 2835 1597 2850 ,

1257 2851 1369 2881 Abbati
1381 2849 1413 2879 de
1425 2848 1589 2889 Keynqlham

1257 2889 1482 2957 Abbatilsaff
1496 2873 1645 2929 Augustini
1661 2889 1729 2917 Bri-

1348 2939 1361 2957 o

1257 2966 1308 2996 Ab
1327 2970 1370 2996 ati
1389 2950 1496 2995 santia
1522 2967 1626 2995 Mariae
1653 2963 1729 2995 Ebo-

1255 3015 1412 3074 Abbbliincie
1423 3040 1605 3081 Faverfham,

1255 3081 1368 3111 Abbati
1380 3083 1412 3111 de
1427 3081 1530 3109 Sanaa
1545 3079 1642 3121 Ofith,

1255 3120 1371 3153 Abbati,
1383 3121 1415 3150 a'e
1430 3117 1523 3157 Bello,

1258 3158 1372 3189 Abbati
1385 3158 1416 3188 de
1434 3156 1511 3186 Bello
1527 3155 1579 3187 loco
1594 3159 1692 3197 Regis,

1258 3197 1370 3227 Abbati
1384 3198 1416 3227 de
1429 3197 1562 3234 Furnoys,

1258 3235 1370 3266 Abbati
1385 3237 1416 3266 de
1431 3233 1581 3272 PVellebek‚

1255 3274 1368 3304 Abbati
1382 3275 1414 3304 de
1427 3272 1585 3312 Tapholme,

1257 3313 1370 3343 Abbati
1383 3313 1415 3342 de
1430 3310 1520 3350 Melsa
1529 3335 1538 3350 ,

1255 3351 1369 3382 Abbati
1383 3351 1414 3381 de
1428 3349 1544 3389 Rivali,

1257 3390 1370 3426 Abbati
1385 3390 1415 3419 de
1429 3388 1558 3427 Combe,

1257 3428 1370 3458 Abbati
1384 3429 1415 3458 de
1431 3430 1510 3456 Mira
1526 3425 1618 3465 Valle,

1259 3466 1372 3497 Abbati
1382 3467 1414 3496 de
1428 3464 1574 3504 Kirksted,

1255 3505 1369 3535 Abbati
1382 3505 1413 3534 de
1424 3503 1546 3543 Reverby
1554 3526 1571 3542 ‚7

1257 3544 1369 3574 Abbati
1384 3545 1416 3573 a'e
1429 3542 1569 3580 Buklond,

1255 3582 1371 3612 Abbati
1382 3582 1413 3611 de
1428 3579 1592 3618 Gerwedon,

1257 3619 1372 3651 Abbati
1383 3621 1415 3650 a'e
1430 3621 1489 3647 Der
1505 3619 1596 3656 ordia,

1258 3659 1373 3689 Abbati
1386 3659 1419 3688 de
1430 3659 1470 3686 Va
1492 3668 1506 3686 e
1519 3660 1590 3695 Dei,

1258 3697 1371 3727 Abbati
1384 3697 1415 3726 de
1428 3693 1583 3732 Letteleye‚

1259 3735 1372 3766 Abbati
1388 3736 1419 3764 de
1434 3732 1608 3770 Waverleye,

1260 3774 1374 3804 Abbati
1385 3773 1417 3802 de
1430 3772 1516 3808 ForA,

1261 3812 1374 3842 Abbati
1387 3811 1419 3840 de
1432 3805 1643 3849 Swynifheved‚·

1259 3849 1371 3880 Abbati
1384 3849 1416 3878 de
1429 3846 1533 3886 Soleby,

1262 3888 1375 3919 Abbati
1389 3887 1421 3916 de
1436 3888 1646 3926 Lauacmeton,

1261 3926 1373 3957 Abbati
1388 3925 1419 3953 de
1432 3925 1550 3962 Hayles,

1261 3964 1375 3996 Abbati
1389 3963 1419 3992 de
1435 3960 1594 4000 Rteff‘ordia*‚

1261 4003 1374 4035 Abbati
1393 4001 1425 4032 de
1437 3997 1630 4040 Stratfordid,

1740 4030 1802 4074 Es

1797 1502 1909 1533 Abbati
1922 1503 1953 1532 de
1967 1507 2104 1541 Croxton,

1796 1541 1909 1571 Abbati
1923 1543 1954 1571 de
1969 1542 2080 1572 Welhou
2088 1565 2099 1580 ,

1795 1579 1908 1610 Abbati
1921 1580 1953 1610 de
1970 1579 2112 1620 Neuhous,

1796 1618 1908 1647 Abbati
1923 1618 1954 1648 de
1967 1617 2080 1657 Neubo,

1797 1655 1911 1686 Abbati
1925 1658 1956 1686 de
1970 1660 2086 1695 Sautre,

1800 1694 1912 1724 Abbati
1925 1695 1957 1725 de
1971 1694 2092 1735 Barlyng
2102 1717 2113 1733 ‚

1799 1733 1912 1763 Abbati
1926 1735 1958 1764 de
1971 1737 2068 1772 Terre,

1800 1771 1914 1802 Abbati
1928 1772 1959 1802 de
1973 1772 2118 1809 Fontibus,

1800 1810 1914 1840 Abbati
1929 1812 1960 1841 de
1975 1809 2070 1841 Stanle
2087 1809 2107 1839 h

1799 1849 1912 1880 Abbati
1926 1850 1957 1879 de
1973 1821 2145 1888 Coggerase,

1797 1888 1909 1918 Abbati
1921 1887 1952 1917 de
1966 1890 2048 1927 Rupe.

1799 1967 1889 1995 Priori
1897 1966 2003 2031 [santii
2024 1962 2164 2003 Jobannis
2181 1962 2272 2001 Jeru-

1800 2002 1895 2079 Mag?
1905 2014 2056 2071 bbnbrdinis
2070 2040 2102 2070 de
2121 2043 2272 2078 Sempring-

1885 2091 1930 2108 am

1799 2119 1888 2149 Priori
1901 2103 2022 2159 Ec’clefiae
2037 2115 2136 2157 Christi
2148 2119 2271 2147 Cantua-

1800 2166 1934 2225 1)ηοῖἷῖῑὲ
1950 2193 2023 2234 ely,

1799 2235 1889 2264 Priori
1904 2235 2000 2263 Sanffi
2013 2231 2145 2263 swithini
2160 2234 2272 2273 wynto-

1799 2283 1998 2356 PriobzifS'bc‘tae
2024 2311 2171 2340 Trinitatis
2196 2311 2272 2340 Nor-

1799 2359 1942 2417 PriorzinZ
1948 2372 2068 2425 ilofflnse'·
2073 2409 2086 2425 ‚

1802 2427 1891 2455 Priori
1908 2425 2039 2464 Bathon,

1800 2466 1889 2494 Priori
1902 2465 1932 2494 de
1949 2467 2066 2501 Lewes,

1799 2503 1889 2532 Priori
1902 2504 1934 2532 de
1948 2500 2143 2541 Bridlyngton,

1802 2543 1891 2571 Priori
1906 2541 1937 2571 de
1949 2539 2104 2579 Torkefi’ye,

1802 2582 1891 2609 Priori
1906 2580 1937 2608 de
1955 2579 2147 2617 Thurgarton‚

1803 2619 1892 2647 Priori
1905 2619 1936 2648 de
1953 2617 2100 2657 Spala'yng‚

1800 2658 1889 2686 Priori
1903 2657 1935 2686 de
1949 2654 2132 2693 Thornholm‚

1802 2696 1891 2723 Priori
1904 2695 1935 2724 de
1950 2692 2134 2733 Muttesfont‚

1803 2734 2020 2799 PriorilSanl‘tae
2036 2735 2180 2763 Katerinae
2200 2735 2273 2766 Lin-

1870 2783 1896 2801 CO
1909 2783 1960 2801 711ae

1804 2812 1893 2839 Priori
1910 2811 1941 2840 de
1955 2794 2117 2849 S’utbewyk,

1804 2850 1892 2878 Priori
1903 2850 2011 2878 Sancta
2026 2847 2214 2889 Fredeswyde,

1803 2888 1893 2916 Priori
1907 2886 1938 2916 de
1957 2888 1999 2916 W
1999 2885 2146 2926 ilmenton‚

1803 2927 1892 2955 Priori
1905 2925 1937 2955 de
1950 2923 2110 2966 'kaefordia
2117 2949 2127 2964 ‚

1804 2965 1894 2993 Priori
1906 2964 1938 2993 de
1954 2966 2052 2994 Monte
2064 2967 2158 2994 Acuto
2166 2987 2176 3003 ,

1803 3003 1892 3031 Priori
1906 3002 1937 3032 de
1952 3001 2134 3042 Bernewelle,

1804 3042 1892 3070 Priori
1907 3041 1938 3070 de
1954 3040 2117 3080 Angelftye‚

1804 3081 1894 3108 Priori
1908 3080 1940 3109 de
1955 3078 2101 3118 Westacre,

1803 3119 1893 3147 Priori
1905 3117 1937 3147 de
1952 3120 1992 3147 W
1993 3116 2076 3154 irksop

1804 3157 1892 3186 Priori
1903 3155 1934 3184 de
1947 3140 2137 3194 Wayj‘ngbam
2144 3177 2155 3192 ‚

1803 3195 1824 3215 ¹*
1839 3196 1926 3223 Priori
1939 3195 1971 3222 a'e
1984 3192 2012 3222 la
2027 3192 2143 3222 Launde
2151 3216 2161 3232 ,

1803 3234 1892 3262 Priori
1906 3231 1937 3260 de
1949 3229 2142 3270 Bromholmes,

1802 3272 1891 3300 Priori
1902 3270 1934 3298 de
1946 3269 2041 3307 Stoke‚

1801 3311 1889 3338 Priori
1905 3308 1936 3336 de
1949 3307 2119 3348 Shelj‘ordia,

1803 3348 1892 3377 Priori
1904 3347 1936 3376 de
1951 3349 2105 3384 Lemonia,

1803 3387 1891 3415 Priori
1915 3387 2008 3414 Safflt·
2034 3382 2220 3413 Bartholomei
2243 3383 2277 3413 de

1870 3422 2034 3462 Smythfeld,

1807 3463 1896 3491 Priori
1910 3463 1941 3491 de
1954 3464 2082 3498 Afferton,

1806 3501 1895 3529 Priori
1906 3499 1938 3528 de
1951 3498 2090 3535 Sileburn,

1805 3539 1894 3567 Priori
1908 3537 1938 3566 de
1954 3535 2101 3574 okeburn,

1806 3576 1896 3605 Priori
1910 3576 1943 3604 de
1955 3573 2099 3614 Ormesby,

1805 3615 1893 3643 Priori
1905 3612 1938 3642 de
1950 3613 2049 3642 sancto
2064 3614 2171 3651 Netto,

1805 3652 1894 3680 Priori
1910 3652 1942 3680 de
1957 3648 2122 3691 Castelane,
2283 3661 2285 3663 ’

1802 3687 1892 3756 Ρνίσῖ
1899 3688 1996 3728 Christi
2004 3687 2125 3728 Ecclefiae
2135 3689 2168 3718 de
2176 3689 2276 3729 Twya-

1889 3738 1948 3765 am,

1803 3766 1894 3795 Priori
1906 3766 2014 3795 Sanetae
2033 3766 2181 3797 Trinitatis
2199 3768 2275 3797 Lon-

1872 3805 1957 3833 dom'ae
1963 3828 1979 3841 ,,

1808 3843 1899 3871 Priori
1912 3844 1943 3872 de
1958 3846 2112 3882 coventre,

2276 3185 2304 3207 ν*
2328 3185 2382 3214 ῘΠ.

2285 3230 2352 3258 9²9·

1764 3879 1767 3882 ’
1807 3881 1896 3909 Priori
1915 3882 2010 3910 Sancti
2037 3882 2163 3911 Andreae
2187 3882 2278 3911 Nort-

1873 3918 2036 3958 hamptoniae
2041 3943 2052 3959 ,

1807 3957 1929 4036 137·ὶοῖρῖ
1929 3959 2020 4035 :2⁷18ae
2027 3956 2165 3998 oswaldae
2178 3957 2210 3987 de
2217 3956 2279 3985 No·

2192 4030 2284 4061 Priori
