2562 4279
59 244 136 276 Ann.
145 243 186 275 D.

80 291 164 322 1325.

58 323 124 349 Eilv.
140 331 165 350 2.

55 360 72 376 θ
93 361 145 386 IV.

59 404 120 433 ¹73·

52 845 129 877 Ann.
144 845 184 877 D.

80 892 163 923 1325.

49 926 103 951 ΛΠ.
123 934 165 958 19.

49 965 79 989 E.
101 971 126 989 2.

49 1000 156 1029 Ibidem.

45 1558 122 1589 Ann.
136 1556 176 1588 D.

65 1605 151 1638 1325.

42 1640 99 1664 An.
118 1646 159 1672 19.

43 1696 150 1741 ibidein.

49 2807 128 2839 Ann.
138 2806 179 2837 D.

69 2854 154 2886 1325.

48 2889 100 2915 An.
121 2894 162 2921 19.

46 2928 78 2952 E.
100 2933 126 2950 2.

48 2962 181 2997 Claufi19.

48 3004 184 3038 E.2.p.2.

47 3048 83 3066 m.
102 3048 148 3073 25.
161 3040 187 3068 d.

48 3077 65 3093 ⁶
86 3078 139 3106 1V.

53 3123 113 3151 174-

763 143 869 201 ET
953 146 1218 197 ACTA
1301 129 1782 197 PussLicA.

203 247 272 276 riam
293 245 354 278 fore
374 247 408 277 ad
428 247 505 286 hoc,
521 254 552 278 ut
573 245 648 277 dieta
670 244 858 275 Matrimonia
871 243 947 274 licite
960 241 1178 285 contrahantur,
1195 235 1264 278 dile-

202 285 283 316 &um
299 284 446 316 Clericum
462 285 608 322 nostrum,
627 284 798 323 Magistrum
814 282 930 312 Petrum
955 275 1261 322 Gallfflqfflrcfflffiffl‘

203 333 273 354 cum
297 323 315 342 ’¹²
340 323 454 355 Rotom
490 323 582 354 ensem
607 323 667 358 (cui
690 322 769 359 super
789 319 935 358 praemiffis
954 324 1131 356 apperuimus
1154 313 1260 351 plenius

204 362 276 394 velle
290 361 431 399 nostrum)
444 372 459 392 a
490 371 542 392 vos
555 360 685 391 duximus
697 358 911 402 destinandum;
925 391 929 397 ,

243 398 384 431 Attentius
404 401 580 433 exhortantes
599 406 631 428 ut
648 397 740 429 eidem
760 396 877 428 Clerico
895 393 994 425 nostro
1020 391 1105 437 sidem
1134 389 1260 433 praebete

204 439 292 470 velitis
313 439 456 469 credulam
477 439 506 468 in
524 434 664 474 dicendis;
682 436 734 474 &,
750 435 770 465 si
791 433 892 476 vestrae
913 433 1047 470 placuerit
1069 427 1260 474 Magnificen-

203 477 266 516 tiae‚
285 477 425 515 praemissa
439 475 598 506 executioni
613 474 789 510 demandari,
807 480 876 503 tunc
890 470 997 514 vestros
1010 468 1145 498 Nuncios
1163 466 1196 496 ad
1209 465 1260 497 Se-

203 516 270 546 dern
293 515 505 556 Apostolicam,
523 513 578 543 una
596 522 665 542 cum
684 512 802 551 praefato
826 509 943 543 Clerico
955 506 1055 550 nostro
1071 505 1260 552 (quempsuper

203 554 261 584 hoc
273 555 358 583 etiarn
371 551 558 588 oneravimus)
574 551 664 582 velitis
677 549 861 582 transmittere
885 557 938 584 pro
960 544 1119 584 hujusmodi
1137 543 1260 581 Dispen-

201 591 313 623 sationis
326 591 410 630 gratia
423 589 605 628 impetranda.
710 626 715 631 ι
760 618 762 621 ,
805 624 810 630 .
962 622 968 628 ἢ

240 630 307 660 Dat.
326 629 398 667 apud
411 629 520 666 Shene,
537 628 653 658 decimo
668 632 769 663 quinto
782 623 829 654 die
844 623 991 653 Odrobris.

376 754 602 801 Adpraefatum
618 753 724 796 Regem
736 751 828 796 fitper
845 749 921 783 ditio
943 751 1084 796 Negotia.

204 840 417 903 MAgnifico
430 837 570 874 principi,
588 834 711 866 Domini
726 835 862 873 Alfonso‚
881 835 940 866 Dei
962 834 1067 874 gratia,
1084 833 1144 871 &c.
1163 840 1194 864 ut
1208 834 1259 874 Ju-

292 889 346 919 pra
359 877 436 918 usque
448 876 500 913 ibi,
519 875 595 905 licite
611 874 825 914 contrahantur,
844 882 908 904 tunc
914 874 961 914 stc.

239 918 381 949 Nobilem
394 916 504 951 virum,
522 912 680 943 Arnaldum
697 912 873 951 Guillielmi,
887 913 1051 944 Dominum
1065 912 1100 942 de
1117 911 1259 948 Lescuno,

203 957 255 996 ὃς,
271 956 405 986 ἀῦεέέυῐη
421 951 567 982 Clericum
584 950 732 990 nostrum,
751 951 920 991 Magistrum
941 951 1055 981 Petrum
1076 951 1112 981 de
1131 950 1259 980 Galicia-

202 1005 260 1034 no,
279 993 459 1025 canonicum
473 990 715 1029 Rotomagensem
733 990 846 1028 (quibus
868 990 945 1028 super
967 988 1111 1028 praemisfis
1129 989 1259 1027 apperui-

202 1043 264 1063 mus
275 1031 382 1070 plenius
398 1029 468 1060 velle
480 1027 620 1066 nostrum)
634 1028 668 1058 ad
685 1038 736 1059 vos
747 1029 875 1059 duximus
889 1027 1081 1059 destinandos:
1194 1063 1196 1065 Ι

238 1069 381 1101 Attentitis
403 1068 579 1098 exhortantes
604 1075 634 1097 ut
656 1066 776 1106 eisdem,
795 1067 920 1098 Arnaldo
941 1068 974 1098 δε
991 1066 1095 1105 Petro,
1112 1076 1144 1096 ac
1157 1075 1258 1096 eorum

198 1109 291 1146 alteri,
309 1106 394 1137 fidem
410 1106 535 1143 praebere
551 1105 640 1136 velitis
651 1106 794 1136 credulam
807 1107 837 1136 in
851 1105 992 1143 dicendis,
1011 1106 1061 1144 δε,
1079 1104 1179 1135 vestra:
1200 1104 1258 1141 pla-

198 1147 286 1177 cuerit
301 1145 530 1183 Magnificentiae
546 1144 685 1181 praemiffi
699 1146 860 1175 executioni
871 1144 1031 1175 demandari
1042 1166 1052 1181 ,
1068 1150 1136 1173 tunc
1151 1141 1259 1172 vestros

198 1184 336 1216 Nuncios
351 1184 385 1214 ad
399 1183 504 1214 Sedem
530 1181 742 1220 Apostolicam,
761 1183 816 1212 una
840 1193 908 1213 cum
927 1182 1062 1221 praefatis,
1080 1181 1205 1212 Arnaldo
1225 1181 1258 1210 &

198 1222 302 1260 Petro,
319 1223 364 1253 vel
385 1231 485 1253 eorum
508 1221 595 1251 altero
618 1222 700 1258 (quos
723 1221 802 1260 super
816 1221 873 1251 hoc
889 1222 972 1251 etiam
987 1220 1174 1255 oneravimus)
1190 1219 1259 1250 veli-

197 1262 231 1293 tis
234 1260 427 1330 ltDransmittssere
440 1271 493 1299 pro
506 1259 666 1299 hujusmodi
678 1259 896 1300 Dispensationis
908 1258 994 1299 gratia
1007 1257 1189 1297 impetranda.

269 1308 304 1330 at.
323 1308 354 1330 ut
381 1309 456 1338 upra.
965 1308 967 1311 ⁴

250 1422 309 1456 Ad
327 1423 501 1470 Epifiopum
520 1424 696 1470 Rurgenftm
709 1450 719 1466 ,
744 1435 805 1456 una
822 1435 891 1455 cum
903 1422 1052 1469 plertfijue
1065 1421 1153 1459 ciliis,
1174 1420 1212 1453 de

447 1471 604 1505 Credentia
616 1499 626 1516 ‚
643 1472 734 1518 fhper
742 1472 865 1519 praefato
890 1471 1010 1518 negotio.

263 1556 339 1596 EX,
358 1557 520 1588 Venerabili
534 1559 563 1588 in
576 1557 693 1589 Christo
709 1558 801 1595 Patri,
819 1557 953 1588 Domino

280 1595 428 1635 Burgenfi,
444 1597 584 1635 Salutem,
603 1597 637 1627 &
652 1597 767 1628 sincerae
781 1596 939 1628 dilefflonis
952 1594 1097 1625 affectum.

233 1633 405 1673 Retulerunt
430 1636 514 1665 nobis
534 1635 624 1665 nostri
644 1635 758 1665 Nuncii
781 1636 871 1672 (quos
894 1644 982 1672 nuper
1000 1632 1033 1662 ad
1058 1630 1233 1669 praesentiam
1247 1655 1257 1669 ,

198 1670 347 1712 Magnifici
362 1673 515 1712 Principis,
534 1673 658 1704 Domini
671 1673 796 1710 Alfonsi,
818 1672 930 1709 [spernite
951 1673 984 1702 ὃς
1007 1671 1150 1707 Algarbiae
1170 1669 1259 1708 Regis

198 1711 331 1750 Illustris,
347 1713 388 1742 ob
404 1720 479 1742 certa
492 1713 622 1748 negotia,
640 1712 722 1742 vobis
737 1720 820 1748 nota,
839 1708 1046 1745 transmisimus)
1070 1709 1156 1746 quam
1177 1709 1259 1738 beni-

197 1750 264 1780 vole
284 1751 318 1781 &
361 1751 460 1780 ratiose
480 1750 552 1789 ipsos
573 1749 774 1786 pertradiastis,
794 1750 827 1780 ὅ(
841 1748 972 1778 habuistis
986 1747 1041 1785 ipsa
1054 1748 1168 1786 negotia
1183 1747 1259 1778 mul—

196 1796 259 1823 tum
275 1799 327 1819 cor
348 1790 375 1826 i,
393 1787 429 1818 de
442 1798 501 1826 quo
512 1788 594 1817 vobis
610 1786 712 1818 Grates
726 1788 872 1818 referimus
888 1787 1023 1824 speciales.

232 1826 286 1864 Et,
305 1827 368 1864 quia
390 1826 445 1862 ipsa
465 1826 578 1862 negotia
599 1825 785 1856 desideramus
799 1824 915 1856 effe&ui
931 1825 1104 1872 mancipari,
1121 1824 1258 1855 dilectum

195 1864 342 1895 Clericum
363 1863 492 1894 nostrum
507 1887 516 1902 ,
545 1863 722 1901 Magistrum
743 1864 859 1895 Petrum
880 1864 1019 1894 Galiciani
1031 1886 1040 1901 ,
1075 1863 1258 1893 Lanoiiicum

194 1902 454 1941 Rotomagensem‚
470 1912 538 1933 curn
563 1902 677 1933 Litteris
698 1902 815 1941 nostris,
832 1902 867 1932 ad
887 1903 1034 1941 praefatum
1050 1901 1163 1940 Regem
1179 1902 1260 1931 duxi-

194 1950 257 1971 mus
270 1941 489 1977 remittendum,
505 1941 701 1972 Sinceritatem
723 1942 845 1973 vestram
870 1941 1050 1971 exhortamur
1073 1941 1200 1978 quatinus
1219 1941 1259 1970 ei-

193 1979 262 2018 dem
283 1978 401 2010 Clerico
422 1978 521 2009 nostro
544 1980 622 2018 (cui,
640 1980 720 2018 super
737 1980 819 2010 dietis
841 1980 976 2018 negotiis,
995 1976 1118 2009 nostram
1132 1980 1259 2018 apperui-

197 2027 260 2049 mus
276 2018 462 2053 voluntatem)
480 2017 567 2048 fidem
581 2019 671 2048 velitis
684 2019 825 2049 credulam
838 2018 989 2056 adhibere,
1005 2018 1038 2048 δε
1061 2026 1091 2047 ut
1112 2026 1160 2054 ea,
1178 2027 1259 2055 quae,

196 2056 281 2086 vobis
301 2056 504 2094 mediantibus,
521 2055 583 2085 sunt
602 2056 734 2095 tradiata,
752 2056 916 2093 firmentur,
936 2065 1020 2094 prout
1043 2056 1140 2093 decet,
1160 2056 1193 2085 &
1207 2055 1259 2086 du-

196 2101 296 2124 cantur
309 2094 345 2123 ad
360 2093 513 2130 effechrn,
532 2094 710 2131 interponere
724 2104 815 2134 partes
828 2095 946 2133 vestras3
966 2094 1160 2125 Rescribentes
1174 2095 1258 2124 nobis

196 2131 274 2168 super
287 2131 356 2168 hiis,
377 2131 494 2169 &aliis,
514 2142 578 2169 quae
593 2133 672 2163 vobis
688 2134 822 2171 placitura
847 2133 968 2171 fuerint,
983 2134 1012 2163 in
1032 2132 1165 2164 omnibus
1186 2132 1260 2164 fidu-

198 2170 305 2200 cialiter
316 2170 388 2200 velle
404 2169 536 2200 vestrum.

237 2207 307 2239 Dat.
325 2208 398 2246 apud
413 2207 521 2246 Shene,
540 2207 656 2240 decimo
672 2210 771 2247 quinto
784 2210 830 2241 die
843 2209 989 2241 octobris.

1113 1554 1257 1593 Episcopo

328 2283 441 2317 Eodem
455 2285 546 2316 modo
558 2284 723 2318 mandatum
736 2286 777 2317 est
790 2287 962 2327 subscriptis3
980 2287 1129 2326 videlicet,

234 2360 356 2400 Epifiopo
373 2362 404 2391 a'e
418 2362 528 2402 Avyla.
688 2392 689 2395 ,

237 2400 388 2430 Venerabili·
403 2404 465 2430 viro
478 2400 516 2436 όν
531 2401 658 2441 discreto,
677 2406 794 2434 Domino
807 2401 974 2434 Cancellario
988 2403 1054 2434 dim
1068 2404 1153 2441 Regii.

236 2439 353 2475 ,Domino
368 2438 496 2476 Johanm'
512 2441 543 2470 de
558 2441 677 2480 Bifiaye.

236 2478 352 2506 Domino
365 2476 487 2516 Philippo
496 2503 505 2516 ,
520 2480 670 2510 Avunculo
685 2483 796 2510 Domini
809 2482 895 2518 Regis.

235 2513 354 2545 Domino
368 2514 498 2553 Johanm·
513 2518 661 2549 Manuelis.

197 2652 256 2687 Ad
271 2655 438 2701 Complures
455 2655 703 2704 Htffianossitper
717 2655 848 2700 Subfidio
867 2655 981 2701 oblato,
993 2662 1029 2698 ᾤ’
1050 2658 1085 2692 de
1104 2653 1261 2693 Credentia

650 2707 801 2750 cotfimili.

200 2788 330 2845 REX,
347 2790 470 2828 Nobili,
488 2792 570 2829 viro,
587 2790 722 2822 Domino
743 2791 869 2830 Johanni
885 2793 1034 2832 Symeonis
1048 2793 1083 2824 de
1100 2793 1193 2832 Vrefi,
1211 2793 1262 2825 Sa·-

274 2827 378 2866 lutem,
397 2830 430 2859 δε
446 2829 559 2859 sincerae
574 2829 732 2860 dileetionis
744 2830 890 2861 affectum.

240 2864 339 2902 Quam
354 2867 474 2906 benigne
486 2868 520 2898 &
537 2867 697 2898 honorifice
720 2869 832 2899 nostros
852 2870 986 2901 Nuncios
1010 2871 1094 2908 (quos
1115 2880 1206 2908 nuper
1226 2870 1261 2901 ad

202 2910 291 2939 partes
312 2904 480 2949 Aragoniae,
505 2915 557 2942 pro
581 2906 746 2943 quibusdam
768 2908 851 2937 certis
872 2908 1025 2947 Negotiis,
1049 2907 1259 2945 destinavimus)

203 2941 407 2981 pertractastis,
426 2943 458 2973 &
473 2943 632 2980 appernistis
647 2945 685 2974 eis
697 2945 800 2975 secreta
811 2947 903 2976 cordis
919 2946 1020 2985 vestri,
1038 2946 1193 2984 nobisque,
1213 2957 1262 2984 per

203 2978 307 3010 vestras
323 2980 454 3019 Litteras,
471 2989 606 3020 gratanter
621 2982 774 3020 obtulistis,
792 2983 952 3014 Subsidium
967 2984 1133 3015 Hominum
1152 2985 1261 3016 vestro-

206 3026 269 3047 rum
282 3018 316 3048 ad
332 3019 435 3057 Arma,
453 3020 473 3049 si
487 3019 521 3050 &
535 3019 649 3057 quando
665 3020 747 3050 nobis
758 3022 832 3051 foret
846 3022 864 3041 ²*
880 3031 1071 3061 oportunum,
1088 3024 1147 3053 tam
1168 3030 1203 3052 ex
1221 3025 1262 3060 ip-

204 3055 300 3086 sorum
323 3057 510 3088 Nunciorum
531 3058 635 3088 crebris
650 3058 793 3097 relatibus,
812 3060 898 3097 quam
911 3069 944 3090 ex
958 3061 1075 3098 ipsarum
1092 3061 1261 3092 Litterarum

204 3093 359 3126 vestrarum
374 3097 537 3127 recitatione
550 3098 742 3133 cognovimus
755 3097 917 3136 evidenter,
935 3098 1015 3137 super
1030 3109 1089 3137 quo
1105 3099 1261 3131 Sinceritati

203 3132 303 3163 vestrae
317 3142 405 3170 grates
419 3135 452 3166 &
468 3136 563 3173 gratias
575 3135 719 3165 referimus
731 3135 931 3166 multiformes.
1200 3161 1202 3163 .

239 3170 280 3215 Et
293 3172 374 3209 quia,
391 3172 432 3202 ob
446 3172 536 3211 aliqua
549 3175 678 3212 negotia,
698 3184 762 3212 quae
777 3175 861 3204 nobis
876 3174 957 3205 cordi
972 3172 1106 3212 insident,
1125 3174 1259 3207 dilet‘tum

201 3208 351 3240 Clericum
370 3210 500 3240 nostrum
513 3235 523 3248 ,
549 3211 721 3250 Magistrum
745 3212 862 3243 Petrum
884 3213 1024 3244 Galiciani
1043 3236 1052 3253 ‚
1077 3214 1260 3245 Canonicum

201 3247 461 3286 Rotomagensem,
475 3250 533 3286 jam
547 3249 581 3279 ad
598 3259 686 3288 partes
702 3251 841 3281 mittimus
860 3251 1042 3290 supradidtas,
1061 3253 1260 3284 Dileitionem

201 3285 324 3316 vestram
339 3296 470 3323 rogamus
485 3288 519 3317 &
531 3290 699 3326 requirimus
713 3298 746 3319 ex
768 3289 889 3328 affe&u‚
908 3291 1038 3328 quatinus
1057 3291 1151 3322 eidem
1173 3291 1261 3323 Petro

205 3326 265 3368 (cui
273 3325 355 3368 super
369 3325 515 3362 praemiffis
528 3327 645 3364 negotiis
656 3329 758 3358 v'otum
771 3330 949 3367 apperuimus
964 3329 1057 3360 cordis
1065 3330 1152 3360 nostri
1160 3330 1260 3367 (fidem

202 3362 292 3394 velitis
315 3364 441 3400 praebere
464 3363 607 3394 credulam
623 3366 652 3394 in
667 3365 808 3395 dicendis:
828 3367 879 3405 &‚
895 3376 926 3397 ut
938 3376 1036 3405 optato
1051 3369 1166 3401 effetha
1181 3378 1261 3399 man-

201 3402 349 3441 cipentur,
367 3401 466 3439 Opem
479 3402 513 3432 &
526 3401 687 3433 Consilium
700 3413 840 3440 apponere
863 3412 1019 3446 oportuna,
1038 3407 1177 3445 nobisque
1211 3418 1260 3445 per

202 3439 345 3478 eundem,
363 3441 392 3469 in
412 3440 480 3477 hiis,
498 3440 532 3470 &
549 3439 622 3478 aliis,
640 3450 703 3479 quae
722 3441 804 3472 vobis
824 3441 956 3479 placitura
970 3444 1089 3485 fuerint,
1108 3432 1260 3486 significare

202 3478 367 3509 fiducialiter
380 3478 451 3508 velle
464 3477 599 3508 vestrum.
881 3514 884 3515 ⁷

239 3515 308 3548 Dat.
327 3517 402 3555 apud
414 3517 521 3555 simne,
538 3516 653 3547 decimo
666 3518 767 3555 quinto
781 3516 826 3548 die
839 3517 989 3550 Ostobris.

322 3593 437 3625 Eodem
451 3592 542 3625 modo
558 3592 722 3625 mandatum
737 3593 778 3624 est
792 3593 963 3635 subscriptis3
980 3595 1127 3637 videlicet,

235 3673 351 3701 Domino
364 3673 465 3700 Simoni
481 3669 605 3700 cornelli.

236 3712 353 3739 Domino
365 3712 465 3739 Simoni
479 3710 510 3739 de
524 3709 606 3750 Fofts.

236 3749 352 3778 Domino
367 3748 517 3788 Reymundo
531 3748 562 3777 de
578 3750 663 3777 Petra
676 3742 767 3786 Alta,
785 3747 980 3786 Confiznguineo
986 3748 1046 3789 fico.

236 3786 333 3816 Nobili
347 3790 409 3816 viro
422 3789 538 3816 Domino
552 3785 702 3816 Guillielmo
714 3787 746 3815 de
760 3786 902 3823 Anglolid.

235 3823 371 3863 Cariffi'mo
383 3824 652 3864 consanguineofiao,
672 3827 785 3854 Domino
800 3826 962 3862 Berengari'o
972 3827 1008 3855 'de
1022 3824 1164 3862 Anglolid.

234 3861 330 3891 Nobili
343 3866 406 3893 viro
423 3865 540 3893 Domino
551 3864 695 3894 Bernardo
709 3863 740 3893 de
752 3861 886 3893 cabraria
902 3865 930 3893 V
931 3867 964 3894 ic.
981 3865 1013 3894 de
1027 3863 1172 3894 Cabrari‘d.

233 3899 383 3929 Guillielmo
397 3904 426 3930 V
424 3900 554 3940 illaman,

233 3937 277 3965 Et
290 3937 441 3969 Guillielmo
455 3943 517 3970 Sine
529 3940 614 3971 Terra*
622 3964 632 3979 ,

236 3976 283 4004 Et
298 3975 422 4006 Michael
435 3980 566 4016 Symeonis
579 3982 713 4017 Sapatori.

234 4011 328 4082 Nodlgli
339 4016 401 4042 viro
408 4017 531 4059 pomino
543 4018 684 4050 Bernardo
699 4017 730 4048 de
743 4018 854 4049 seriano
863 4040 872 4056 ,
888 4017 1039 4049 Admirati>
1051 4015 1163 4057 illistris
1174 4019 1252 4056 Regis

306 4060 446 4088 rragomae.

299 4091 373 4121 Tom-
387 4091 428 4121 ΙΙ.
447 4092 481 4123 Ρ.
500 4093 542 4132 11„

1298 1134 1420 1167 Salutem
1430 1161 1439 1177 ‚
1457 1140 1490 1170 &
1507 1140 1619 1169 sincerae
1633 1139 1791 1171 dilectionis
1804 1139 1949 1171 affec'tum.

1297 2047 1404 2077 rissimo
1411 2069 1420 2085 ,
1438 2048 1572 2078 Salutem.

1298 2123 1384 2154 tellus
1393 2146 1402 2161 ,
1421 2124 1502 2162 quod
1511 2149 1521 2163 ,

1298 3637 1332 3667 &
1347 3636 1459 3667 sincerae
1472 3635 1628 3665 dilefflonis
1643 3633 1790 3664 asscitum.

2281 169 2361 208 145

1340 236 1455 267 Domino
1467 237 1631 273 Berengario
1644 241 1675 269 de
1689 244 1716 269 V
1715 241 1805 272 illario
1820 245 1920 272 Acuta.
2378 235 2456 266 Arm*
2472 236 2515 269 D·

1339 274 1455 300 Domino
1468 275 1577 310 Rogerio
1592 277 1624 304 de
1636 280 1734 308 Sanfi‘o
1749 283 1894 311 Vincentio.
2404 283 2488 314 1325.

1340 311 1454 338 Domino
1468 314 1618 350 Reymundo
1634 316 1665 345 de
1680 316 1801 347 Rebellis.
2381 317 2448 341 mv*
2470 323 2496 344 ²⁶

1341 346 1456 376 Domino
1471 347 1619 380 Guillielmo
1633 353 1664 381 de
1677 356 1821 385 Mamuda.

1342 387 1456 414 Domino
1469 386 1634 425 Gaffirando
1647 391 1678 419 de
1692 392 1834 428 Anglolid.

1341 425 1454 468 Dori-aino
1467 427 1495 454 V
1495 425 1560 455 itali
1572 428 1604 456 de
1619 428 1697 457 Villa
1711 432 1797 460 Nova
1806 455 1815 468 ,
1834 431 1986 471 Consiliario
2000 434 2110 462 Domini
2133 434 2212 469 Regis
2233 433 2358 468 Arrago-

1378 472 1440 491 mae.

1339 500 1456 528 Domino
1469 502 1645 546 Gundisalvo·
1654 505 1757 544 Garfiie
1766 530 1775 544 ,
1794 507 1945 547 Confiliario
1960 508 2072 547 ejusdem
2087 510 2173 546 Regis.

1339 538 1482 567 Bernardo
1496 540 1527 568 de
1542 544 1700 581 Anersono,
1722 544 1874 583 Confilt'ario
1887 546 1998 584 ejusdem
2011 550 2098 582 Regis.

1338 577 1421 605 Petro
1434 576 1574 614 Johannis
1589 580 1619 608 de
1633 584 1780 619 Carrioun,
1799 583 1951 622 Confiliario
1966 584 2081 623 Illustris
2093 587 2171 622 Regis
2185 583 2308 622 Ispaniae.

1338 614 1462 643 Andreae
1478 618 1555 655 Petri
1570 621 1652 648 amico
1660 618 1710 657 fico
1724 619 1857 659 carissimo.

1339 651 1473 691 Magistro
1488 653 1574 683 Paulo
1588 655 1671 695 Fyfico

1338 690 1495 729 Infantiffae
1512 691 1636 730 Ispaniae.
1683 671 1706 719 }

1343 731 1468 758 Dominae
1481 732 1508 758 T
1504 729 1599 767 heresae
1607 755 1618 770 ,
1636 734 1749 763 Nutrici
1761 736 1838 771 Regis
1853 735 1977 774 Ispam'ae.

1335 769 1466 798 Martino
1480 770 1614 808 Ferandi,
1632 774 1777 801 Secretario
1794 773 1900 810 Maiori
1911 776 1989 810 Regis
2003 772 2124 812 Ispaniae.

1336 807 1453 835 Domino
1467 806 1579 837 Abbati
1584 810 1679 848 sandi
1694 809 1847 849 Andoerii,
1863 811 2016 850 Confiliario
2029 814 2106 847 Regis
2121 811 2245 850 Ispaniae.¹

1336 844 1440 884 Garsi'ae
1454 847 1605 885 Ferrandi,
1624 848 1777 888 Confili'ario
1791 847 1829 883 (ξφ
1843 852 1989 879 Secretario
2004 851 2082 886 Regis
2090 850 2220 887 praedec‘li.

1496 977 1555 1011 Ad
1571 980 1746 1025 Arragoniae
1767 982 1935 1013 Primatem
1953 980 2166 1024 Excustctoria.

1352 1059 1429 1099 EX,
1450 1061 1611 1093 Venerabili
1624 1062 1654 1093 in
1670 1063 1789 1095 Christo
1805 1064 1893 1102 Patri,
1911 1064 2043 1095 Domino
2133 1062 2355 1103 Archiepiscopo
2378 1060 2455 1091 Ann.
2468 1060 2511 1092 D.

1372 1098 1618 1139 Caesaraugustano
1633 1126 1642 1139 ,
1669 1103 1823 1142 Aragoniae
1849 1103 1965 1134 Primati
1982 1128 1992 1141 ,
2013 1104 2107 1134 amico
2128 1104 2178 1133 suo
2199 1103 2355 1140 cariffim0‚
2374 1107 2484 1165 A1325-

2401 1150 2425 1166 η.
2444 1149 2488 1173 19.

1335 1175 1427 1214 Qod
1440 1176 1530 1208 nostri
1545 1178 1580 1208 N
1583 1179 1658 1222 uncii
1675 1180 1758 1217 (quos
1773 1189 1862 1223 nuper
1877 1179 1910 1210 ad
1925 1187 2013 1220 partes
2035 1179 2199 1219 Aragoniae‚
2219 1190 2272 1217 pro
2292 1180 2356 1218 qui·
2378 1181 2406 1203 E·
2427 1186 2454 1203 2·

1299 1211 1519 1260 busdamflcertis
1542 1218 1662 1254 negotiis
1676 1240 1686 1255 ,
1711 1217 1922 1254 destinavimus)
1946 1218 1971 1247 se
1992 1217 2086 1247 vestro
2110 1218 2272 1256 conspeetui
2295 1227 2355 1248 non
2381 1214 2485 1252 lbidffmq

1297 1253 1576 1323 ἓέεξῖίῖῐὲῐῑὲἓυήιέἀῃῖῗυ
1590 1255 1645 1293 ipsa
1658 1257 1772 1295 negotia
1789 1257 1870 1288 vobis
1884 1266 1943 1287 non
1958 1256 2224 1295 communicarunt,
2242 1266 2294 1286 nos
2308 1265 2359 1287 tae-

1335 1329 1376 1374 Et·
1388 1332 1466 1371 quia,
1486 1332 1526 1362 ob
1543 1332 1634 1371 aliqua
1647 1334 1777 1371 negotia,
1796 1343 1860 1371 quae
1875 1333 1958 1365 nobis
1973 1332 2052 1362 cordi
2071 1331 2203 1368 insident,
2221 1332 2358 1363 dileetum

1300 1365 1447 1399 Clericum
1469 1370 1598 1401 nostrum
1613 1396 1622 1409 ,
1653 1369 1825 1410 Magistrum
1847 1371 1963 1402 Petrum
1986 1370 2125 1401 Galiciani
2143 1393 2152 1408 ,
2177 1369 2358 1400 Canonicum

1298 1405 1561 1446 Rothomagensem
1572 1433 1581 1448 ,
1596 1409 1654 1446 jam
1665 1409 1699 1440 ad
1714 1418 1802 1450 partes
1818 1411 1956 1441 mittimus
1975 1408 2155 1447 supradictas,
2174 1408 2361 1438 dileffionem

1297 1444 1421 1488 vestram
1440 1450 1573 1485 rogamus
1587 1449 1620 1478 &
1635 1449 1802 1486 requirimus
1812 1458 1845 1479 ex
1868 1447 1988 1487 affee‘tu³
2008 1447 2138 1486 quatinus
2160 1446 2252 1476 eidem
2275 1445 2360 1476 Petro

1273 1487 1275 1489 '
1299 1483 1358 1520 (cui
1373 1483 1451 1521 super
1466 1486 1613 1522 praetniffis
1630 1488 1748 1525 negotiis
1760 1495 1860 1517 votum
1873 1489 2049 1524 apperuimus
2063 1485 2156 1515 cordis
2165 1485 2263 1521 nostri)
2274 1484 2360 1514 fidem

1297 1521 1385 1551 velitis
1402 1524 1528 1560 praebere
1542 1524 1684 1554 credulam
1700 1527 1726 1554 in
1740 1525 1879 1556 dicendis:
1898 1528 1949 1563 &‚
1968 1534 1998 1556 ut
2011 1531 2107 1564 optato
2121 1523 2235 1553 effectui
2252 1524 2360 1552 manci-

1297 1567 1416 1598 pentur,
1435 1560 1533 1598 Opem
1548 1563 1581 1593 &
1597 1562 1758 1593 Consilium
1771 1573 1912 1601 apponere
1924 1571 2084 1600 oportuna,
2102 1563 2190 1599 adeo,
2211 1562 2230 1591 si
2250 1561 2359 1598 placet,

1298 1597 1377 1634 qubd
1393 1608 1427 1628 ex
1441 1599 1498 1629 hoc
1511 1601 1583 1638 regia
1599 1600 1728 1638 Majestas
1743 1602 1826 1632 vobis
1840 1603 1874 1633 ὃς
1889 1601 1984 1631 vestris
2000 1603 2103 1631 merito
2127 1600 2226 1630 debeat
2247 1599 2359 1638 astringi

1297 1635 1332 1669 ad
1347 1638 1446 1675 gratias
1461 1645 1542 1675 atque
1555 1646 1660 1677 grate53
1680 1639 1815 1677 nobisque
1827 1649 1876 1677 per
1890 1639 2009 1669 eundem
2024 1638 2170 1669 Clericum
2185 1637 2315 1668 nostrum
2330 1640 2359 1667 in

1297 1673 1418 1719 hiisx&
1441 1676 1515 1714 aliis,
1533 1686 1597 1714 quae
1619 1678 1701 1707 vobis
1723 1678 1855 1718 placitura
1866 1678 1984 1715 fuerint,
2001 1676 2164 1715 significari,
2182 1677 2357 1715 quaesumus,

1295 1712 1458 1744 fiducraliter
1472 1714 1544 1750 velle
1562 1714 1696 1747 vestrum.

1334 1751 1402 1783 Dat.
1421 1761 1451 1784 ut
1465 1753 1551 1791 supra.

1470 1886 1518 1918 De
1540 1885 1648 1919 Vcndis
1668 1887 1766 1920 Matre
1781 1884 1817 1918 de
1834 1883 1958 1918 Lebreto
1978 1884 2173 1918 remittendis.

1297 1969 1515 2031 EDwardus‚
1535 1970 1592 2002 Dei
1615 1971 1719 2011 gratia,
1738 1971 1803 2002 Rex
1827 1970 1958 2010 Angliae,
1975 1970 2008 2001 ὅ(
2030 1970 2175 2002 Dominus
2190 1969 2357 2010 Hiberniae,
2377 1964 2455 1995 ΑΠΗ-
2471 1965 2512 1997 D-

1377 2010 1409 2040 &
1425 2008 1537 2040 Comiti
1554 2009 1689 2048 Cestriae,
1704 2010 1836 2048 Pontivi,
1855 2010 1888 2040 δε
1905 2009 2019 2040 Montis
2034 2008 2146 2047 Strolli‚
2164 2009 2236 2040 Filio
2248 2010 2298 2040 suo
2312 2020 2359 2040 ca·
2378 2013 2485 2078 Alrigzffo

1336 2085 1510 2123 Supplicavit
1523 2086 1638 2125 Nobis,
1651 2085 1768 2117 dilectus
1781 2087 1880 2125 nobis,
1896 2085 2050 2116 Bei‘nardus
2063 2086 2099 2117 de
2113 2080 2239 2117 Lebreto
2252 2084 2360 2116 Domi·
2381 2086 2456 2157 [Ea-Is?
2470 2129 2478 2146 Ι

1337 2162 1356 2182 *
1377 2161 1457 2193 Cum
1473 2162 1618 2194 Dominus
1636 2160 1671 2194 de
1685 2163 1831 2201 Brariaco,
1851 2162 1948 2193 volens
1964 2162 2054 2193 Matae
2067 2162 2103 2193 de
2121 2163 2263 2201 Lebreto,
2276 2162 2360 2195 Con·
2379 2163 2409 2186 E.
2428 2169 2454 2185 2·
2467 2129 2505 2187 7⁷29·

1299 2200 1377 2231 sortis
1388 2201 1442 2231 suae
1452 2224 1461 2240 ,
1479 2200 1585 2232 ὴοηὸῑί
1601 2203 1633 2232 &
1647 2202 1755 2233 utilitati
1767 2201 1930 2240 providere,
1949 2200 2048 2232 Castra
2059 2201 2094 2232 de
2109 2201 2257 2239 Gensaco,
2273 2200 2359 2232 Mau*
2381 2197 2409 2225 6-

1299 2241 1392 2277 ronis,
1409 2240 1442 2270 ὃς
1455 2239 1490 2270 de
1504 2240 1704 2279 Montemiro,
1722 2240 1851 2277 donasset
1864 2239 2016 2270 Reinando
2037 2241 2073 2270 de
2093 2239 2206 2278 Pount,
2225 2239 2360 2271 Domino
2378 2235 2397 2253 ²*
2415 2235 2466 2262 IV-

1299 2277 1336 2308 de
1350 2278 1516 2318 Rybeyrak,
1534 2277 1756 2317 Consanguineo
1772 2279 1835 2309 suo:

2387 2283 2396 2301 1
2443 2297 2449 2303 .

1337 2315 1374 2346 Et
1394 2316 1471 2346 idem
1492 2317 1656 2348 Reinandus
1679 2318 1776 2348 eadem
1796 2316 1911 2356 Castra,
1931 2327 1999 2348 cum
2022 2317 2193 2355 pertinentiis
2208 2316 2276 2355 suis,
2294 2316 2362 2348 Ber·
2403 2282 2438 2310 Π

1298 2354 1387 2385 nardo
1403 2355 1439 2385 de
1454 2355 1578 2387 Lebreto
1593 2355 1772 2387 vendidisset:

1338 2392 1478 2437 Idemque
1494 2393 1646 2429 Bernardus
1661 2394 1847 2432 postmodnm
1864 2394 1963 2425 eadem
1983 2393 2099 2432 Castra,
2117 2403 2184 2424 cum
2207 2393 2363 2433 suis-petti-

1298 2433 1414 2469 nentiis‚
1430 2432 1513 2463 titulo
1527 2433 1716 2477 Donationis²
1734 2434 1763 2463 in
1777 2433 1921 2470 praefatam
1935 2432 2046 2463 Matam
2061 2429 2236 2462 transtuliffet
2245 2432 2362 2470 ,secun-

1298 2471 1368 2501 dum
1387 2470 1606 2502 Ordinationem
1622 2471 1747 2502 Domini
1761 2472 1796 2502 de
1810 2471 1938 2501 Brariaco
1953 2470 2113 2508 supmdiCti,

1334 2509 1461 2541 Velitnus
1473 2510 1558 2540 dietae
1575 2509 1665 2540 Matae
1682 2509 1808 2547 Vendas‚
1830 2519 1894 2548 quae
1918 2510 2016 2547 nobis,
2036 2508 2189 2540 secundum
2212 2508 2362 2539 consuetu-
2390 2545 2398 2549 -

1298 2547 1394 2578 dinem
1415 2549 1534 2588 partium
1559 2548 1685 2587 illarum,
1704 2550 1810 2578 ratione
1831 2547 2264 2586 patrimorum-debebantur,
2282 2548 2362 2577 vide-

1299 2586 1382 2631 licet,
1400 2587 1563 2633 vicelimam
1577 2596 1685 2626 partem
1700 2588 1781 2625 pretii
1795 2586 1963 2618 Castrorum
1984 2586 2204 2624 praediftorum,
2223 2586 2361 2616 remittere

1300 2634 1429 2664 gratiose.

1337 2663 1424 2702 Nos,
1439 2663 1472 2694 ad
1492 2653 1603 2695 bonum
1626 2664 1659 2694 &
1681 2658 1816 2694 laudabile
1837 2663 1989 2694 Servitium
2016 2662 2097 2700 ipsius
2113 2661 2259 2698 Bernardi,
2279 2662 2362 2692 nobis

1301 2702 1491 2742 multipliciter
1512 2703 1689 2741 impensum,
1718 2702 1971 2733 considerationem
1993 2701 2140 2737 habentes,
2162 2699 2360 2739 volentesque,

1299 2741 1380 2778 ipsius
1393 2742 1727 2780 contemplatione‚cum
1744 2739 1858 2778 praefata
1873 2739 1956 2770 Mata
1970 2739 2156 2770 favorabiliter
2168 2747 2248 2777 agere
2262 2740 2292 2768 in
2306 2739 2358 2769 hac

1299 2789 1389 2817 parte,
1408 2780 1563 2810 remisimus
1577 2780 1670 2810 eidem
1687 2778 1776 2810 Matre
1790 2778 1900 2809 Vendas
1914 2778 2079 2816 praedictas,
2097 2777 2261 2806 dumtamen
2286 2786 2361 2808 certa

1299 2818 1433 2848 Pecuniae
1447 2818 1571 2855 summa,
1589 2817 1743 2849 secundum
1760 2817 2003 2847 Consuetudinem
2025 2816 2144 2854 partium
2165 2815 2288 2852 illarum,
2307 2826 2361 2853 pro

1300 2856 1408 2924 Vendiis
1422 2857 1489 2894 illis,
1509 2857 1591 2898 nobis
1605 2856 1809 2887 tantummodo
1821 2855 1971 2892 debeatur3
1991 2856 2117 2887 volentes
2131 2853 2210 2892 quod
2226 2853 2292 2884 inde
2311 2864 2361 2894 pe-

1300 2903 1375 2925 nitus
1401 2904 1422 2925 it
1436 2904 1535 2932 quieta.

1336 2932 1375 2963 Et
1397 2933 1464 2963 ideo
1486 2934 1568 2963 vobis
1589 2933 1755 2971 injungimus
1777 2932 1810 2963 &
1834 2930 2013 2969 mandamus,
2034 2930 2113 2968 quod
2137 2929 2308 2968 Senescallo,
2327 2930 2360 2961 δε

1299 2971 1356 3001 aliis
1371 2970 1510 3001 Ministris
1524 2971 1622 3002 vestris
1636 2968 1766 3001 Ducatfis
1783 2971 1924 3009 praedisti,
1943 2970 2012 3000 detis
2029 2970 2140 2999 ulterius
2158 2970 2188 2998 in
2211 2968 2361 3010 mandatis,

1299 3008 1380 3047 quod
1394 3009 1534 3046 praefatam
1551 3009 1662 3040 Matam
1673 3032 1682 3047 ,
1700 3009 1736 3039 de
1750 3009 1855 3039 Vendis
1870 3006 2024 3047 praediffis,
2043 3007 2188 3044 videlicet,
2208 3006 2360 3051 deyiceii-

1300 3047 1349 3078 ma
1371 3057 1446 3085 parte
1469 3049 1550 3085 pretii
1571 3048 1695 3085 ipsorum
1715 3047 1900 3086 Castrorum,
1919 3057 1984 3086 quie
2004 3047 2103 3083 nobis,
2120 3044 2259 3085 praemissa
2273 3054 2359 3074 occa-

1299 3086 1393 3123 sione,
1413 3094 1442 3116 ut
1456 3086 1622 3122 praedietum
1638 3085 1696 3123 est,
1714 3086 1885 3124 debebatur,
1904 3086 2015 3123 penitus
2029 3085 2187 3123 acquietent
2207 3082 2359 3112 secundum

1299 3124 1422 3155 formam
1439 3123 1657 3155 Coinniiffionis
1671 3124 1775 3154 nostrae
1792 3124 1962 3162 supradict-te.

1336 3162 1485 3193 Nolumus
1507 3172 1600 3193 tamen
1625 3163 1704 3200 quud
1720 3186 1730 3201 ‚
1756 3173 1805 3200 per
1826 3164 1903 3200 hoc,
1930 3162 2099 3199 quicquam,
2126 3157 2201 3196 quod
2225 3158 2251 3187 in
2276 3158 2359 3188 vestri

1300 3202 1513 3269 lpraejudicium,
1530 3201 1575 3232 seu
1590 3201 1828 3232 Exliaeredationis
1843 3201 1998 3239 periculum
2011 3197 2111 3228 cedere
2132 3197 2233 3234 poterit
2256 3196 2360 3235 aliqua-

1311 3249 1378 3277 iter,
1398 3249 1483 3271 attem
1505 3248 1586 3270 tetur.

1335 3278 1403 3309 Dat.
1419 3288 1472 3316 aPu
1506 3278 1618 3317 Shetie,
1637 3278 1752 3310 decimo
1768 3279 1844 3309 sexto
1857 3277 1901 3307 die
1917 3274 2065 3306 Ofiobris.

1351 3425 1410 3460 Ad
1424 3423 1618 3468 Cardinales,
1641 3424 1732 3469 fhper
1746 3421 1966 3467 Diſjienfiitione
1980 3430 2034 3465 pro
2052 3419 2265 3451 Arlatrimoniis
2280 3419 2311 3447 in

1639 3473 1789 3518 Hispania
1804 3467 2018 3502 contrahendo.

1300 3559 1504 3622 VEnerabili
1521 3560 1548 3588 in
1563 3557 1679 3589 Christo
1694 3556 1785 3593 Patri,
1805 3554 1937 3585 Domino
1951 3552 1991 3582 G.
2012 3549 2070 3580 Dei
2092 3548 2193 3586 gratia,
2214 3544 2357 3586 Episcopo
2379 3553 2453 3585 Αῃῃ,
2464 3556 2504 3586 D,

1383 3597 1553 3638 Sabynensi,
1572 3596 1679 3626 Amico
1702 3595 1750 3624 suo
1770 3593 1927 3629 carissimo,
1946 3588 2116 3625 Edwardus,
2133 3588 2194 3618 &c.
2213 3587 2335 3617 Salutem
2348 3608 2358 3625 ‚
2375 3603 2485 3659 A1325·

1336 3674 1477 3713 Frequens
1491 3674 1524 3704 ὅ(
1540 3672 1640 3702 assidua
1655 3671 1755 3701 vestrae
1768 3667 1938 3708 gratitudinis
1954 3663 2156 3700 habundantia,
2175 3663 2202 3691 in
2217 3664 2289 3693 votis
2303 3673 2356 3693 no·
2377 3644 2416 3697 E.)
2426 3644 2481 3698 2¹,9'

1297 3712 1357 3743 stris
1380 3712 1562 3744 effectualiter
1584 3710 1718 3748 exposita,
1740 3708 1774 3738 ad
1795 3716 1846 3739 vos
1868 3704 1956 3734 fidum
1979 3713 2032 3733 nos
2052 3702 2117 3732 facit
2139 3701 2239 3731 habete
2253 3711 2358 3741 regres-
2374 3713 2444 3736 Rom.
2464 3720 2508 3743 ¹9·

1295 3752 1376 3788 sum,

2372 3752 2401 3774 E.
2413 3757 2437 3776 2.
2453 3759 2492 3777 77¹.

1332 3788 1403 3820 Inde
1419 3788 1458 3819 est
1471 3787 1570 3826 quod,
1777 3821 1781 3827 Ι
1824 3820 1829 3827 .
2018 3816 2023 3822 .
2373 3794 2400 3819 5,

1334 3826 1416 3857 Cum
1430 3829 1519 3862 inter,
1538 3822 1719 3862 magnificum
1735 3820 1915 3858 Principem,
1931 3816 2094 3848 Dominum
2112 3813 2277 3854 Alfonsum,
2292 3815 2355 3846 Re-

1297 3873 1365 3902 gem
1381 3865 1494 3903 Ispaniae
1508 3861 1658 3896 illustrem,
1674 3862 1707 3891 δε
1723 3859 1904 3895 Alianoram‚
1923 3856 2021 3886 Filiam
2035 3854 2158 3898 nostram
2172 3854 2355 3898 carissimam,

1296 3911 1328 3933 ac
1354 3904 1425 3933 inter
1447 3900 1620 3932 Edwardum
1641 3897 1757 3929 Ducem
1778 3895 1934 3935 Aquitaniae
1950 3919 1959 3932 ,
1984 3894 2017 3924 &
2037 3892 2187 3936 Comitem
2209 3891 2329 3936 Cestrie
2345 3916 2356 3930 ‚

1295 3941 1432 3979 Pontivi,
1450 3941 1482 3970 &
1498 3938 1608 3969 Montis
1622 3936 1732 3971 Strolli,
1751 3936 1853 3966 Filium
1868 3933 1997 3963 nostrum
2017 3931 2208 3975 cariffi-mum,
2224 3933 2257 3961 ὃς
2279 3931 2356 3974 Alia-

1295 3989 1395 4010 noram
1405 4002 1414 4016 ,
1433 3978 1567 4008 Sororem
1583 3974 1708 4014 praediffl
1723 3974 1810 4013 Regis
1844 3974 1923 4009 super
1940 3970 2132 4000 Matrimoniis
2146 3969 2356 4005 contrahendis,

1295 4018 1420 4050 Nunciis
1433 4015 1698 4052 intervenientibus,
1718 4013 1749 4043 sit
1762 3997 1908 4042 traciarum
1917 4033 1926 4046 ,

1332 4056 1377 4087 Ac
1391 4055 1508 4092 ipsarum
1523 4053 1702 4092 personarum
1715 4050 1932 4119 condt'niCtiones
1941 4057 2009 4086 ,pro
2025 4056 2061 4077 eo
2075 4045 2154 4084 quod
2169 4045 2354 4113 eaedemsgleli}
