2562 4279
824 214 932 254 ET
1020 214 1282 255 ACTA
1366 213 1843 257 PUBLICA.

2355 233 2429 270 191

123 301 199 333 Ann.
214 300 256 332 D.
312 302 351 334 Et
365 313 412 341 ea,
431 312 495 341 quae
509 302 546 333 sic
559 300 692 332 Traetata
706 300 740 332 δε
754 299 939 331 Concordata
953 298 1076 338 fuerint,
1095 308 1275 338 quacumque
1284 299 1335 330 Se·
1377 299 1400 330 F
1402 299 1516 330 idelibus
1532 301 1648 339 nostris,
1666 302 1694 332 in
1711 302 1832 340 partibus
1839 301 2058 341 Transmarinis,
2072 312 2124 340 pro
2138 301 2325 340 Expeditione
2333 302 2427 335 Guer-
2446 300 2519 332 Ann.
2537 300 2562 332 E

144 350 229 379 1345-

126 383 196 407 Eic'z.
211 390 236 417 3.

118 1017 135 1036 ⁸
146 1018 250 1055 V.489.

115 1137 193 1169 Ann.
207 1137 250 1170 D.

137 1178 223 1217 1346.

115 1220 167 1244 Asi.
187 1227 230 1251 19.

112 1275 248 1328 Rana-19.

113 1335 145 1358 E.
167 1341 190 1368 3.
209 1341 245 1360 m.

113 2344 188 2377 Ann.
200 2343 240 2375 D.

132 2385 219 2424 1346·

112 2427 167 2452 An.
185 2432 226 2458 19.

109 2465 141 2491 13.
164 2471 189 2498 3.

108 2499 247 2536 claus.19.

111 2541 140 2565 Ε.
153 2545 209 2574 3.p.
221 2548 246 2565 2.

111 2585 148 2604 m.
163 2577 226 2611 4.d.

113 3451 181 3482 Ann
204 3450 243 3481 D.

142 3491 226 3529 1346.

111 3533 164 3557 An.
185 3539 226 3563 19.

112 3609 197 3632 Franc.
204 3613 244 3638 19-

110 3647 245 3680 13.3.p.2.

113 3691 150 3709 m.
169 3682 225 3709 nd.

111 3813 129 3830 ¹·
140 3816 232 3848 V.490

276 344 392 373 curitate
406 341 592 378 firmandum,

313 381 351 411 Et
372 380 441 410 Nos
454 403 463 417 ‚
489 380 523 411 &
537 377 675 410 Haeredes
689 376 819 414 nostros,
835 376 870 407 ad
884 386 983 408 eorum
998 375 1246 415 observationem,
1264 386 1334 415 qua-

276 427 357 450 tenus
371 418 405 449 ad
420 418 488 448 Nos
502 419 615 455 attinet,
633 415 841 452 Obligandum.

313 457 350 488 Et
374 456 559 489 Securitatem
573 480 583 494 ,
610 465 675 493 quae
689 454 772 486 nobis
786 453 844 484 fieri
858 452 959 484 debeat
973 453 1003 482 in
1014 451 1068 483 hac
1081 460 1174 491 parte,
1192 452 1334 491 Stipulan-

275 495 345 526 dum
360 496 393 527 &
407 495 619 533 recipiendum,

315 533 354 564 Et
374 535 470 564 omnia
490 534 541 564 alia
560 533 593 564 &
614 530 717 571 singula
739 529 899 561 faciendum
914 539 979 566 quae
992 529 1021 572 in
1034 529 1195 567 praemiffis,
1211 530 1244 561 &
1257 530 1333 560 circa

275 582 325 640 Fa,
344 572 492 602 necessaria
513 571 559 603 vel
579 579 720 609 oportuna
738 569 842 600 fuerint
856 592 866 606 ,
891 569 975 598 etiam
997 570 1017 597 li
1039 567 1210 599 Mandatum
1223 569 1332 607 exigant

306 611 404 640 eciale·

285 620 304 648 p
313 634 514 679 Protn’ittentes
528 648 614 686 Nos,
632 657 685 685 pro
698 645 794 677 Nobis
807 645 841 676 ὃς
857 644 1026 675 Haeredibus
1039 644 1156 682 nostris,
1175 645 1283 675 Rarum
1296 645 1330 675 ὃς

277 684 400 717 Gratum
422 687 565 717 habituros
586 684 721 724 quicquid
741 693 790 721 per
804 682 914 721 dhstos,
933 683 1152 721 Marchionem,
1169 682 1329 722 ottonem,

275 723 430 762 Rogerum
446 749 456 763 ,
477 724 640 763 Johannem
654 746 665 761 ,
686 721 877 753 Willielmum
920 721 1124 758 Wolfardum,
1141 722 1174 752 ὃς
1189 721 1330 760 Ivonem,

274 762 347 801 Sex,
367 763 522 801 Quinque,
540 763 690 800 Qatuor,
708 760 797 797 Tres,
815 760 861 790 vel
876 744 960 790 ssuos
975 769 1076 802 eorum
1091 759 1200 790 Actum
1213 760 1259 791 vel
1267 759 1330 790 Ge-

274 800 350 870 stuIm
364 801 445 832 fuerit
461 799 667 870 igcpraemiffis,
684 799 718 829 ὃ(
732 798 862 837 quolibet
875 798 1094 836 praemi'ssorurn.

325 850 344 869 n
358 850 393 870 cu
405 850 434 870 us
504 850 530 870 c.

342 850 412 909 Dai.
433 862 506 916 {pud
520 874 703 914 Wodestok,
718 875 855 907 vicesimo
868 874 988 913 septimo
1002 873 1048 906 die
1062 873 1241 905 Decembris.
1314 893 1320 907 .

300 1000 329 1028 ἦ
352 1001 412 1036 Ad
433 1003 515 1048 Papae
539 1004 661 1035 Literas
680 1001 988 1083 fhgerdDiffiilutione
1017 1003 1136 1047 Treugae
1153 1027 1163 1043 ‚
1197 1002 1234 1038 (θ’
1260 1000 1297 1034 de

740 1062 771 1082 ΥΕ
793 1060 883 1084 enfla-

327 1133 385 1165 ΑΡ
396 1133 437 1164 AE
465 1133 531 1166 Rex
566 1136 628 1167 &c.

353 1173 519 1203 Praeceiiens
535 1158 663 1212 sapientia
676 1174 710 1205 δε
725 1170 932 1212 praeiminentia
945 1172 1099 1212 Dignitatis
1114 1194 1124 1210 ‚
1143 1171 1244 1209 quibus
1257 1171 1327 1202 san-

268 1212 394 1243 ctitatem
417 1211 540 1242 vestram
562 1212 717 1243 Altisfimus
738 1211 895 1251 insignivit,
914 1211 1025 1241 firmam
1041 1211 1121 1241 nobis
1133 1209 1266 1240 fiduciam
1282 1220 1328 1240 re-

267 1252 447 1288 promittunt·
460 1251 540 1288 quod
559 1261 590 1280 ea
603 1274 612 1289 ‚
638 1261 702 1289 quae
718 1250 816 1281 vestrae
830 1248 1001 1280 Clementiae
1015 1248 1211 1279 rationabiliter
1226 1247 1328 1287 signifi-

267 1299 333 1358 carCe
343 1289 522 1335 duxerimuS,
542 1289 631 1319 vestra
644 1289 751 1320 curabit
766 1288 923 1328 Benignitas
934 1287 1114 1318 amicabiliter
1127 1295 1281 1325 acceptare.

336 1339 386 1358 uni
403 1337 437 1358 ita
460 1338 495 1357 ue

265 1405 284 1435 s
304 1365 411 1396 Habita
425 1338 485 1397 ῑέιη
499 1350 581 1404 super
595 1365 755 1396 Sanetitatis
770 1364 870 1398 vestrae
885 1363 1017 1403 Litteris,
1039 1363 1149 1402 pridem
1164 1362 1246 1393 nobis
1262 1364 1329 1394 mis-

277 1415 299 1435 is
525 1426 529 1427 γ

302 1429 358 1473 Per
370 1453 454 1482 quas,
473 1441 634 1473 excusando
647 1441 777 1473 nostrum
795 1440 1011 1480 Adversarium‚
1028 1440 1058 1470 in
1072 1450 1124 1470 nos
1137 1440 1250 1478 culpam
1258 1440 1327 1470 Dis*-

264 1481 409 1512 solutionis
427 1482 604 1521 Treugarum
626 1481 724 1511 eadem
746 1480 883 1510 Sanetitas
903 1480 999 1510 nititur
1018 1489 1199 1517 retorquere,
1215 1479 1251 1509 de
1266 1489 1325 1517 quo

267 1530 329 1550 non
344 1520 413 1550 levis
429 1521 512 1551 nobis
526 1521 660 1558 ingeritur
674 1518 829 1549 admirandi
844 1519 976 1556 materia,

302 1559 402 1597 Qam
423 1558 504 1596 super
520 1558 576 1588 aliis
595 1558 689 1588 litteris
709 1557 806 1587 vestris
819 1581 829 1594 ,
852 1557 935 1587 nobis
948 1579 958 1593 ‚
982 1566 1031 1594 per
1045 1579 1054 1593 ,
1070 1555 1257 1596 reverendum
1272 1555 1326 1586 Pa-

261 1604 352 1636 trem,
369 1596 535 1628 Dominum
552 1596 805 1634 Archiepiscopum
822 1595 1020 1625 Ravennatem
1034 1593 1215 1632 praesentatis,¹

298 1635 336 1665 Et
355 1635 480 1673 exposit&
496 1636 579 1666 nobis
600 1645 650 1673 per
671 1644 737 1665 eum
756 1633 907 1664 commissa
923 1633 972 1663 ribi
986 1643 1035 1670 per
1052 1632 1172 1662 eandem
1188 1632 1325 1663 Sancitita-

260 1681 320 1704 teni
335 1672 506 1711 Credentiii,

259 1749 278 1780 Γ
299 1710 378 1757 Cum
391 1711 574 1752 Magnatibus
587 1712 621 1743 δι’
635 1710 735 1742 Peritis
746 1709 782 1741 de
796 1709 935 1740 Concilio
948 1708 1047 1740 nostro
1061 1708 1263 1739 deliberatione
1281 1708 1324 1739 di-

300 1759 357 1781 enti

272 1759 447 1819 [gDileistum
465 1788 614 1819 Clericum
626 1788 759 1825 *nostrum
776 1810 785 1825 ‚
804 1785 979 1823 Magistrum
991 1785 1168 1815 Richardum
1183 1785 1321 1823 Vaghan,

261 1826 447 1857 Canonicum
471 1827 634 1857 Londoniae
650 1849 659 1864 ‚
677 1825 788 1865 Legum
802 1824 984 1862 Do&orem,
1004 1824 1082 1865 super
1099 1824 1244 1861 praemissis
1258 1835 1323 1854 oni-

260 1866 343 1895 nibus
357 1888 366 1903 ,
393 1876 426 1896 ac
447 1865 504 1895 aliis
518 1887 527 1902 ,
553 1866 586 1895 &
598 1864 726 1894 ordinat&
739 1863 902 1900 voluntate,
921 1872 1005 1901 quarn
1020 1863 1156 1892 habemus
1169 1862 1202 1891 ad
1219 1863 1323 1893 facien-

259 1904 331 1933 dum
349 1914 398 1941 per
413 1905 512 1934 omnia
535 1903 612 1941 quod
628 1903 738 1941 expedit
750 1903 784 1933 δε
799 1901 932 1940 decebit,
950 1901 1103 1939 specialiter
1117 1900 1303 1931 informatum
1313 1925 1322 1938 ,

259 1941 295 1971 ad
310 1941 464 1971 sanctitatis
479 1941 579 1971 vestrre
595 1943 769 1979 prcesentiam
783 1939 966 1977 praevidimus
977 1939 1244 1977 destinandumgcui
1260 1940 1321 1979 dig-

260 1987 341 2009 netur
364 1980 547 2017 (quaesumus)
571 1979 662 2009 vestra
684 1979 844 2014 Benignitas
857 1977 981 2008 auditum
996 1978 1122 2016 praebere
1135 1978 1322 2015 benivolum,

259 2018 294 2048 &
308 2017 388 2055 super
400 2017 544 2056 dicendis,
562 2017 661 2048 vestrae
676 2017 823 2048 Sanetitati
837 2016 946 2055 pleniiis
961 2015 1147 2054 explicandis,
1165 2015 1321 2047 Credulam

259 2055 327 2086 dare
342 2056 435 2086 fidem.

297 2093 471 2133 Conservet,
489 2096 551 2125 ὅτε.

336 2131 404 2163 Dat.
422 2133 496 2171 apud
510 2131 692 2171 Wodestok,
709 2131 815 2163 ottavo
829 2132 873 2163 die
885 2132 1015 2171 Januarii.

536 2258 630 2302 Super
648 2255 754 2290 Vadiis
772 2259 811 2290 E.
832 2260 920 2303 Regis
936 2259 1048 2290 Scotiie.

260 2339 346 2397 RE
355 2340 388 2372 X
412 2340 589 2372 Vicecomiti
603 2340 735 2371 Eborum
748 2340 882 2372 Salutem.

352 2379 433 2411 Cum
450 2391 502 2410 nos
515 2379 656 2418 quandam
671 2379 822 2411 Summam
837 2380 860 2410 F
862 2380 1027 2411 lorenorum
1037 2403 1046 2417 ,
1064 2379 1099 2410 de
1113 2378 1237 2410 Moneta
1252 2378 1321 2410 Auri

261 2417 350 2448 nostri
370 2419 417 2450 An
438 2418 498 2457 liae,
516 2417 619 2449 vocata
641 2417 666 2448 la
687 2417 789 2448 Noble
804 2443 814 2456 ,
837 2418 943 2449 diieero
964 2417 1185 2456 Conianguineo
1200 2420 1233 2448 δε
1247 2417 1322 2448 fideli

261 2457 361 2487 nostro
375 2481 385 2495 ,
437 2457 555 2488 dwardo
574 2456 611 2487 de
631 2455 750 2487 Balliolo
762 2481 772 2495 ,
789 2456 865 2496 Regi
879 2457 1006 2494 Scotiae,
1024 2467 1077 2494 pro
1092 2456 1185 2487 Vadiis
1199 2456 1266 2493 suis,
1286 2457 1319 2486 δε

262 2493 428 2526 Hominum
450 2499 564 2527 (uorum
581 2518 590 2533 ,
607 2494 705 2525 secum
722 2496 749 2524 in
764 2497 885 2533 partibus
897 2495 1075 2533 Borealibus,
1093 2504 1146 2533 pro
1158 2494 1321 2525 desensione

261 2535 380 2573 partium
393 2534 518 2573 illarum,
535 2542 634 2565 contra
647 2532 759 2564 hostiles
774 2533 932 2565 invasiones
944 2533 1116 2571 Scotorum,
1133 2532 1320 2563 [mimicorum

260 2571 294 2602 &
312 2571 474 2602 Rebellium
489 2572 670 2610 nostrorum,
689 2573 949 2611 commorantium,
965 2572 1084 2603 fecimus
1096 2571 1219 2609 liberari,

295 2607 368 2639 Tibi
381 2612 558 2649 praecipimus
572 2609 651 2649 quod
667 2611 697 2640 in
711 2610 797 2650 locis,
813 2611 843 2640 in
862 2609 966 2642 Balliva
978 2610 1042 2648 tufi,
1059 2611 1119 2640 tam
1133 2609 1202 2640 infra
1220 2609 1320 2639 Liber-

258 2654 343 2685 tates,
363 2649 450 2686 quam
463 2656 553 2686 extra,
571 2650 621 2678 ubi
635 2648 736 2679 videris
749 2650 894 2687 expedire,
913 2649 1027 2687 publice
1040 2648 1205 2689 proclamari
1219 2648 1318 2686 facias,

257 2686 339 2723 quod
354 2696 456 2717 omnes
468 2686 502 2716 &
518 2686 616 2723 singuli
631 2685 774 2717 Homines
786 2690 815 2718 in
828 2688 931 2719 eodem
947 2687 1098 2719 Comitatu
1111 2686 1204 2717 distos
1223 2686 1322 2717 Flore-

258 2734 327 2762 iios,
342 2725 420 2760 juxta
433 2725 555 2762 pretium
571 2724 637 2753 inde
651 2724 829 2764 ordinatum,
846 2736 879 2756 ac
893 2726 1132 2756 Proclamationes
1147 2724 1253 2755 nostras
1269 2734 1320 2755 an—

261 2770 290 2792 te
301 2763 363 2792 haec
379 2770 507 2800 tempora
527 2762 606 2799 super
625 2761 682 2791 hoc
703 2761 806 2799 saetas,
824 2766 852 2794 in
869 2764 991 2802 qualibet
1006 2764 1167 2801 solutione,
1187 2773 1237 2801 per
1250 2773 1322 2801 prae-

260 2800 349 2830 fatum
372 2800 484 2839 Regem
503 2800 537 2830 &
555 2800 618 2830 suos
637 2800 676 2829 eis
696 2799 824 2831 facienda
838 2826 848 2840 ,
872 2803 1006 2839 recipiant
1021 2803 1078 2833 sine
1093 2800 1259 2833 difficultate
1276 2801 1321 2833 vel

259 2838 487 2869 contradictione
498 2838 624 2876 aliquali:

300 2876 352 2914 Et,
372 2878 391 2907 fi
415 2887 504 2914 quos,
520 2876 584 2914 post
604 2875 861 2907 Proclamationem
878 2876 1057 2915 hujusmodi,
1076 2877 1214 2907 inveneris
1228 2877 1321 2908 dietos

261 2914 398 2946 Florenos
413 2917 538 2953 recipere
555 2914 725 2953 recusantes,
744 2923 813 2945 tunc
825 2926 873 2946 eos
888 2916 978 2953 capias
1010 2916 1043 2946 &
1059 2916 1086 2945 in
1096 2914 1212 2946 Prisonfi
1225 2915 1321 2946 nostrii

259 2953 337 2984 salvo
361 2953 496 2984 custodiri
519 2953 600 2983 facias
614 2975 624 2991 ‚
648 2953 793 2991 quousque
806 2953 880 2984 aliud
895 2954 962 2984 inde
974 2940 1134 2985 duxerimus
1146 2954 1320 2984 demandan-

260 2991 348 3029 dum,
368 3002 420 3022 nos
443 2992 479 3022 de
500 2992 662 3021 nominibus
685 2991 816 3029 illorum,
835 3002 906 3030 quos
922 3002 970 3029 per
984 3001 1012 3022 te
1023 2992 1061 3022 sic
1075 2993 1138 3030 capi
1153 2993 1319 3030 contigerit,

260 3030 288 3059 in
303 3029 478 3061 Cancellaria
491 3029 604 3068 nostra,
622 3029 671 3060 sub
685 3029 782 3069 Sigillo
795 3039 863 3068 tuo,
881 3030 1013 3061 distinete
1033 3031 1066 3061 &
1086 3031 1200 3069 aperte,
1218 3029 1322 3061 certifi-

259 3078 325 3098 cans
340 3069 463 3099 indilate.

298 3106 387 3137 Teste
400 3107 482 3146 Rege
498 3106 571 3145 apud
583 3106 705 3137 Turrim
719 3105 901 3145 Londoniae,
919 3117 1000 3138 nono
1015 3105 1060 3137 die
1068 3106 1200 3146 Januarii.

989 3185 1042 3213 Per
1058 3182 1209 3213 Concilium.

285 3319 335 3350 De
346 3317 483 3364 parando
502 3316 546 3350 ad
556 3316 797 3398 proficifiezdum
806 3329 887 3397 lcum
907 3319 982 3363 Rege
1006 3326 1108 3349 contra
1125 3314 1295 3362 Philippum

728 3379 741 3399 e
758 3369 803 3399 Va
817 3378 831 3398 e
840 3378 878 3399 ιο.

262 3451 388 3510 REX
412 3452 587 3483 vicecomiti
604 3450 735 3489 Kantiae‚
752 3450 886 3481 Salutem.

354 3489 434 3521 Cum
453 3489 681 3527 assignaverimus
697 3497 790 3519 certos
812 3488 920 3518 Fideles
942 3487 1070 3527 nostros,
1087 3489 1116 3518 in
1132 3487 1240 3526 singuiis
1254 3487 1316 3519 Co-

262 3529 403 3559 mitatibus
423 3529 518 3568 Regni
540 3528 629 3558 nostri
650 3527 785 3565 Angliae‚
808 3528 876 3557 citra
897 3525 1038 3556 Trentam
1078 3526 1112 3556 ad
1126 3528 1316 3563 praemunien-

260 3566 329 3597 dum
347 3567 379 3598 ὃς
395 3566 573 3597 excitandum
587 3576 686 3596 omnes
701 3565 844 3596 Homines
858 3563 892 3594 ad
902 3564 988 3594 Arma
999 3565 1030 3594 in
1068 3564 1228 3595 omitatibus
1243 3575 1314 3601 prae-

261 3605 361 3644 dietis,
379 3607 450 3636 inter
464 3604 576 3636 AEtates
597 3605 745 3634 Sexdecim
768 3604 802 3635 &
821 3603 969 3641 Sexaginta
983 3602 1151 3640 Annorum,
1170 3604 1250 3640 quod
1265 3603 1314 3640 ipsi

262 3654 362 3674 omnes
383 3645 416 3675 &
435 3643 554 3682 singuli,
577 3643 627 3673 sub
640 3641 816 3673 forisfaCtura
834 3641 967 3672 omnium
980 3649 1042 3678 quae
1059 3641 1142 3671 nobis
1155 3640 1315 3671 forisfacere

262 3691 394 3719 poterunt
408 3706 418 3720 ,
441 3692 509 3712 cum
525 3681 611 3719 Equis
624 3682 657 3712 &
672 3681 785 3718 Armis,
802 3679 836 3710 ad
846 3677 1080 3717 proficiscendum
1094 3679 1245 3710 nobiscum
1261 3689 1314 3717 pro

261 3720 436 3751 Defensione
449 3720 548 3757 Regni
561 3719 650 3750 nostri
663 3718 789 3758 Angiiae,
810 3718 838 3748 se
850 3725 991 3756 pararent,

299 3759 343 3790 Ac
363 3761 420 3798 jam
443 3758 657 3790 intellexerimus
678 3757 758 3795 quod
779 3756 921 3795 Philippus
935 3755 972 3786 de
986 3754 1115 3791 valesio,
1135 3754 1313 3787 Adversarius

260 3798 357 3828 noster
377 3797 414 3828 de
433 3795 551 3828 Francia
565 3819 574 3834 ‚
600 3796 762 3826 machinans
782 3795 816 3825 &
831 3795 977 3825 cominans
991 3804 1043 3824 nos
1057 3794 1090 3824 &
1106 3793 1125 3812 '¹‘
1140 3792 1252 3824 nostros
1264 3794 1314 3824 de-

260 3836 382 3874 struere,
399 3836 432 3866 &
446 3836 573 3872 linguam
588 3834 700 3872 delere,
717 3834 738 3864 si
758 3832 842 3873 poffit
854 3857 863 3870 ,
874 3832 993 3900 1penitus
1005 3831 1207 3870 Angficamm,
1225 3842 1315 3862 arma-

259 3883 318 3904 tam
341 3875 449 3913 colligit
470 3873 630 3904 Potentiam
651 3881 784 3910 quantam
805 3878 872 3911 pote
913 3893 922 3908 ‚
945 3870 979 3901 &
1001 3879 1138 3906 magnum
1158 3878 1315 3909 congregat

258 3912 437 3950 Navigium,
454 3913 489 3942 ad
504 3910 693 3942 invadendum
703 3910 840 3950 Regnum
853 3908 984 3939 nostrum
991 3907 1120 3946 Angliae,
1139 3908 1172 3939 &
1185 3908 1314 3940 nostrum

256 3949 419 3989 Navigium
432 3950 648 3988 destruendum,
1236 3952 1238 3954 '

295 3988 364 4018 Nos

295 4011 511 4059 Considerantes
533 4028 614 4066 quod
627 4051 637 4065 ,
656 4025 705 4056 nisi
719 4025 869 4056 cominatis
886 4025 970 4055 nobis
983 4034 1032 4061 per
1047 4033 1114 4055 eum
1129 4022 1270 4062 Dampnis
1280 4025 1314 4056 δε

257 4063 392 4095 Periculis
407 4066 486 4096 citius
500 4067 534 4097 &
546 4065 688 4104 potentius
702 4073 885 4095 occurramus
899 4087 909 4101 ,
927 4062 1006 4094 diCto
1019 4062 1126 4101 Regno
1139 4062 1237 4093 nostro
1253 4063 1314 4094 An-

257 4103 341 4142 gliae,
359 4112 475 4135 necnon
486 4103 615 4145 Navigio
627 4102 727 4137 nostro
739 4101 908 4142 Marium,
924 4111 958 4135 ac
975 4100 1198 4141 Consanguineis
1212 4102 1247 4135 ὃς
1258 4101 1315 4133 aliis

1378 348 1415 368 rae
1436 338 1541 369 nostrae
1556 340 1732 371 existentibus
1746 363 1756 378 ,
1775 340 1953 379 Alligatisque
1964 341 2065 372 nostris
2076 342 2184 371 illarum
2199 342 2336 381 partium,
2354 345 2427 380 peri-
2468 341 2552 379 1346.

1378 376 1440 406 cula
1453 377 1542 414 (quod
1555 377 1635 415 absit)
1650 379 1817 409 inevitabilia
1829 380 1862 410 ὅτ.
1877 380 2059 417 irreparabilia
2072 380 2248 418 iminebunt,
2447 380 2513 407 Edv.
2535 388 2562 415 3.

1388 454 1393 458 ι
1415 414 1464 445 De
1481 415 1611 446 Consilio
1627 417 1660 448 ὃς
1675 416 1856 447 Avisamento
1870 416 2055 457 Magnarum,
2071 418 2105 448 ὃς
2126 418 2244 447 aliorum
2265 418 2301 449 de
2316 417 2428 449 Conci-

1375 452 1414 483 lio
1432 453 1531 484 nostro
1545 478 1554 492 ,
1578 465 1632 492 pro
1650 454 1824 485 Defensione
1845 455 1877 485 &
1898 456 2054 487 Salvatione
2075 456 2223 487 iiecelsarifi
2244 456 2311 487 disti
2331 457 2429 494 Regni

1376 491 1466 521 nostri
1481 492 1612 531 Angliae‚
1630 494 1664 524 &
1681 503 1734 532 pro
1749 494 1884 524 evitandis
1905 495 2032 534 periculis
2053 495 2227 532 supradiftis,
2245 494 2428 526 Excercitum

1378 529 1507 560 nostrum
1531 531 1645 562 validius
1659 556 1668 570 ,
1694 541 1753 570 quo
1772 533 1927 569 poterimus
1942 557 1951 570 ,
1978 532 2050 570 apud
2068 532 2246 564 Portesmuth
2258 556 2269 571 ‚
2289 535 2317 563 in
2332 533 2429 564 medio

1377 567 1618 608 Qadragesimae‚
1636 571 1769 608 proximo
1784 570 1898 608 futuro,
1916 571 2105 601 ordinavimus
2119 572 2348 611 congregandum
2358 595 2367 610 ,

1415 608 1547 638 Volentes
1560 608 1639 646 quod
1651 618 1752 638 omnes
1765 610 1798 640 &
1814 608 1914 646 singuli
1927 609 2066 640 Homines
2079 610 2112 640 ad
2128 610 2214 640 Arma
2228 633 2236 647 ,
2255 620 2326 648 quos
2342 611 2379 641 sic
2393 609 2428 640 ad

1373 644 1607 688 proficiscendum
1628 646 1776 677 nobiscum
1797 647 1992 677 mandavimus
2005 648 2186 686 praemuniri,
2204 649 2232 677 in
2247 648 2341 679 forma
2355 659 2427 687 prae-

1373 683 1466 722 dieis„
1484 684 1709 723 quibuscumque
1729 684 1860 716 confiffis
1882 686 1927 716 seu
1942 684 2103 717 voluntariis
2119 685 2353 718 Excusationibus
2365 697 2428 718 ces·-

1372 721 1510 761 santibus,
1528 731 1597 753 tunc
1610 723 1663 753 fint
1677 723 1730 761 ibi,

1407 759 1446 790 Et
1470 760 1536 791 ideo
1560 762 1610 792 tibi
1625 762 1805 799 praecipimus
1818 784 1828 800 ‚
1845 760 1961 792 firmiter
1974 763 2166 801 injungentes,
2184 762 2264 801 quod
2278 772 2326 801 per
2337 770 2426 794 totam

1372 796 1507 830 Ballivam
1521 808 1617 838 tuam,
1635 801 1664 830 in
1678 800 1787 839 singulis
1800 800 1868 830 locis
1881 801 1929 830 ubi
1941 801 2070 838 expedire
2084 801 2201 839 videris,
2219 802 2276 831 tarn
2291 802 2360 831 infra
2376 802 2426 832 Li-

1371 836 1490 868 bertates
1525 838 1610 876 quarn
1626 846 1718 875 extra,
1736 838 1851 876 publice
1865 839 2032 877 proclamari
2049 840 2147 877 facias,

1407 862 1507 918 *Qiod
1527 886 1628 907 omnes
1648 877 1681 907 ὃς
1702 876 1802 915 singuli
1815 876 1959 907 Homines
1979 877 2013 908 ad
2030 877 2134 915 Arma,
2151 877 2312 908 Comitatus
2326 878 2427 915 praedi-

1372 911 1438 958 (sti,
1448 916 1519 946 inter
1538 914 1650 945 AEtates
1668 914 1814 953 praedietas
1826 939 1836 953 ‚
1863 914 1996 945 Potentes
2009 915 2044 946 ad
2058 915 2259 953 laborandum,
2277 916 2426 955 videlicet,

1370 952 1490 995 quilibet
1510 962 1611 983 eorum
1630 954 1706 991 juxta
1724 953 1833 984 Statum
1855 953 1889 984 &
1912 953 2065 984 Facultates
2087 954 2143 983 suas
2157 978 2167 991 ,
2184 954 2234 983 sub
2248 954 2425 985 forisfactum

1370 987 1463 1029 Vitae,
1481 991 1515 1022 &
1537 990 1740 1022 Membrorum
1756 1014 1766 1029 ‚
1790 1002 1823 1023 ac
1844 991 1999 1022 Terrarum
2013 1015 2023 1029 ,
2043 992 2307 1029 Tenementorutn,
2327 992 2424 1023 Bono-

1370 1037 1453 1071 rum,
1470 1030 1504 1060 &
1523 1027 1701 1060 Catallorurn
1711 1031 1844 1067 suorum,
1863 1030 1896 1060 &
1908 1031 2043 1060 omnium
2063 1030 2183 1061 aliorum
2205 1040 2269 1068 quse
2283 1031 2365 1061 nobis
2378 1032 2424 1062 fo-

1370 1066 1500 1098 nsfacere
1514 1076 1666 1106 poterunt,
1684 1067 1779 1099 Armis
1790 1078 1859 1099 com
1882 1068 2019 1099 etentibus
2032 1070 2210 1106 muniantur,

1406 1104 1446 1149 Et
1457 1107 1560 1145 etiam,
1575 1106 1656 1144 quod
1676 1116 1778 1137 omnes
1797 1107 1841 1136 alii
1887 1108 2015 1146 omines,
2033 1108 2062 1137 in
2078 1106 2263 1138 Facultatibus
2277 1106 2428 1144 Potentes,

1370 1152 1419 1187 qui
1434 1152 1506 1175 inter
1519 1145 1588 1175 citra
1601 1144 1646 1175 vel
1659 1144 1730 1175 ultra
1743 1144 1854 1176 AEtatoe
1866 1145 2012 1183 praedictas
2027 1145 2146 1183 fuerint,
2165 1147 2198 1177 &
2212 1154 2327 1182 propter
2343 1145 2427 1176 Inva-

1370 1180 1517 1213 litudinem
1531 1206 1542 1222 ,
1569 1183 1614 1215 vel
1636 1182 1823 1215 Debilitatem
1835 1208 1845 1221 ‚
1871 1192 1919 1214 aut
1937 1183 2157 1222 Impotentiam,
2175 1183 2220 1214 seu
2232 1183 2425 1214 Teneritatem

1370 1218 1537 1264 Corporum
1557 1221 1672 1253 suorum
1691 1221 1867 1260 personaliter
1888 1221 2016 1253 laborare
2038 1232 2098 1252 non
2111 1231 2261 1260 poterunt,
2278 1222 2426 1260 videlicet,

1370 1259 1488 1296 quilibet
1509 1270 1609 1291 eorum
1623 1261 1700 1299 juxta
1719 1260 1831 1291 Statum
1849 1261 1883 1291 &
1899 1259 2051 1291 Facultates
2065 1261 2139 1298 suas,
2156 1261 2241 1298 alios,
2259 1261 2426 1298 corporibus

1370 1296 1537 1330 sufficientes
1551 1299 1585 1330 &
1597 1307 1724 1336 potentes
1733 1323 1743 1337 ,
1760 1300 1794 1330 ὅ(
1807 1298 1844 1329 de
1856 1299 1905 1330 suo
1922 1300 2038 1336 proprio
2052 1321 2063 1338 ,
2086 1299 2163 1329 unde
2178 1299 2203 1329 se
2223 1308 2329 1328 armare
2342 1308 2425 1336 pote-

1371 1344 1436 1366 runt
1449 1346 1542 1380 ‚·non
1564 1338 1717 1374 habentes,
1743 1337 1812 1368 loco
1834 1337 1875 1368 sui
1893 1338 2038 1368 inveniant
2050 1361 2060 1376 ,
2086 1338 2120 1368 &
2137 1338 2167 1367 in
2181 1337 2276 1368 forma
2287 1336 2426 1375 paaedid‘ta

1371 1377 1475 1405 muniri
1491 1375 1610 1414 faciant,
1627 1376 1677 1407 sub
1692 1375 1786 1407 Poena
1801 1375 1974 1414 supradffitfi,

1372 1450 1377 1456 ·
1408 1411 1449 1443 Ita
1464 1415 1543 1452 quod
1559 1415 1607 1452 ipsi
1644 1414 1681 1445 sic
1695 1416 1814 1452 muniti,
1833 1414 1885 1445 fint
1897 1415 1971 1452 apud
1986 1413 2166 1444 Portesmuth
2181 1413 2239 1443 Die
2254 1412 2423 1451 Domfflicfi,

1369 1460 1399 1479 in
1414 1450 1520 1482 Medio
1534 1452 1601 1491 Qua
1622 1453 1778 1491 ragesimae,
1796 1453 1929 1490 proximo
1945 1452 2057 1490 futuro,
2074 1451 2108 1482 ad
2130 1451 2278 1488 ultimum,
2298 1454 2424 1489 prompti

1369 1489 1402 1519 &
1422 1491 1507 1527 parati
1520 1513 1530 1528 ‚
1556 1501 1623 1522 curn
1645 1490 1730 1529 Equis
1752 1493 1786 1522 &
1808 1491 1905 1521 Armis
1921 1515 1930 1529 ,
1949 1498 2055 1529 quanto
2075 1490 2218 1528 potentius
2238 1498 2371 1526 poterunt
2389 1490 2424 1520 ad

1368 1528 1600 1595 terkansfretandum
1621 1529 1772 1561 nobiscum
1784 1552 1795 1568 ,
1825 1529 1860 1560 ad
1885 1528 1974 1560 Vadia
1998 1527 2117 1567 nostra,
2140 1536 2175 1558 ex
2196 1527 2283 1558 causis
2305 1527 2423 1566 supradi-

1400 1576 1437 1604 1s3

1404 1604 1483 1635 Scire
1497 1605 1600 1636 faciens
1613 1607 1746 1637 omnibus
1759 1607 1793 1637 &
1806 1606 1935 1644 singulis,
1951 1604 2031 1644 quod
2053 1614 2114 1636 non
2135 1604 2176 1635 est
2198 1604 2367 1635 Intentionis
2377 1604 2423 1634 seu

1368 1641 1525 1674 Voluntatis
1547 1645 1649 1675 nostrae
1669 1644 1749 1683 quod
1771 1644 1816 1683 id,
1834 1644 1913 1682 quod
1934 1644 1963 1674 in
1977 1643 2054 1674 tanta
2068 1643 2228 1674 necessitate
2236 1644 2295 1681 jam
2310 1643 2347 1673 fic
2363 1642 2423 1673 fieri

1367 1683 1569 1721 praecepimus,
1588 1683 1708 1714 trahatur
1729 1685 1758 1712 in
1778 1682 1950 1721 Exemplum
1968 1682 2014 1714 vel
2036 1681 2276 1720 Consequentiam
2294 1682 2325 1711 in
2348 1681 2425 1712 futu—

1366 1728 1447 1758 rum,

1405 1758 1442 1788 Et
1457 1758 1492 1788 de
1506 1769 1560 1797 eo,
1578 1758 1657 1797 quod
1674 1758 1740 1789 inde
1755 1758 1869 1796 feceris,
1887 1758 1957 1789 Nos
1973 1760 2000 1788 in
2016 1758 2190 1788 Cancellaria
2202 1757 2300 1788 nostra
2315 1757 2423 1795 reddas,

1365 1795 1415 1825 sub
1436 1796 1533 1836 Sigillo
1556 1807 1624 1834 tuo,
1642 1799 1709 1828 citra
1731 1799 1852 1835 primam
1865 1796 1956 1827 Diem
1968 1796 2160 1827 Dominicani
2176 1796 2422 1835 Qadragesimae,

1365 1836 1501 1871 proximo
1515 1836 1636 1866 futuram
1645 1858 1654 1873 ,
1672 1835 1803 1866 distinete
1816 1837 1849 1866 ὅ(
1862 1837 1956 1872 aperte
1970 1836 2119 1865 certiores:

1404 1871 1441 1903 Et
1458 1873 1532 1912 hoc,
1550 1874 1598 1904 sub
1612 1874 1799 1904 Forisfae’turfi
1814 1874 1968 1911 praedieta,
1986 1873 2139 1904 nullatenus
2152 1873 2273 1903 omittas.

1439 1911 1527 1942 Teste
1542 1911 1628 1950 Rege
1641 1912 1714 1951 apud
1731 1911 1884 1952 Leycestr,
1902 1911 2038 1943 vicelimo
2055 1911 2100 1942 die
2112 1910 2243 1950 Januarii.

2039 1989 2092 2017 Per
2107 1984 2192 2026 ipſstm
2206 1989 2310 2024 Regem.

1404 2062 1569 2095 Confimilia
1590 2064 1686 2096 Brevia
1704 2065 1858 2105 diriguntur
1879 2064 1990 2105 singulis
2005 2062 2231 2096 vicecomitibus
2245 2063 2312 2093 citra
2325 2061 2425 2092 Tren=

1366 2109 1425 2132 tam
1441 2103 1491 2134 sub
1507 2103 1605 2134 eadem
1620 2104 1693 2135 dati.

1363 2236 1422 2269 Ad
1435 2240 1548 2283 Papam
1561 2265 1570 2280 ‚
1586 2239 1677 2284 sitpcr
1695 2236 1890 2270 Proventibns
1917 2235 2128 2281 Beneficiorum
2148 2237 2399 2281 Alienigenarum
2409 2260 2421 2277 ,

1552 2291 1584 2319 in
1600 2289 1739 2320 Manum
1761 2289 1846 2333 Regis
1876 2289 1987 2331 captis,
2013 2287 2101 2317 Excu
2116 2287 2226 2317 atoria.

1422 2368 1529 2401 APAE
1549 2371 1634 2408 Rex,
1652 2372 1712 2403 &c.
2440 2369 2516 2400 Arin.
2532 2369 2562 2400 D

1450 2409 1522 2448 Ne,
1543 2419 1591 2448 per
1608 2410 1769 2440 Relationes
1784 2408 1945 2446 malivolas,
1963 2417 2010 2439 aut
2022 2406 2200 2438 Inmiss'iones
2215 2407 2315 2445 malas,
2329 2406 2423 2439 vester
2463 2410 2547 2447 1346.

1364 2456 1462 2478 contra
1476 2459 1529 2478 nos
1541 2448 1710 2485 exasperetur
1727 2448 1846 2478 Animus
1856 2472 1864 2485 ,
1875 2448 1918 2478 vel
1936 2445 2125 2477 Conscientiae
2138 2446 2237 2476 vestrae
2253 2448 2353 2483 puritas
2362 2446 2424 2475 illu·
2440 2451 2492 2475 An.
2511 2458 2555 2476 20.

1361 2484 1455 2523 datur,
1473 2487 1638 2525 subscripta,
1656 2487 1706 2516 sub
1720 2487 1812 2517 verbis
1826 2485 2073 2523 veritatis,vestrae
2087 2484 2268 2522 praevidimus
2276 2484 2424 2515 Beatitudi-
2444 2491 2471 2512 E.
2489 2495 2514 2522 3.

1365 2526 1394 2555 ni
1408 2524 1618 2556 transcribenda.
2440 2528 2510 2552 Rom.
2530 2535 2562 2551 ω

1401 2564 1520 2595 Publice
1536 2565 1650 2601 quidem
1665 2563 1748 2593 scitur
1762 2562 1857 2600 quod,
1875 2571 1890 2591 a
1903 2569 2034 2599 tempore
2049 2560 2165 2598 suscepti
2187 2571 2236 2598 per
2256 2570 2309 2592 nos
2330 2560 2421 2599 Regi·
2441 2567 2471 2590 Ε.
2489 2572 2514 2599 3.
2534 2575 2559 2591 m

1365 2603 1447 2632 minis
1462 2625 1472 2640 ‚
1497 2602 1633 2641 Regnum
1654 2600 1780 2631 nostrum
1801 2600 1917 2637 Anglice
1938 2600 2079 2630 continuis
2102 2600 2154 2629 suit
2167 2622 2177 2637 ³
2194 2602 2227 2630 &
2248 2599 2339 2629 adhuc
2362 2600 2420 2638 est,
2443 2611 2467 2629 2.

1366 2640 1541 2671 Guerrarum
1557 2639 1750 2670 incommodis
1762 2638 1934 2676 lacessitum,
1952 2647 2000 2676 per
2016 2638 2093 2676 quod
2107 2637 2238 2667 nostrum
2255 2637 2419 2676 AErar1um,

1365 2680 1520 2716 nimirum,
1539 2678 1693 2717 plurimum
1708 2676 1749 2706 est
1762 2676 1936 2707 exhaustum.

1403 2717 1457 2756 Et,
1475 2719 1544 2747 cum
1561 2717 1615 2755 sic,
1633 2726 1685 2754 pro
1700 2715 1875 2745 Defensione
1889 2715 1958 2744 dieti
1979 2714 2090 2753 Regni,
2108 2712 2263 2744 necessario
2285 2714 2422 2752 importa-

1366 2756 1466 2786 bilibus
1483 2756 1651 2786 subicianiur
1672 2755 1804 2784 oneribus
1826 2753 2034 2791 Expenfiarum,
2050 2752 2137 2789 Nos,
2155 2752 2363 2783 considerantes
2377 2754 2423 2790 ju-

1366 2794 1439 2824 stum
1455 2793 1511 2824 ess'e
1526 2795 1559 2825 ὃ(
1574 2793 1792 2824 consentaneum
1809 2791 1926 2821 Rationi
1941 2790 2020 2829 quod
2035 2791 2063 2820 in
2079 2799 2209 2828 tempore
2224 2790 2257 2820 N
2260 2790 2423 2829 eceffitatis,

1367 2843 1432 2870 quae
1447 2833 1519 2868 Legi
1533 2842 1591 2861 non
1606 2832 1752 2867 subicitur,
1773 2830 1850 2860 Bona
1864 2829 1933 2859 dicii
1955 2829 2075 2865 Regni,
2091 2838 2340 2867 quorumcumque
2360 2829 2422 2860 fue-

1366 2872 1436 2908 rint,
1457 2881 1509 2908 pro
1526 2870 1607 2908 ipsius
1623 2869 1795 2899 Defensione
1810 2866 1978 2905 necessarii,
1996 2867 2082 2897 saltim
2096 2876 2131 2897 ex
2146 2867 2229 2897 causa
2247 2868 2363 2905 crediti,
2382 2868 2421 2899 as-

1364 2910 1518 2945 sumantur,
1537 2918 1589 2938 nec
1602 2908 1705 2937 durum
1719 2907 1806 2937 videri
1821 2907 1904 2936 debet
1917 2915 2019 2936 eorum
2039 2904 2243 2935 Possessoribus
2262 2905 2307 2936 seu
2331 2906 2421 2936 mole-

1366 2948 1457 2985 stum,
1477 2948 1496 2977 fi
1512 2947 1588 2977 Bona
1600 2946 1733 2984 praedicta
1749 2946 1785 2975 fic
1799 2953 1832 2974 ex
1847 2946 1906 2975 tarn
1925 2945 1944 2963 ²¹⁵
1964 2944 2075 2980 urgenti
2089 2943 2172 2974 causa
2190 2944 2349 2983 capiantur,
2369 2945 2419 2974 sub

1364 2986 1537 3025 obligatione
1552 2983 1684 3022 congrua
1699 2984 1734 3014 de
1748 2982 1880 3021 pecunia,
1897 2982 1934 3012 sic
1948 2981 2046 3020 capta,
2064 2982 2103 3012 eis
2115 2990 2195 3012 certo
2211 2990 2341 3019 tempore
2355 2992 2419 3020 per-

1364 3023 1513 3060 solvenda,

1404 3063 1452 3092 De
1467 3062 1624 3092 Peritorum
1633 3084 1641 3097 ,
1659 3060 1740 3090 nobis
1753 3059 1930 3090 asfistentium
1942 3083 1951 3096 ,
1968 3057 2097 3089 Consilio
2114 3057 2231 3087 Frue'tus
2243 3059 2277 3089 &
2290 3058 2419 3089 Proven-

1365 3109 1409 3132 tus
1421 3101 1553 3131 omnium
1569 3098 1773 3130 Beneficiorum
1789 3096 2051 3128 Ecclesiasticorum
2061 3119 2070 3134 ‚
2090 3095 2282 3135 dietikegni,
2298 3097 2360 3134 post
2369 3099 2418 3128 de-

1363 3139 1447 3169 duc'ta
1469 3148 1555 3169 onera
1576 3138 1656 3167 dietis
1676 3136 1820 3167 Beneficiis
1841 3135 2034 3166 incumbentia
2054 3144 2228 3164 remanentes
2242 3158 2252 3172 ‚
2282 3145 2346 3173 quae
2367 3146 2417 3174 per

1363 3178 1552 3216 quascumque
1573 3175 1701 3205 Personas
1722 3175 1895 3213 Alienigenas
1914 3174 2035 3211 optineri
2056 3173 2228 3211 noscuntur,
2245 3175 2273 3202 in
2297 3173 2417 3204 subven-

1361 3218 1470 3246 tionem
1486 3215 1674 3252 Expensaruni
1690 3213 1863 3249 nostrarum,
1882 3221 1942 3241 non
1956 3211 2077 3241 ceffante
2090 3210 2250 3241 necessitate
2263 3212 2397 3248 praedieffi
2406 3236 2417 3251 ,

1362 3256 1391 3284 in
1408 3253 1531 3284 Manum
1547 3252 1672 3283 nostram
1687 3261 1720 3281 ex
1733 3251 1814 3282 causa
1831 3250 1948 3288 crediti,
1967 3249 2159 3280 ordinavimus
2173 3249 2340 3287 capiendos,

1400 3291 1429 3322 V
1430 3293 1537 3322 olentes
1551 3292 1633 3321 dictis
1646 3289 1831 3326 Beneficiatis,
1850 3289 1893 3319 vel
1909 3298 2007 3318 eorum
2021 3287 2270 3325 procuratoribus,
2288 3288 2323 3318 de
2331 3288 2416 3319 Sum-

1363 3332 1432 3368 mis,
1451 3332 1488 3360 fic
1503 3330 1637 3367 receptis,
1656 3329 1786 3365 prompte
1803 3326 1950 3356 statuendis
1972 3325 2119 3355 Terminis
2140 3325 2306 3364 satisfacere,
2325 3327 2358 3357 &
2379 3329 2416 3357 eis

1363 3369 1431 3399 inde
1446 3369 1552 3399 Literas
1567 3367 1671 3397 nostras
1687 3366 1874 3405 Obligatorias
1888 3365 1980 3395 facere
1995 3364 2111 3394 liberari.

1401 3406 1492 3437 Causa
1506 3415 1589 3436 tantae
1603 3404 1765 3435 necessitatis
1781 3403 1875 3434 debite
1891 3401 2045 3441 ponderati
2061 3411 2112 3432 nos
2131 3401 2209 3439 super
2227 3402 2286 3432 lioc
2310 3402 2413 3433 habere

1360 3445 1490 3484 dignetur
1504 3446 1548 3482 pia
1562 3443 1650 3475 vestra
1667 3441 1848 3478 Moderatio,
1866 3441 1886 3471 si
1901 3441 2051 3478 placuerit,
2070 3440 2229 3475 excusatos,
2246 3450 2309 3477 quae
2331 3443 2414 3471 nobis

1360 3483 1599 3520 Detrahentibus,
1617 3480 1662 3512 vel
1674 3480 1747 3510 aliud
1763 3480 1961 3510 Referentibus
1975 3480 2004 3508 in
2017 3478 2068 3508 hac
2083 3487 2173 3516 parte,
2192 3477 2277 3508 fidem
2294 3480 2413 3517 (quaesu-

1358 3522 1433 3558 mus)
1447 3531 1506 3551 non
1520 3521 1641 3559 praebeat
1654 3519 1701 3550 vel
1715 3518 1851 3549 auditum.

1395 3559 1570 3596 conservet,
1587 3559 1648 3589 δῖε.
2133 3592 2138 3596 .

1431 3597 1499 3628 Dat.
1512 3597 1586 3635 apud
1600 3593 1898 3632 Westmonasterium,
1917 3591 2091 3623 duodecimo
2111 3592 2155 3622 die
2170 3592 2321 3623 Februarii.

2440 2947 2458 2968 ³*
2469 2952 2556 2985 V.491

1639 3736 1687 3768 De
1700 3736 1830 3767 Pecunia
1857 3736 1930 3780 Regi
1945 3731 2125 3766 mutuanda.

1353 3828 1434 3892 LE
1449 3827 1507 3859 Roi
1520 3837 1552 3866 a,
1570 3826 1756 3857 l'Honurable
1771 3825 1854 3856 Piere
1865 3835 1901 3855 en
1916 3823 2110 3864 Dieu‚Rauf‚
2127 3835 2174 3865 par
2188 3827 2295 3858 mesme
2310 3827 2334 3858 la
2348 3837 2410 3868 gra·
2430 3839 2495 3868 Am,
2515 3838 2548 3869 D

1427 3877 1478 3906 ce,
1496 3865 1623 3904 Evesque
1635 3865 1669 3895 de
1682 3864 1736 3895 Bia
1750 3866 1784 3896 δε
1797 3864 1833 3895 de
1849 3863 1894 3894 W
1896 3864 1959 3894 elles
1968 3887 1978 3901 ,
1993 3864 2085 3894 Saluz.
2450 3887 2460 3906 Ι
2470 3864 2522 3917 ,426

1390 3905 1505 3943 Come,
1524 3914 1573 3943 par
1589 3903 1784 3934 Deliberation
1798 3904 1832 3934 ὃς
1850 3902 1918 3933 Avis
1934 3902 1982 3932 des
1998 3902 2110 3932 Grantz
2124 3900 2161 3932 de
2182 3903 2277 3934 nostre
2301 3904 2407 3933 Roiau-
2426 3899 2481 3943 Aa)
2527 3901 2533 3907 “

1354 3952 1421 3987 tue,
1439 3946 1472 3975 ὃς
1492 3943 1541 3973 des
1558 3942 1642 3981 Sages
1663 3942 1698 3972 de
1718 3941 1814 3972 nostre
1832 3939 1963 3978 Consess,
1979 3950 2046 3971 eons
2067 3942 2119 3978 pris
2131 3943 2237 3972 certein
2251 3951 2353 3979 purpos
2371 3942 2407 3971 de
2426 3959 2454 3981 E.
2476 3964 2502 3990 3·

1354 3983 1443 4021 passer
1461 3981 1700 4019 prescheinement
1717 3980 1743 4010 le
1765 3977 1866 4017 Meer,
1884 3979 1905 4008 si
1927 3977 2134 4009 efforceement
2152 3989 2250 4010 comes
2269 3988 2319 4008 nus
2342 3989 2406 4016 pur--
2426 3992 2548 4029 Chusa„

1355 4031 1452 4058 roms,
1469 4030 1520 4057 pur
1537 4018 1687 4049 iiecessaire
1699 4017 1810 4048 defense
1825 4017 1860 4048 de
1876 4016 1972 4046 nostre
1984 4017 2135 4055 Roialme,
2152 4020 2186 4049 &
2201 4027 2252 4057 pur
2267 4017 2366 4047 arester
2382 4019 2404 4046 la
2426 4035 2454 4056 Ε,
2466 4040 2488 4065 3,
2498 4037 2521 4065 p·
2533 4039 2547 4056 2

1354 4060 1455 4091 malicc
1469 4058 1505 4088 de
1522 4057 1617 4087 nostre
1631 4055 1793 4087 Adversaire
1806 4055 1842 4085 de
1859 4055 1979 4093 France,
1997 4055 2028 4094 qi
2041 4054 2186 4088 s’afforce,
2203 4062 2260 4085 tant
2280 4065 2365 4085 come
2387 4056 2407 4085 il
2425 4078 2460 4097 m
2479 4078 2522 4095 22-

1354 4106 1440 4139 poet,
1457 4096 1493 4128 de
1509 4105 1563 4128 nos
1576 4095 1711 4134 subduer,
1727 4095 1760 4127 &
1772 4093 1808 4126 de
1821 4092 1911 4127 doner
1929 4092 2058 4153 Damage
2070 4095 2104 4127 ὃς
2120 4093 2305 4126 Βεῆηιέὶίοη
2317 4103 2333 4124 a
2351 4103 2411 4164 ‘itti-e

2496 3926 2541 3944 20.
