2562 4279
554 84 1352 139 CONVENTIONES,
1436 82 1836 136 LITERAE,

138 117 194 157 40

0 188 75 218 Ann.
89 187 130 218 D.
177 188 224 220 Ad
238 184 439 256 {fouendum
453 184 487 228 ὃς
501 181 689 214 intimandum
700 179 839 224 ¹Domino
847 177 971 222 Summo
981 173 1114 206 Pontifici
1122 183 1195 212 prae-
2326 195 2402 228 Ann-
2413 196 2446 229 D

19 236 103 266 1330.
139 227 228 258 claros
282 236 342 256 ores
356 225 389 256 ὃς
405 222 525 259 Merita,
543 220 753 264 Consanguinei
767 216 857 262 nostri
869 241 880 254 ,
905 215 1066 246 recolendae
1081 222 1196 258 memo-
1650 256 1654 262 ·
1920 254 1925 259 ι
2350 245 2363 266 1
2391 245 2429 267 “0
2448 221 2455 229 .

0 268 67 294 ΕΜ·
87 275 113 302 3-
138 267 204 302 rice,
222 265 351 295 Thomae
373 271 461 298 nuper
484 259 612 290 Comffls
632 255 824 294 Lancastslaea
848 265 882 285 aC
904 255 1004 285 crebra
1020 252 1198 291 310r10saque
1344 253 1403 288 Ad
1419 256 1536 288 Ducem
1554 258 1766 295 Venettarum‚
1786 263 1842 299 pro
1857 255 2003 285 Societate
2025 249 2208 285 Bardorum.
2322 278 2344 302 13
2344 246 2440 313 “J-23:

142 303 352 334 Miraculorum
374 300 488 338 insignia
499 321 509 336 ,
527 306 592 335 quae
609 295 689 326 Deus
705 294 916 331 Omnipotens,
932 292 967 323 ad
982 292 1062 330 ipsius
1076 290 1199 321 invoca-

141 343 250 373 tionem
264 363 274 378 ,
298 337 513 369 misericorditer
531 343 682 372 operatur,
699 343 783 371 prout
799 332 887 362 Fama
898 331 1015 363 celebris
1028 329 1156 369 perducit
1170 329 1200 357 in
1312 338 1376 370 EX
1389 363 1400 379 ³
1425 338 1531 369 Nobili
1550 338 1623 369 Viro
1639 361 1649 377 ³
1665 337 1746 368 Duci
1760 336 1962 374 venetiarum,
1982 346 2015 367 ac
2029 334 2242 367 communitati
2253 335 2307 367 Οἱ-
2319 345 2374 371 Aa.
2388 353 2417 379 4·

142 380 307 418 publicum,
325 377 358 407 &
374 375 496 407 creditur
510 373 626 403 firmiter
643 373 706 403 fore
720 381 838 410 verum,
1132 406 1137 411 ι

180 417 225 447 Ac
239 416 273 446 ad
288 414 443 455 petendum
459 411 643 450 Inquisitores
655 410 735 449 super
750 410 809 441 hoc
823 419 874 448 per
885 407 992 440 sedern
1005 405 1205 446 Apostolicam

141 455 176 486 de
199 455 280 492 utari,

178 466 354 523 buxerimus
368 489 570 528 destinandos,
1056 523 1062 529 .
1091 523 1101 532 x
1182 521 1187 526 ⁸

178 530 377 562 Paternitatem
392 528 513 559 vestram
526 526 712 559 reverendam
723 527 829 557 attente
844 534 974 565 rogamus
988 531 1118 567 quatinus
1132 544 1142 559 ‚
1160 520 1203 551 di-

138 569 227 600 le&os
253 568 384 599 Clericos
405 567 517 598 nostros
548 565 797 598 recommendatos
821 565 977 602 habentes,
1001 572 1068 600 erga
1086 560 1203 605 ,ditium

140 608 307 639 Dominum
325 606 478 637 Summum
499 605 672 635 Pontificem
695 604 797 634 instare
811 602 919 640 velitiS‚
937 601 957 632 si
971 601 1118 639 placuerit,
1134 607 1204 629 cum

143 645 251 677 effectu
264 669 274 685 ,
301 654 331 676 ut
347 668 356 683 ,
377 645 487 675 attentis
509 644 700 681 multiplicatis
713 643 865 679 Precibus,
884 651 934 679 per
950 640 1036 683 Nos,
1051 640 1084 670 &
1099 637 1203 682 Praela-

141 693 206 723 tos,
224 694 257 714 ac
280 683 416 714 Proceres
439 682 539 720 Regni
561 681 670 720 nostri,
694 682 797 712 totiens
814 680 893 718 super
915 679 974 709 hoc
988 679 1038 709 sibi
1054 677 1150 714 saetis,
1168 684 1202 705 ac

141 722 229 753 Fama
241 723 300 753 tam
315 721 419 753 celebri
433 730 632 760 permanente,
650 722 684 752 &
701 720 809 758 semper
825 715 1201 760 perampliusrexcrescente,

139 762 213 799 ipsos
233 762 261 791 in
282 760 477 799 propositione
498 759 567 790 dieti
588 759 711 798 Negotii
731 759 884 789 clementer
905 755 1029 786 exaudiat
1043 777 1052 798 ,
1065 754 1103 798 ,ὃς
1118 762 1203 791 expe-

138 801 197 868 diat}
210 799 329 868 Ὲεὲἰείῑεῐ
344 822 354 839 ,
371 799 553 839 Inquisitores
566 822 577 838 ,
599 798 680 837 super
695 798 746 828 hiis
761 796 814 827 ista
827 796 890 827 vice
898 817 908 833 ‚
925 792 1114 826 favorabiliter
1129 801 1202 823 con-

142 848 178 870 ce
197 848 233 869 en
254 848 282 869 0.

176 913 244 947 Dat.
263 915 337 955 apud
351 916 560 956 Wyntoniam,
578 914 698 954 septimo
711 912 756 944 die
769 910 877 943 Martii.

311 992 427 1025 Eodem
442 992 534 1024 modo
547 991 674 1023 scribitur
686 989 842 1028 subscriptis
853 1000 863 1027 3
881 987 1030 1025 videlicet,

179 1072 346 1117 Domino-P.
363 1069 448 1100 Tituli
462 1070 558 1099 Sanlli
571 1067 700 1107 Stephani
712 1070 742 1097 in
755 1065 835 1097 coeho
849 1068 947 1095 Monte
970 1062 1121 1094 Presbitero
1135 1063 1205 1091 Car*-

180 1108 461 1193 DosszzlaAqnbaldo
480 1144 566 1176 Tituli
588 1146 683 1176 Sant‘h'
703 1146 851 1174 Laurentii
875 1145 904 1172 in
923 1144 1030 1172 Lucina
1052 1137 1206 1170 Presbitero

138 1229 146 1259 i
180 1185 489 1271 Dgi'it‘iiugftli'pifiopo
499 1221 654 1262 Albanenst
669 1219 707 1257 ὥ·
724 1224 829 1251 Summo
838 1217 946 1259 fisnelae
966 1221 1096 1248 Romame
1118 1213 1210 1245 Eccle-

138 1294 142 1296 ἡ
180 1263 580 1340 Dgznfiwgpgliaortliqiianffl
592 1299 719 1330 Adriani
734 1300 855 1328 Diacono
870 1293 1022 1325 cardinali.

211 1440 261 1474 De
274 1437 390 1471 auxilio
405 1449 425 1469 a
445 1436 527 1469 Clero
545 1431 676 1467 habendo
694 1443 799 1466 contra
818 1434 973 1465 Guerram
992 1433 1135 1465 Franciae.

1324 379 1415 409 vitatis
1434 377 1618 408 Venetiarum
1632 400 1642 415 ,
1666 376 1776 407 Amicis
1788 375 1840 406 suis
1859 374 2020 413 carissimis,
2038 374 2182 413 Salutem,
2200 375 2234 406 ὃς
2251 375 2305 406 sin-
2318 386 2347 448 Εὖ,
2370 393 2397 420 3,

2320 425 2334 448 l
2348 423 2386 451 id.

1244 424 1318 445 cerae
1331 415 1491 446 dilectionis
1506 415 1652 447 affeCfflrn.

1281 453 1326 483 Ex
1341 455 1450 484 intimae
1462 454 1621 485 affeetionis
1642 453 1760 492 puritate
1780 453 1847 490 (qua
1861 450 1980 482 dilectos
1994 449 2174 481 Mercatores
2194 450 2308 483 nostros

1244 490 1281 521 de
1294 492 1434 523 Societate
1450 492 1606 523 Bardorum
1629 492 1665 523 de
1682 492 1824 522 Florentia
1835 513 1845 529 ,
1870 498 2007 528 praerexru
2019 489 2223 528 obsequiorum
2238 490 2305 521 suo-

1244 540 1308 560 rum
1323 531 1518 569 laudabilium,
1536 532 1595 562 tam
1608 530 1708 561 Nobis
1717 555 1726 568 ,
1744 530 1832 568 qu'am
1846 528 2078 567 Progenitoribus
2092 527 2213 567 nostris,
2230 529 2308 559 mul-

1242 568 1373 606 tipliciter
1393 570 1605 608 impensorum,
1624 568 1829 607 prosequimur)
1852 577 1912 597 non
1932 568 2068 597 inmerito
2087 567 2243 598 excitamur
2255 576 2307 607 ut,

1243 616 1297 644 pro
1318 607 1445 645 ipsorum
1463 608 1594 647 augendis
1616 607 1794 638 Profestibiis
1809 629 1818 644 ,
1834 606 1868 637 &
1881 605 2130 644 inquietationibus
2142 605 2307 644 propulsan-

1242 645 1301 683 dis,
1318 656 1406 684 opem
1420 647 1449 676 in
1464 647 1699 684 oportunitatibus
1713 655 1895 684 apponamus.

1283 684 1363 714 Cum
1381 685 1474 722 itaque
1496 684 1712 715 intellexerimus
1734 684 1813 722 qnod
1828 685 1902 714 inter
1922 681 1985 713 Vos
1998 682 2030 713 &
2045 682 2176 721 praefatos
2189 682 2307 714 Merca-

1244 729 1335 761 tores,
1353 723 1503 753 occasione
1516 722 1693 761 quorundam
1707 722 1917 753 Contradiuum
1934 744 1944 760 ,
1962 722 2034 751 inter
2051 731 2103 752 vos
2118 722 2237 760 &ipsos
2251 723 2307 752 ini-

1244 768 1340 791 torum
1356 784 1366 800 ,
1393 760 1582 791 Dissensionis
1602 761 1716 791 materia
1735 761 1776 791 est
1797 769 1892 792 exorta
1909 785 1919 799 ,
1942 761 1975 791 &
1996 770 2028 790 ea
2049 759 2085 790 de
2105 769 2186 791 causa
2201 760 2307 792 eisdem

1245 798 1457 830 Mercatoribus
1483 799 1589 830 diversa
1613 798 1790 830 Gravamina
1815 798 1903 830 indies
1921 799 2079 829 inferuntur
2092 823 2101 836 ,
2125 799 2159 829 &
2179 799 2306 837 ipsorum

1244 838 1416 876 tranquilitas
1429 838 1619 876 multipliciter
1633 838 1828 876 perturbatur,

1284 876 1354 907 Nos
1367 901 1377 913 ,
1400 875 1526 914 ipsorum
1549 877 1691 906 honorem
1712 876 1746 906 ὅς
1766 877 1891 914 quietem
1911 875 2032 907 corditer
2051 874 2213 906 affectantes
2226 899 2236 915 ‚
2255 886 2305 908 ve-

1246 913 1330 944 stram
1346 915 1512 945 Amicitiam
1526 914 1682 945 affedtione
1698 937 1707 952 ,
1722 924 1776 952 qua
1789 914 1952 955 possumus,
1969 915 2153 952 deprecamur
2168 924 2305 953 quatenus

1247 953 1369 991 praefatis
1395 952 1606 984 Mercatoribus
1620 976 1629 990 ,
1659 962 1713 990 pro
1734 951 1857 982 sedandis
1877 952 2102 983 Diffenfionibus
2120 953 2282 991 supradietis
2294 978 2306 992 ,

1247 991 1327 1029 quod
1341 992 1464 1030 aequitati
1476 992 1510 1022 &
1525 992 1626 1022 rationi
1638 992 1792 1029 convenit,
1809 1000 1878 1021 cum
1892 991 1990 1021 favore
2004 992 2037 1022 &
2051 993 2136 1031 gratia
2147 993 2309 1032 oportunis,

1246 1030 1341 1060 facere
1355 1030 1445 1061 velitis
1461 1029 1562 1060 nostris
1576 1029 1712 1060 Precibus
1727 1030 1760 1060 &
1773 1039 1889 1066 amore,
1907 1038 1967 1058 non
1989 1031 2196 1069 permittentes,
2215 1031 2233 1060 si
2249 1031 2308 1069 pla-

1248 1078 1294 1099 cet
1330 1069 1402 1107 ipsos
1412 1068 1519 1098 amodo
1534 1067 1678 1107 praemiss'a
1690 1067 1841 1098 occasione
1855 1066 2007 1097 molestari.

1286 1092 1325 1138 &t
1345 1107 1434 1138 taliter
1456 1108 1485 1137 in
1506 1107 1684 1137 exauditione
1701 1105 1863 1145 hujusmodi
1887 1104 2001 1144 rogatus
2020 1104 2110 1135 nostri
2129 1118 2181 1138 vos
2201 1107 2306 1140 habere

1247 1146 1355 1185 velitis,
1374 1145 1453 1184 quod
1467 1146 1536 1176 dieii
1551 1145 1728 1176 Mercatores
1743 1143 1833 1175 nostri
1844 1144 1892 1174 has
1906 1153 2002 1181 preces
2017 1142 2122 1174 nostras
2135 1145 2199 1184 sibi,
2219 1157 2307 1185 penes

1247 1195 1301 1215 vos
1311 1207 1320 1223 ,
1334 1186 1362 1214 iii
1378 1184 1484 1215 effectu
1496 1183 1595 1216 sentire
1608 1184 1714 1215 valeant
1729 1183 1924 1221 profuisse,&
1937 1181 2015 1220 quod
2030 1182 2128 1212 vestris
2140 1185 2241 1215 exinde
2255 1186 2306 1215 be-

1248 1224 1392 1261 neplacitis
1414 1224 1443 1252 in
1465 1223 1534 1262 hiis,
1553 1232 1618 1262 quae
1640 1232 1725 1260 peries
1745 1221 1814 1252 Nos
1837 1221 1993 1259 volueritis,
2008 1220 2185 1260 obligatiores
2200 1223 2308 1255 efficia·

1249 1271 1312 1292 mur
1330 1261 1507 1299 temporibus
1521 1263 1677 1301 oportunis.

1286 1337 1356 1369 Dat.
1374 1338 1449 1377 apud
1464 1338 1610 1380 Wynton.
1625 1339 1763 1370 vicesimo
1777 1338 1824 1369 die
1838 1336 1944 1370 Martii.

1248 1489 1276 1516 >lit
1298 1490 1358 1526 Ad
1372 1494 1486 1539 Papam
1505 1492 1621 1526 Relatio
1639 1519 1649 1536 ,
1667 1493 1760 1538 sitper
1770 1491 1856 1535 failo
1873 1494 1910 1529 ὠ·
1933 1491 2064 1537 Proceffic
2084 1503 2189 1526 contra
2209 1494 2311 1526 Comi·
2330 1512 2413 1541 *1V.

1673 1551 1734 1573 tem
1748 1542 1875 1573 Kantiae.
2327 1560 2395 1587 4²4·

1302 1634 1415 1666 APAE
1440 1635 1506 1667 Rex
1522 1636 1627 1668 devota
1638 1635 1750 1667 Pedum
1766 1635 1862 1667 oscula
1874 1635 2032 1666 beatorum.
2327 1642 2404 1674 Αῃη,
2420 1641 2465 1673 D:

1334 1674 1388 1704 Ne
1405 1673 1534 1706 Paternae
1550 1675 1772 1706 Mansuetudinis
1791 1675 1940 1712 puritatem
1961 1674 2094 1705 mendosa
2111 1674 2206 1706 turbet
2220 1673 2308 1706 Rela-
2350 1690 2437 1723 1330,

1246 1713 1288 1742 tio
1311 1712 1505 1752 Malignorum
1518 1738 1528 1752 ,
1551 1714 1587 1744 de
1607 1714 1658 1743 hiis
1673 1737 1682 1751 ,
1709 1724 1774 1752 quae
1795 1714 1869 1743 circa
1884 1711 2038 1743 Personam
2056 1712 2203 1744 Edmundi
2216 1723 2306 1751 nuper
2327 1725 2380 1749 Ari.
2395 1731 2425 1758 4,

1247 1750 1374 1782 Comitis
1392 1751 1506 1783 Kantiae
1519 1775 1530 1791 ,
1547 1760 1726 1790 evenerunt,
1750 1750 1892 1791 gestarum
1922 1751 2034 1781 Rerum
2052 1751 2162 1783 causam
2178 1753 2212 1783 &
2231 1751 2309 1783 ordi-
2328 1764 2357 1787 Ε.
2381 1770 2407 1796 3.

1249 1798 1333 1828 nem,
1353 1799 1413 1820 non
1428 1790 1485 1820 sine
1501 1791 1594 1822 cordis
1605 1789 1847 1827 amaritudine,ad
1863 1788 1985 1820 vestram
2001 1790 2154 1821 deferimus
2167 1791 2312 1829 notitiam,
2329 1803 2388 1826 Rom
2409 1806 2440 1833 4,

1251 1836 1282 1858 ut
1296 1837 1333 1858 eo
1351 1827 1582 1866 obloquentium
1605 1829 1687 1860 dietis
1709 1839 1769 1860 non
1790 1828 1947 1866 praebeatur
1966 1827 2068 1859 fiducia
2083 1852 2093 1868 ,
2111 1839 2171 1867 quo
2184 1829 2314 1860 luculen-
2332 1841 2360 1864 E.
2386 1845 2412 1874 3,
2427 1838 2466 1865 mg

217 1523 301 1563 EX,
320 1523 482 1555 Venerabili
502 1523 532 1553 in
551 1520 671 1553 Christo
690 1519 788 1557 Patri,
806 1517 835 1548 S.
855 1518 954 1549 eadem
987 1517 1070 1555 ratia,
1089 1515 1210 1548 Archie-

227 1564 343 1602 piscopo
358 1560 568 1599 Cantuariensi‚
586 1562 670 1591 totius
685 1558 797 1597 Angliae
810 1556 946 1597 Primati,
985 1556 1096 1600 alutem.

187 1602 215 1633 A
231 1601 321 1632 vestra
342 1602 483 1633 memoria
503 1609 564 1630 non
583 1598 687 1629 excidit
702 1620 712 1636 ,
735 1604 765 1627 ut
786 1595 928 1633 speramus
941 1618 951 1634 ,
970 1595 1084 1633 qualiter
1100 1605 1207 1634 nuper,

146 1640 220 1678 apud
241 1640 355 1672 Eltham
371 1663 381 1678 ,
403 1642 432 1670 in
455 1638 598 1677 praesentia
619 1636 711 1667 vestra
724 1658 735 1674 ‚
762 1635 795 1665 &
815 1634 937 1665 aliorum
953 1633 1156 1672 Praelatorum,
1174 1635 1208 1665 &

147 1677 304 1710 Procerum
319 1701 330 1717 ,
355 1678 393 1709 de
412 1679 522 1715 Regno
543 1675 642 1706 nostro
666 1676 750 1713 (quos
772 1672 963 1717 turiclibidem
980 1682 1033 1710 pro
1048 1671 1208 1717 Magnis&

148 1717 252 1749 Arduis
274 1717 410 1756 Negotiis
430 1715 531 1747 nostris
552 1715 671 1745 fecimus
685 1711 864 1748 conoregari)
882 1710 1004 1754 exposita
1017 1710 1146 1750 fuerunt,
1164 1721 1208 1741 in—

147 1764 189 1787 ter
203 1756 271 1795 alia,
288 1757 400 1795 negotia
417 1754 613 1791 contingentia
626 1751 694 1782 Nos
709 1736 872 1794 &⁷Regem
887 1749 1029 1795 Fraxnciae:
1066 1788 1071 1793 .
1162 1788 1170 1795 x

183 1793 239 1833 Et,
257 1794 322 1833 post
335 1794 505 1832 diligentem
516 1792 664 1822 tractatum
677 1788 744 1819 inde
758 1788 906 1825 habitum,
925 1795 984 1817 tam
1005 1788 1103 1825 vobn,
1122 1797 1209 1826 quam

144 1833 224 1871 ipsis,
243 1833 390 1864 videbatur
410 1831 489 1869 quod
505 1853 515 1869 ,
539 1839 592 1868 pro
614 1828 688 1858 Pace
711 1825 838 1856 habenda
858 1835 927 1856 cum
947 1824 1006 1863 ipso
1021 1825 1124 1864 Rege,
1141 1826 1211 1858 esset

0 1534 76 1569 Arm.
90 1535 133 1568 D.
147 1525 208 1588 R

19 1584 106 1617 1330.

0 1618 50 1643 An.
67 1625 96 1651 4.

0 1657 29 1681 Ε.
53 1663 78 1690 3.

0 1692 86 1728 Claus.
102 1700 130 1727 4.

0 1733 31 1758 E.
51 1740 76 1768 3.
95 1740 132 1757 m.

1 1768 47 1805 38.
61 1771 87 1798 d.

0 2265 15 2284 ⁸
32 2266 84 2294 iv.

0 2313 65 2341 4²3·

146 1871 280 1902 omnibus
299 1871 392 1902 modis
414 1871 447 1900 δε
467 1870 517 1900 viis
532 1891 542 1907 ‚
565 1867 665 1906 quibus
687 1865 846 1904 poss'emu5‚
863 1863 968 1902 absque
980 1864 1209 1895 exhaeredationis

146 1909 289 1948 periculo,
308 1908 503 1939 insistendum:
611 1944 616 1949 ι
723 1943 728 1948 Ι
806 1942 812 1947 ⁹
892 1942 897 1947 .

185 1947 238 1986 Et,
258 1948 277 1978 fi
295 1946 386 1978 forsan
409 1946 486 1977 idem
507 1945 572 1976 Rex
588 1953 646 1975 vias
661 1941 743 1974 Pacis
764 1941 938 1972 rationabiles
954 1942 1104 1980 recusaret,
1124 1942 1158 1972 &
1173 1942 1208 1973 ad

148 1985 415 2016 Exhaeredationem
438 1983 565 2015 nostram
612 1981 706 2020 quoad
727 1980 878 2010 Ducatum
902 1979 1082 2018 Aquitaniae,
1100 1980 1210 2011 &alias

145 2023 268 2062 Terras,
287 2034 352 2062 quas
368 2024 503 2054 habemus
517 2022 567 2053 sub
579 2006 729 2050 hominio
745 2018 812 2055 suo,
830 2019 965 2062 niteretur
980 2041 990 2056 ,
1009 2018 1087 2056 quod
1101 2017 1135 2048 ad
1147 2018 1210 2049 De-

144 2062 301 2093 fensionem
325 2061 452 2092 nostram
474 2070 572 2092 contra
593 2058 683 2098 ipsum
697 2082 707 2096 ,
733 2066 801 2087 cum
817 2055 875 2086 Dei
890 2056 1049 2095 adjutorio,
1067 2058 1140 2088 vires
1154 2067 1208 2088 no-

144 2100 210 2131 stras
224 2111 365 2139 apponere
378 2101 562 2137 deberemus,
581 2098 613 2128 &
628 2096 663 2126 ad
678 2097 736 2127 hoc
751 2096 810 2126 tam
824 2105 877 2126 vos
892 2117 902 2133 ,
918 2095 1004 2134 quam
1018 2097 1114 2138 caeteri
1129 2095 1208 2127 Prae-

143 2139 209 2177 lati,
226 2140 260 2170 &
276 2139 443 2176 Magnates,
462 2148 531 2169 tunc
547 2136 654 2167 ibidem
668 2133 832 2171 existentes,
850 2133 1006 2171 praebuistis
1023 2133 1205 2174 Consilium,

146 2180 181 2211 &
197 2177 360 2216 promisistis
377 2177 477 2216 Opem
491 2178 525 2209 &
539 2175 671 2206 auxilium
686 2182 828 2211 apponere
841 2181 1000 2211 oportuna,
1010 2173 1042 2203 &
1058 2173 1137 2210 super
1151 2173 1210 2205 hoc

147 2216 367 2248 Concordatum
391 2216 481 2247 estitit
503 2214 581 2253 quod
603 2213 824 2243 Parliamentum
849 2209 978 2241 nostrum
994 2211 1068 2248 apud
1083 2211 1126 2241 W
1147 2221 1213 2243 nto—

145 2256 221 2286 niam
236 2280 246 2293 ,
271 2255 306 2285 ad
325 2255 402 2286 diem
421 2255 439 2274 *
461 2253 650 2284 Dominicam
663 2273 675 2295 ,
696 2250 856 2289 proximam
879 2258 946 2293 ante¹
968 2249 1085 2280 Festum
1135 2250 1211 2282 ancti

146 2293 283 2333 Gregorii
298 2293 401 2332 Papae,
418 2294 552 2331 proximo
567 2298 758 2329 praeteritum,
775 2287 948 2318 summoneri
963 2288 1128 2319 faceremus.

187 2333 312 2370 Verum,
330 2333 394 2370 quia
409 2333 439 2362 in
457 2330 562 2361 eodem
584 2328 775 2359 parliamento
796 2326 923 2364 expositis
938 2326 1076 2366 Negotiis
1089 2327 1211 2365 supradi—

147 2370 201 2401 &is
214 2395 224 2409 ,
242 2371 393 2408 habitaque
409 2369 624 2400 Deliberatione
642 2367 721 2403 super
741 2364 832 2394 modo
853 2364 886 2394 &
908 2364 1000 2394 forma
1014 2364 1211 2405 Desenfionis,

148 2417 250 2439 contra
263 2408 425 2439 Potentiam
439 2406 520 2444 ipsius
536 2406 626 2443 Regis
642 2404 674 2442 (si
688 2402 778 2434 forsan
794 2402 881 2446 dicias
894 2401 999 2433 Terras
1011 2403 1118 2434 nostras
1133 2405 1213 2435 inva-

148 2446 217 2478 dere
232 2446 366 2483 voluerit)
380 2444 576 2483 apponendae,
594 2444 740 2482 petitoque
753 2440 793 2470 sin
814 2440 911 2485 illatim
932 2451 948 2470 a
969 2441 1098 2479 quolibet
1109 2442 1212 2473 Praela-

149 2492 182 2516 to
198 2484 232 2516 &
247 2483 385 2522 Magnate
399 2481 557 2514 cu'usmodi
578 2479 741 2511 Subsidium
751 2488 794 2521 'no
817 2488 837 2508 is
853 2488 882 2508 in
895 2478 1000 2509 eodem
1016 2489 1121 2512 eventu
1135 2481 1211 2512 face-

469 2521 583 2552 mitibus
603 2519 637 2550 &
656 2516 810 2548 Baronibus
831 2516 1007 2548 voluntatem
1033 2518 1109 2549 suam
1130 2520 1160 2549 in
1179 2530 1211 2550 ea

148 2533 182 2554 re
205 2522 320 2554 volebat
334 2547 345 2560 ,
366 2531 398 2552 ac
805 2556 809 2560 ,

783 2554 851 2585 ἀιᾶί
872 2554 981 2586 Praelati
1009 2556 1212 2595 responderunt

150 2569 230 2601 parte
257 2561 339 2591 nobis
363 2559 499 2591 benivole
524 2557 728 2596 exponentibus
749 2578 758 2593 ,

154 2599 236 2639 quod
247 2623 258 2639 ,
275 2607 390 2638 propter
409 2598 560 2629 absentiam
573 2595 712 2632 vestram,
732 2601 843 2624 certum
857 2592 1035 2632 Responsum
1051 2605 1120 2627 tunc
1136 2596 1212 2627 face-

149 2649 182 2670 re
194 2640 381 2676 nequiverunt
394 2649 404 2675 ς
426 2636 464 2667 set
484 2637 514 2666 in
532 2634 773 2670 Convocatione,
791 2641 841 2670 per
853 2642 905 2662 vos
917 2642 949 2663 ea
962 2633 998 2663 de
1011 2643 1090 2664 causa
1106 2635 1212 2666 facien-

149 2677 204 2714 da,
221 2677 311 2708 taliter
326 2676 419 2707 facere
433 2674 583 2712 volebant,
601 2671 681 2712 quod
695 2671 761 2702 inde
776 2672 931 2702 contentari
945 2670 1120 2703 deberemus.

185 2715 255 2746 Nos
269 2717 369 2754 igitur,
951 2749 956 2754 ⁸

189 2753 236 2784 Ad
256 2753 385 2786 Pericula
403 2753 437 2785 &
459 2752 608 2790 Dampna,
626 2759 691 2789 quae
705 2759 766 2780 non
778 2747 870 2778 solum
887 2748 988 2787 nobis,
1006 2749 1044 2780 set
1058 2751 1141 2780 etiam
1155 2760 1210 2781 vo-

151 2792 211 2831 bis,
229 2793 263 2823 &
277 2794 331 2824 toti
346 2792 452 2831 Regno
466 2790 564 2822 nostro
573 2813 583 2829 ,
602 2790 715 2821 evenire
730 2795 881 2826 poterunt,
900 2787 919 2817 si
934 2787 1061 2830 praefatus
1075 2787 1141 2819 Rex
1155 2799 1209 2819 no-

150 2831 196 2861 bis
210 2830 353 2861 Guerram
367 2840 486 2860 movere
497 2829 632 2865 voluerit,
651 2835 682 2857 ut
693 2825 735 2856 est
748 2825 858 2856 distum
867 2847 875 2863 ,
895 2827 944 2856 nisi
957 2827 992 2856 de
1006 2826 1082 2857 bona
1095 2827 1129 2858 &
1142 2827 1209 2859 forti

147 2868 320 2900 Resistentia
338 2868 518 2906 provideatur
533 2890 543 2905 ,
569 2866 673 2897 debitae
687 2863 926 2895 Considerationis
940 2865 1074 2895 intuitum
1086 2865 1208 2904 dirigen-

147 2915 190 2939 tes
203 2929 214 2946 ,
231 2906 456 2944 attendentesque
477 2904 557 2944 quod
576 2904 612 2934 ad
626 2904 685 2934 hoc
699 2912 760 2946 non
774 2902 912 2946 solum-ex
928 2902 1082 2942 Ligeantiae
1094 2904 1209 2943 debit0,

150 2946 189 2978 set
206 2947 293 2976 etiam
337 2955 370 2975 ro
391 2945 472 2975 tantis
494 2944 527 2974 &
547 2942 607 2973 tam
620 2941 814 2972 verisimilibus
828 2941 963 2972 evitandis
997 2943 1124 2981 ericulis,
1140 2953 1210 2982 vos,

149 2985 185 3016 δε
199 2985 296 3015 caeteri
309 2955 422 3014 lgraelati
435 3006 444 3020 ,
462 2981 590 3020 totusque
605 2979 706 3011 Clerus
718 2978 814 3019 Regni
823 2978 926 3018 nostri,
986 2990 1053 3011 atius
1066 2990 1209 3019 apponere

148 3024 289 3055 tenemini
303 3021 463 3061 Adjutrices
471 3045 481 3059 ,
769 3056 774 3062 ι
916 3057 921 3063 ·

190 3061 284 3092 Vobis
304 3059 470 3092 mandamus
485 3082 495 3098 ,
519 3066 651 3095 rogantes
665 3079 675 3094 ‚
701 3064 829 3099 quatinus
841 3055 875 3086 ad
894 3055 971 3087 diem
987 3057 1096 3096 Lunae,
1114 3060 1209 3096 proxi-

149 3109 228 3131 mam
243 3099 308 3138 post
324 3098 440 3129 Festum
460 3097 632 3128 Sanstorurn
646 3094 776 3125 Tiburcii
793 3095 826 3124 ὃ(
844 3093 999 3133 Valeriani,
1015 3099 1149 3133 proximo
1164 3098 1208 3128 fu-

150 3146 265 3176 turum,
283 3138 440 3168 convenire
454 3135 560 3166 faciatis
572 3143 673 3165 omnes
685 3132 835 3175 Praelatos,
853 3133 911 3163 tam
926 3133 1082 3173 Religiosos
1092 3159 1101 3174 ,
1120 3136 1207 3173 quam

148 3176 237 3214 alim,
254 3185 407 3214 totumque
425 3174 547 3206 Clerum
567 3171 667 3204 vestrae
687 3170 892 3201 Cantuariensis
912 3171 1090 3211 Provinciae,
1108 3183 1207 3204 coram

149 3215 252 3251 vobis,
269 3215 351 3252 eique
364 3214 439 3244 dieta
453 3212 583 3250 Negotia
594 3211 628 3242 «Sc
644 3209 774 3240 Pericula
787 3210 937 3252 eminentia
958 3210 1071 3242 seriosus
1085 3221 1209 3249 expone-

146 3263 181 3284 re
194 3251 324 3284 studeatis
333 3275 343 3291 ,
362 3252 527 3283 inducentes
540 3260 589 3281 eos
603 3247 697 3280 modis
711 3248 745 3278 &
757 3248 824 3284 viis,
844 3247 944 3291 quibus
964 3249 1093 3291 expedire
1105 3249 1208 3280 videri-

148 3292 201 3329 tis,
219 3290 299 3330 quod
313 3292 342 3322 in
356 3298 434 3321 tanto
448 3288 612 3320 necessitatis
627 3286 757 3318 Articulo
767 3284 820 3315 tale
834 3285 917 3315 nobis
933 3286 1093 3330 Subsidium
1106 3287 1208 3319 faciant

147 3339 204 3369 pro
219 3330 299 3360 tantis
310 3328 445 3360 Periculis
459 3326 611 3364 evitandis,
629 3324 726 3364 quod,
742 3333 791 3361 per
802 3322 923 3353 vestram
945 3325 978 3354 &
995 3324 1118 3362 ipsorum
1134 3325 1207 3356 Sub-

149 3369 334 3406 vetitionem,
347 3367 432 3406 Jura,
451 3368 485 3398 &
499 3365 655 3396 Honorem
675 3362 823 3398 nostrum,
841 3362 874 3392 &
889 3363 973 3393 totius
987 3362 1084 3402 Regni
1097 3363 1204 3402 nostri,

148 3407 314 3437 conservare
329 3430 340 3445 ,
362 3405 490 3443 ipsosque
504 3428 513 3441 ,
539 3404 573 3434 &
585 3411 679 3434 totum
694 3400 838 3440 Populum
853 3399 998 3444 nostrum,
1016 3402 1052 3431 ab
1066 3401 1205 3432 Hostium

148 3443 309 3476 Incursibus
328 3444 400 3476 tueri
418 3444 453 3475 &
473 3450 620 3482 protegere
639 3441 779 3472 valeamus
792 3462 803 3477 ‚
827 3437 941 3470 Divmo
963 3439 1046 3471 nobis
1073 3440 1207 3472 Praesidio

150 3481 298 3514 assistente.

188 3520 334 3551 Mittimus
345 3529 440 3551 autem
456 3519 491 3551 ad
505 3529 573 3557 vos,
591 3517 627 3548 ad
641 3517 718 3548 diem
732 3516 766 3547 &
777 3514 877 3546 locum
889 3515 1057 3553 praedictos,
1071 3516 1206 3555 quosdam

151 3557 189 3588 de
202 3558 226 3588 F
227 3558 341 3590 idelibus
355 3558 472 3598 nostris,
491 3557 526 3588 ad
540 3557 681 3597 praemissa
695 3553 920 3598 prosequendum
936 3554 970 3586 δε
983 3554 1044 3585 fieri
1053 3565 1207 3593 procuran-

151 3596 239 3635 dum,
257 3607 341 3635 prout
354 3599 393 3628 eis
406 3606 474 3629 tunc
489 3605 524 3627 ex
539 3604 617 3635 parte
632 3594 726 3626 nostra
738 3600 904 3631 injungetur.

188 3668 281 3703 Teste
296 3672 379 3714 Rege
392 3673 466 3713 apud
477 3672 685 3714 Wyntoniam,
705 3671 820 3702 decimo
833 3668 938 3701 oistavo
951 3668 998 3700 die
1010 3668 1117 3701 Mami.

188 3742 357 3782 consimiles
371 3750 476 3784 Literae
486 3749 646 3789 diriguntur
658 3747 880 3789 Archiepiscopo
893 3744 1074 3778 Eboracensi.

1249 1867 1302 1896 tius
1314 1868 1413 1897 veritas
1427 1867 1510 1897 fuerit
1527 1867 1670 1906 patefacta.
2351 1897 2360 1904 ‚

1287 1904 1391 1943 Nuper
1414 1905 1550 1943 siquidem
1566 1930 1575 1944 ,
1599 1906 1630 1936 in
1652 1905 1843 1936 Parliamento
1863 1903 1985 1944 nostro,
1998 1904 2076 1943 quod
2097 1904 2170 1974 agid
2184 1905 2315 1946 Wynto-

1249 1944 1342 1982 niam,
1359 1953 1413 1981 pro
1435 1945 1572 1982 aliquibus
1590 1944 1682 1975 arduis
1703 1944 1844 1982 negotiis,
1861 1943 1931 1974 Nos
1945 1944 1978 1974 &
1993 1944 2096 1974 statum
2145 1944 2242 1975 ucatsis
2257 1954 2314 1975 no-

1250 1981 1297 2012 stri
1314 1981 1475 2020 Aquitaniae
1489 1984 1683 2023 tangentibus,
1698 1983 1841 2013 tenuimus
1854 1991 1922 2012 cum
1935 1981 2116 2020 Magnatibus
2131 1983 2164 2013 δε
2181 1981 2316 2013 Proceri-

1250 2020 1301 2050 bus
1317 2020 1412 2060 Regni
1426 2021 1531 2059 nostri,
1549 2020 1668 2051 ostensae
1680 2021 1792 2051 fuerunt
1807 2019 1937 2058 quaedam
1953 2019 2058 2050 Literae
2074 2020 2190 2057 clausae,
2209 2020 2311 2057 Sigillo

1250 2058 1372 2096 ejusdem
1388 2058 1514 2103 Comitis
1525 2060 1699 2097 consignatae
1706 2082 1719 2098 ,
1734 2058 1911 2090 Seditionem
1924 2066 2026 2089 contra
2038 2057 2107 2089 Nos
2123 2081 2134 2097 ,
2158 2067 2188 2088 ut
2201 2058 2318 2091 videba—

1252 2105 1313 2135 tur,
1333 2106 1522 2128 continentes.

1290 2135 1381 2174 Super
1422 2147 1461 2168 uo
1484 2137 1575 2175 ipsum
1594 2136 1700 2175 alloqui
1719 2135 1840 2167 fecimus
1854 2158 1866 2174 ,
1889 2135 1939 2174 &,
1957 2135 2021 2174 quia
2033 2143 2136 2173 negare
2149 2145 2208 2166 non
2224 2135 2317 2174 potuit

1252 2173 1384 2212 Sigillum
1401 2147 1504 2214 (suum,
1522 2185 1662 2207 annexum
1683 2175 1768 2206 literis
1786 2173 1946 2214 supradietis
1957 2198 1967 2213 ,
1982 2174 2075 2214 ipsum
2087 2173 2225 2205 custodiri
2241 2184 2317 2213 prae-

1253 2214 1381 2251 cepimus
1393 2214 1443 2244 sub
1458 2213 1569 2245 Aresto.

1291 2251 1336 2282 Ac
1351 2252 1429 2283 idem
1444 2251 1555 2283 Comes
1570 2261 1658 2291 mox,
1675 2261 1775 2283 coram
1790 2250 1956 2290 quibusdam
1969 2249 2110 2281 Ministris
2126 2251 2317 2289 nosti·is,abs-

1254 2300 1310 2328 que
1325 2290 1379 2320 ulla
1393 2293 1516 2321 omnino
1532 2290 1713 2329 Coactione,
1732 2290 1806 2329 quasi
1820 2290 1886 2320 faeti
1900 2291 2042 2328 pcenitens
2052 2290 2218 2328 ,fatebatur,
2233 2290 2319 2329 spon-

1252 2328 1332 2359 tanea
1352 2329 1499 2360 voluntate
1516 2352 1526 2368 ‚
1551 2329 1629 2367 quod
1650 2336 1824 2360 convenerat
1842 2338 1911 2359 cum
1933 2327 2099 2366 quibusdam
2115 2352 2125 2366 ,
2149 2329 2179 2358 in
2195 2329 2319 2366 partibus

1254 2366 1479 2405 Transmarinis,
1495 2367 1530 2398 de
1552 2369 1736 2399 Armatorum
1758 2366 1906 2405 Potentia,
1924 2367 1996 2397 infra
2016 2365 2155 2404 Regnum
2169 2367 2320 2404 nostrum,

1254 2415 1302 2443 per
1322 2415 1411 2442 partes
1421 2406 1527 2437 Scoriae
1541 2428 1552 2444 ,
1575 2406 1781 2436 introducenda
1800 2405 1835 2435 ad
1854 2405 2078 2436 destrufflonem
2105 2404 2230 2434 nostram
2246 2427 2256 2442 ,
2279 2404 2317 2436 &

1254 2444 1447 2482 quorumdam
1460 2445 1581 2475 aliorum
1594 2444 1631 2474 M
1648 2453 1783 2484 (rnatum,
1801 2444 1882 2474 nobis
1897 2443 2096 2474 assistentium:

1292 2481 1329 2512 Et
1349 2483 1427 2521 quod
1450 2483 1564 2521 quidam
1583 2483 1619 2513 de
1661 2484 1752 2521 cotia,
1771 2493 1803 2513 ac
1818 2482 1949 2512 nonnulli
1961 2482 2021 2519 aiii,
2040 2480 2075 2510 de
2089 2478 2192 2510 eodem
2205 2479 2316 2517 Regno

1253 2520 1375 2559 nostro,
1399 2520 1537 2552 Seditioni
1558 2521 1720 2560 hujusmodi
1740 2520 1946 2552 consentientes
1968 2527 2045 2550 erant
2058 2541 2069 2557 ,
2087 2518 2120 2549 δε
2134 2518 2317 2556 promiserant

1253 2559 1287 2589 ad
1304 2559 1361 2589 lioc
1376 2570 1464 2598 opem
1479 2560 1573 2597 ferre,

1293 2597 1434 2628 Colorem
1450 2606 1535 2628 tantae
1546 2599 1698 2636 iniquitatis
1710 2596 1849 2627 assumens
1865 2595 1902 2626 de
1913 2604 1967 2632 ec,
1987 2594 2081 2632 quod,
2102 2594 2183 2625 clarae
2200 2606 2316 2627 frenio-

1254 2635 1322 2673 riae,
1340 2635 1512 2666 Genitotem
1533 2636 1661 2666 nostruin
1677 2658 1686 2674 ,
1713 2636 1761 2673 qui
1775 2636 1834 2673 jam
1848 2658 1858 2672 ,
1882 2633 1976 2671 elapsis
1990 2634 2097 2663 Tribus
2111 2635 2206 2672 annis,
2225 2634 2315 2674 obiit,

1253 2674 1286 2704 &
1303 2675 1380 2712 cujus
1395 2674 1456 2704 Exe
1479 2675 1527 2704 uiis
1541 2674 1717 2712 personaliter
1730 2673 1855 2703 interfuit
1871 2673 1946 2702 idem
1963 2670 2090 2710 Comes,
2106 2673 2195 2702 vitam
2212 2672 2315 2704 assere-

1253 2712 1302 2742 bat
1313 2712 1416 2742 ducere
1430 2713 1459 2742 in
1493 2713 1616 2751 umanis,
1634 2713 1667 2742 ὃς
1681 2721 1734 2750 pro
1749 2711 1830 2749 ipsius
1846 2709 2057 2741 Deliberatione
2072 2721 2086 2740 a
2100 2709 2239 2750 Carcere,
2254 2721 2315 2749 quo

1253 2750 1344 2788 ipsum
1360 2750 1533 2781 mendaciter
1545 2750 1662 2781 detineri
1681 2750 1828 2788 praetendit
1837 2772 1847 2788 ,
1865 2757 1969 2780 tantani
1988 2748 2054 2779 fecit
2067 2746 2229 2780 Potentiam
2243 2760 2317 2781 con-

1273 2798 1377 2825 regan:

1251 2797 1271 2828 g
1291 2827 1460 2867 Adiecitque
1488 2827 1567 2867 quod
1588 2838 1604 2858 a
1629 2827 1754 2866 quodam
1774 2826 1869 2857 Fratre
1892 2826 1953 2865 (qui
1971 2833 2050 2856 coN
2077 2834 2313 2857 URAVERAT

1252 2874 1301 2904 Q]
1311 2876 1331 2896 o
1342 2875 1361 2896 n
1370 2876 1390 2897 n
1400 2876 1420 2896 A
1430 2875 1457 2896 M
1482 2866 1514 2897 D
1523 2876 1555 2898 ,κε
1564 2874 1591 2898 Μ
1601 2877 1620 2897 o
1632 2875 1654 2897 N
1665 2876 1675 2897 1
1685 2875 1707 2896 υ
1718 2865 1757 2903 Μ)
1794 2865 1914 2896 audierat
1935 2864 2013 2903 quod
2068 2866 2224 2896 aemonium
2244 2864 2313 2895 illud

1250 2904 1357 2973 dsiisterat
1379 2905 1461 2936 dieto
1479 2906 1565 2936 Fratri
1580 2930 1589 2944 ,
1614 2905 1762 2944 praefat‘um
1783 2903 1898 2934 Patrem
1914 2903 2044 2934 nostrum
2057 2903 2149 2934 adhuc
2164 2905 2312 2934 viventem

1250 2952 1267 2973 e
1292 2954 1315 2974 e.

1288 2981 1341 3021 Et,
1359 2993 1425 3014 cum
1438 2982 1575 3021 praemiffa
1587 2983 1670 3014 nobis
1682 2983 1769 3013 essent
1784 2991 1834 3020 per
1846 2982 1939 3013 distes
1954 2980 2106 3023 Ministros,
2115 2977 2227 3009 nostros
2236 2988 2309 3009 nun-

1252 3022 1339 3060 ciata,
1359 3022 1483 3053 misimus
1504 3021 1539 3052 ad
1559 3022 1648 3060 ipsum
1673 3021 1827 3060 Comites,
1850 3020 1994 3057 Barones,
2016 3019 2050 3049 &
2072 3018 2140 3047 alios
2161 3017 2312 3057 Magnatee

1251 3061 1429 3098 quamplures
1444 3084 1454 3099 ,
1498 3070 1531 3090 ro
1543 3059 1752 3098 praemissorum
1767 3061 1882 3090 veritate
1895 3058 2002 3101 plenius
2016 3055 2188 3100 indaganda,
2206 3065 2306 3086 coram

1250 3099 1351 3136 quibus
1366 3099 1442 3129 idem
1462 3071 1571 3130 &omes
1592 3101 1689 3129 omnia
1704 3099 1737 3130 &
1752 3097 1855 3136 singula
1868 3095 1999 3134 predicta
2013 3094 2143 3132 Flagitia,
2161 3095 2194 3125 &
2210 3104 2313 3133 quam-

1249 3137 1328 3175 plura
1343 3138 1392 3167 alia
1406 3139 1524 3176 iterato,
1542 3138 1655 3175 publice
1676 3136 1847 3177 recognovit
1860 3156 1870 3170 ,
1895 3133 2014 3177 asserens
2029 3132 2055 3176 se
2070 3143 2120 3171 ea,
2137 3133 2214 3164 malo
2227 3132 2311 3165 Con-

1250 3175 1326 3243 sililo?
1344 3175 1377 3206 ad
1392 3175 1628 3207 Destructionem
1642 3173 1734 3205 Status
1746 3171 1835 3203 nostri
1850 3171 1939 3209 Regu
1952 3170 2130 3202 machinasse.

1324 3224 1377 3244 osi
1399 3222 1453 3244 itur

1287 3224 1538 3282 TamagFaci’nora
1550 3273 1561 3289 ,
1584 3260 1619 3281 ex
1641 3249 1776 3281 relatione
1793 3247 1868 3279 fideli
1887 3248 2011 3287 ipsorum
2033 3247 2205 3286 Comitum,
2220 3247 2308 3279 Baro-

1248 3299 1335 3327 num,
1354 3290 1387 3320 &
1405 3289 1576 3327 Magnarum
1592 3289 1727 3326 (quorum
1749 3287 1879 3318 nonnulli
1898 3288 2032 3326 proximis
2052 3286 2308 3327 Consanguinitatis

1249 3328 1283 3358 &
1301 3327 1450 3357 Affinitatis
1464 3327 1591 3366 gradibus
1602 3326 1694 3357 eidem
1704 3327 1817 3357 Comiti
1827 3326 2033 3365 jungebantur,
2051 3327 2085 3358 &
2099 3325 2181 3364 ipsius
2193 3325 2308 3356 salutem

1247 3365 1356 3404 speciali
1367 3365 1495 3397 zelabant
1509 3365 1626 3402 affeetu)
1642 3365 1844 3404 cognoscentes
1852 3388 1862 3403 ,

1285 3403 1397 3434 Eisdem
1420 3403 1585 3435 Comitibus
1599 3428 1608 3442 ,
1629 3403 1783 3434 Baronibus
1797 3428 1806 3441 ,
1826 3403 2026 3442 Magnatibus,
2043 3403 2077 3433 &
2090 3403 2147 3433 aliis
2161 3402 2196 3433 de
2209 3400 2303 3443 Corri-

1248 3443 1384 3473 munitate
1396 3442 1464 3473 dieti
1478 3443 1590 3482 Regni,
1607 3442 1641 3472 ad
1658 3442 1877 3473 Parliamenrum
1891 3441 1959 3473 illud
1972 3451 2029 3472 con
2064 3443 2163 3480 egatis,
2182 3441 2304 3482 injunxi-

1248 3489 1310 3511 mus
1324 3490 1353 3512 ut
1369 3481 1447 3519 super
1461 3482 1513 3512 hiis
1527 3482 1730 3520 discernerent,
1747 3482 1780 3512 δε
1792 3481 1948 3518 judicarent
1970 3450 2062 3518 quo&Y
2065 3480 2164 3522 rationi
2176 3479 2209 3508 &
2220 3475 2302 3514 justi·

1246 3519 1293 3549 tiae
1307 3521 1490 3558 conveniret,
1507 3519 1638 3550 habendo
1660 3529 1718 3558 prae
1736 3520 1824 3549 oculis
1842 3519 1933 3550 solum
1952 3518 2052 3548 Deum
2065 3540 2075 3555 ,
2089 3527 2136 3560 qui
2150 3524 2215 3544 eum
2231 3524 2304 3544 cori-

1247 3558 1334 3588 corde
1345 3558 1379 3591 &
1393 3560 1520 3589 unanimi
1534 3559 1690 3597 Sententia,
1711 3567 1844 3597 tanquam
1859 3558 1959 3588 Reum
1973 3556 2108 3588 Criminis
2123 3552 2212 3583 Laefae
2227 3551 2297 3584 Ma-

1243 3595 1363 3635 jestatis,
1381 3598 1468 3628 morti
1481 3597 1679 3636 adjudicarunt.

1285 3633 1343 3665 Cui
1359 3635 1524 3673 Sententiae,

1285 3672 1340 3703 Ne
1353 3682 1438 3704 tantae
1448 3674 1672 3713 praesumptionis
1687 3672 1797 3703 audacia
1812 3673 1920 3704 caeteris
1929 3669 2051 3703 transiret
2066 3665 2302 3711 innEXffl'ssPlUm,¹

1247 3711 1386 3743 subductis
1400 3720 1495 3743 tamen
1509 3712 1671 3750 quibusdam
1686 3709 1784 3742 Poenis
1795 3709 2002 3750 obprobriosis,
2021 3717 2086 3750 quae
2098 3716 2127 3735 in
2138 3705 2311 3748 detestatio,

1247 3759 1316 3820 gem
1335 3752 1404 3781 tanti
1423 3751 1539 3782 Sceleris
1551 3774 1562 3789 ,
1585 3750 1621 3780 de
1638 3751 1732 3790 rigore
1754 3750 1838 3790 Legis
1854 3748 1924 3779 dicti
1945 3746 2060 3785 Regni,
2077 3751 2155 3774 erant
2168 3743 2298 3782 infligen-

1268 3799 1293 3819 ae

1244 3864 1264 3896 d
1286 3810 1423 3871 ljolentes
1442 3826 1637 3866 adquievimus
1649 3852 1658 3866 ,
1685 3827 1719 3859 &
1741 3825 1915 3865 permisimus
1927 3831 1990 3853 eam
2004 3819 2170 3852 Executioni
2181 3818 2299 3851 deman-

1266 3875 1312 3896 ari.

1284 3902 1393 3933 Placeat
1405 3904 1504 3943 igitur,
1522 3905 1694 3943 quaesumus,
1708 3901 1808 3934 vestrae
1827 3897 2010 3931 Sanctitudini
2029 3895 2226 3941 Innocentiam
2242 3907 2298 3929 no·

1246 3941 1331 3974 stram
1347 3963 1356 3979 2
1378 3941 1456 3984 super
1474 3952 1579 3974 eventu
1598 3942 1736 3981 praedicto
1748 3964 1758 3978 ,
1783 3940 1832 3977 qui
1853 3937 1935 3968 nobis
1951 3935 2073 3965 multum
2092 3935 2244 3978 displicuit,
2259 3937 2294 3968 ὃς

1245 3980 1387 4020 displicet,
1403 3982 1486 4014 novit
1503 3979 1586 4013 Deus
1600 4003 1612 4021 ,
1632 3980 1736 4013 habere
1748 3975 1910 4018 propensius
1922 3973 2095 4011 excusatam,
2112 3974 2163 4013 &‚
2179 3976 2200 4005 1ι
2214 3984 2296 4051 ςὲἓ,
