2562 4279
153 113 210 152 94

6 186 86 218 Ann.
102 184 143 215 D.
155 184 262 215 Wallifi
277 207 287 223 ,
312 181 458 222 aggregata
488 180 538 211 sibi
562 178 669 216 ingenti
688 172 864 205 multitudine
890 171 1105 203 malefa&orum
1121 192 1131 208 ,

39 225 122 265 1316.
158 225 234 262 pacis
252 218 354 253 nostrii:
373 221 592 260 perturbatorum
607 239 617 254 ,
644 222 744 258 contra
767 222 818 243 rios
840 212 1036 256 surrexerunt,
1073 219 1115 256 Ner
1149 205 1225 245 quod

9 266 78 292 htv,
99 274 125 292 2.
159 262 353 300 injunximus,
387 259 493 290 <mersio
520 258 553 287 δε
577 253 650 284 fideh
676 251 794 290 nostre,
833 251 958 289 Johanm
988 249 1023 280 de
1082 246 1229 282 herleton,

26 304 45 320 ’ὅ
64 304 118 330 111.
161 299 241 339 quod
265 300 321 338 ipse
343 298 378 329 ad
402 295 566 327 eorumdem
589 292 781 322 inimicorum
810 290 843 321 &
875 289 1039 320 Rebellium
1065 285 1228 316 nostrorum

48 350 115 377 554.
159 342 332 377 proterviam
349 338 383 367 δε
401 335 554 370 malitiam,
574 340 643 360 curn
666 329 724 359 Dei
744 328 899 368 adjutorio,
914 325 1145 366 reprimendum,
1163 332 1230 353 mo-

161 378 204 408 dis
221 377 370 412 omnibus,
389 375 485 412 quibus
504 370 622 408 poterit,
640 367 757 398 insistat:
789 406 795 411 ᾗ
973 405 977 410 ¹
1004 403 1012 411 R
1117 401 1127 410 Α
1184 400 1191 407 ,

154 415 156 417 ’
197 415 288 446 Vobis
311 413 475 444 mandamus
500 407 575 446 quod
598 417 698 437 omnes
714 406 844 436 homines
861 405 897 436 de
915 404 1018 435 balliva
1038 401 1148 439 vestra,
1171 407 1230 443 tam

160 455 266 492 equites
279 476 289 491 ,
320 452 405 490 quarn
424 448 558 490 pedites,-
571 446 606 476 ad
630 455 707 477 arma
724 453 866 483 potentes,
892 445 1021 482 quotiens
1046 451 1117 479 opus
1133 440 1232 475 fuerit,

152 492 227 526 'eligi
242 493 275 523 δε
292 489 455 528 congregari
467 485 585 516 faciatis:
1001 520 1007 525 ·
1060 519 1065 524 ¹
1225 515 1230 519 ι

198 529 234 560 Et
251 540 302 560 vos
321 529 382 566 ipli,
409 524 489 555 simul
505 533 573 554 curn
592 523 653 562 ipfis
670 523 834 554 hominibus
847 546 856 560 ,
882 529 1009 559 prompti
1027 519 1080 562 sitis
1097 518 1130 548 ὃς
1149 522 1233 554 parati

159 569 194 600 ad
213 564 458 605 proficiscendum,
477 573 545 593 curn
563 562 679 603 praefato
695 561 843 601 johanne,
862 568 961 590 contra
975 558 1108 588 Inimicos
1123 555 1156 585 δε
1172 553 1234 583 Re-

162 607 246 637 belles
272 606 377 636 nostros
395 601 579 642 supradi&08,
604 601 638 632 ad
654 610 753 631 eorum
772 599 909 630 malitiam
927 599 957 628 in
977 598 1029 627 liac
1049 604 1140 633 parte,
1165 601 1233 622 cum

164 645 225 676 Dei
241 643 358 680 auxilio,
378 640 578 679 repellendum.
1026 674 1030 678 Ι
1227 668 1232 673 ⁸

201 683 236 713 Et
253 683 326 719 hoc,
344 681 413 710 licut
429 689 497 717 nOS,
512 679 544 709 δε
563 678 704 708 honorem
724 676 868 714 nostrum,
891 676 924 706 &
942 673 1119 714 salvationem
1137 669 1235 712 Regni

162 721 250 753 nostri
283 721 315 750 &
334 719 454 757 partium
492 717 690 755 raedichrum,
707 716 839 753 diligitis,
859 714 936 744 nullo
954 712 1044 742 modo
1057 716 1200 752 omittatis.

198 743 286 791 Teste
304 757 387 796 Rege
405 728 491 795 apudp
498 755 698 794 Lincolniam,
712 754 850 786 vicesimo
867 753 942 783 sexto
959 751 1005 781 die
1025 749 1176 779 Februarii.

800 833 853 860 Per
870 827 953 868 ipfitnz
971 830 1076 864 Regem.

197 913 309 944 Eodem
335 912 425 943 modo
450 911 615 943 mandatum
640 909 681 941 est
698 932 708 948 ,
734 908 844 939 mutatis
862 913 1054 944 competenter
1081 899 1237 937 mutandis,

164 953 343 985 Vicecomiti
357 952 486 991 Salopiae.

203 1081 251 1113 De
268 1079 502 1127 proclamatione
517 1076 608 1124 fhper
632 1078 744 1110 Armis
770 1071 968 1109 M‘ilitaribus
985 1066 1189 1118 fitfiiplmdls·

14 1175 90 1207 Αῃῃ,
104 1173 145 1205 D⁸
166 1165 290 1225 REX
309 1165 489 1196 Vicecomiti
506 1163 652 1201 Eborum,
670 1163 793 1193 salutem.
875 1199 880 1204 ι
972 1198 977 1203 .
1087 1195 1092 1200 ,
1133 1194 1139 1202 x

35 1213 120 1254 1316.
264 1205 359 1243 Qia,
377 1205 407 1233 in
425 1203 610 1233 Parlianiento
623 1201 740 1239 nostro,
757 1198 830 1238 apud
848 1197 1029 1228 Lincolniam
1045 1195 1149 1226 ultimo
1165 1202 1238 1240 coii-

10 1259 67 1282 Aa.
83 1262 111 1286 9.
164 1254 291 1288 vocato?
316 1243 352 1274 de
378 1243 529 1272 communi
548 1240 664 1271 consilio
683 1240 779 1269 nostro
802 1239 890 1268 extitit
909 1235 1131 1278 concordatum,
1157 1230 1237 1270 quod

13 1296 45 1321 z,
66 1301 91 1320 2,
163 1293 262 1314 omnes
280 1282 318 1312 illi
335 1281 371 1312 de
390 1281 497 1318 Regno
516 1279 627 1316 nostro,
653 1280 701 1316 qui
721 1278 823 1308 habent
841 1276 1038 1313 quinquaginta
1055 1272 1165 1302 libratas
1184 1279 1238 1314 ter-

15 1329 105 1365 Claus.
165 1333 220 1361 rae,
237 1321 281 1352 vel
297 1319 434 1357 redditus,
452 1328 496 1349 aut
510 1318 627 1348 feodum
643 1319 721 1347 unius
744 1315 844 1346 Militis
864 1316 1025 1357 integrum,
1043 1311 1135 1341 valens
1155 1319 1238 1352 quin-

15 1373 81 1404 9.E.
100 1378 125 1395 2.
165 1362 299 1399 quaginta
315 1360 395 1389 libras
415 1368 462 1395 per
479 1366 599 1393 annum,
617 1356 650 1386 &
670 1366 701 1385 ea
718 1365 767 1392 per
788 1362 895 1384 annum
917 1360 1060 1388 integrum
1080 1355 1236 1391 tenuerint,

14 1417 50 1436 m,
87 1408 147 1435 6,,1,
163 1400 219 1430 sive
234 1399 269 1429 de
283 1399 379 1435 nobis,
399 1397 454 1427 sive
470 1395 505 1425 de
520 1396 575 1425 alio
588 1402 713 1430 teneant,
732 1394 764 1424 ὃ(
782 1391 889 1422 Milites
901 1401 959 1420 non
971 1390 1048 1433 sunt,
1064 1397 1140 1418 arm-a
1162 1386 1237 1416 mili-

163 1440 231 1469 taria
242 1436 387 1474 suscipiant
402 1436 472 1465 citra
499 1433 608 1463 Festum
630 1433 744 1462 Sanctae
764 1430 913 1461 Trinitatis
937 1429 1069 1467 proximo
1091 1425 1237 1463 futurum,

164 1476 211 1509 vel
226 1477 257 1506 in
271 1475 372 1506 eodem
390 1473 469 1503 Festo
485 1471 519 1502 ad
536 1472 677 1502 ultimum.

202 1515 276 1546 Tibi
291 1514 470 1552 praecipimus
482 1533 491 1549 ,
510 1510 624 1540 firmiter
637 1510 831 1547 injungentes,
848 1506 928 1546 quod
943 1507 973 1536 in
989 1504 1074 1543 pleno
1089 1502 1236 1546 Comitatu

166 1562 216 1586 tuo
256 1562 289 1583 ex
308 1561 385 1598 parte
402 1549 514 1588 nostra,
533 1548 647 1587 publice
670 1548 754 1578 facias
774 1546 962 1585 proclamari,
980 1543 1058 1583 quod
1080 1552 1180 1585 omnes
1199 1541 1237 1571 illi

164 1593 201 1624 de
217 1576 320 1623 flauiva
336 1590 399 1627 tua,
417 1590 466 1626 qui
481 1588 585 1618 habent
601 1587 801 1626 quinquaginta
811 1585 918 1615 libratas
926 1592 1023 1620 terrae,
1041 1581 1085 1612 vel
1100 1580 1240 1625 redditus,

164 1641 210 1663 aut
226 1629 343 1661 feodum
355 1629 435 1659 unius
452 1626 572 1665 Militis,
590 1627 745 1665 integrum,
764 1624 945 1666 valens-quin
967 1622 1078 1658 uagitita
1096 1619 1176 1650 libras
1190 1629 1240 1657 per

167 1679 292 1707 annum,
311 1669 344 1699 δε
360 1678 391 1697 ea
406 1675 456 1703 per
475 1674 582 1695 annum
604 1665 748 1701 integrum
767 1671 919 1698 tenuerint,
935 1700 939 1704 ι
964 1670 980 1704 e
1003 1668 1183 1703 quocumque
1198 1667 1241 1688 te·-

169 1717 271 1746 neant,
289 1708 322 1738 &
334 1705 442 1737 Milites
457 1713 517 1734 non
535 1703 612 1740 sunt,
631 1713 709 1733 arma
724 1701 853 1732 militaria
875 1699 1020 1739 suscipiant
1039 1706 1108 1729 citra
1129 1696 1241 1727 Festum

167 1746 374 1786 supradictum,
390 1743 435 1774 vel
450 1743 478 1772 in
494 1741 596 1772 eodem
614 1740 710 1779 Festo,
729 1749 759 1771 ut
770 1739 810 1770 est
825 1739 946 1769 dictum.
1221 1774 1226 1779 ι

209 1785 245 1816 Et
262 1785 298 1815 de
316 1782 479 1813 nominibus
492 1781 623 1811 omnium
636 1780 768 1824 illorum,
786 1779 834 1816 qui
848 1786 956 1807 tantum
973 1784 1069 1813 terrae,
1087 1774 1133 1804 vel
1151 1773 1242 1804 reddi-

169 1824 232 1863 tsis,
250 1823 295 1853 seu
310 1819 467 1860 hujusmodi
481 1818 598 1849 feodum
618 1819 649 1847 in
662 1817 767 1848 Balliva
782 1816 828 1847 tua
843 1816 963 1853 haberit,
980 1815 1014 1846 &
1035 1824 1067 1857 ea
1086 1813 1244 1857 tenuerint,

169 1863 239 1894 sicut
254 1860 420 1899 praedictum
432 1857 491 1894 est,
510 1858 591 1887 nobis
604 1856 653 1886 sub
671 1856 762 1893 sigillo
783 1863 833 1886 tuo
848 1852 978 1885 constare
998 1852 1099 1890 facias,
1116 1862 1145 1882 in
1161 1850 1242 1881 Festo

161 1900 343 1939 supradicto,
363 1898 504 1928 remittens
518 1896 600 1926 nobis
618 1895 674 1925 hoc
688 1896 782 1925 breve.

207 1939 243 1970 Et
264 1938 331 1968 scias
353 1935 432 1974 quod
450 1934 486 1964 de
501 1933 580 1971 gestu
598 1942 667 1971 tuo,
694 1934 723 1963 in
745 1932 911 1963 executione
936 1929 1097 1968 hujusmodi
1122 1928 1245 1959 mandati

168 1977 259 2045 nostr}
271 1976 420 2012 diligenter
436 1974 574 2010 inquirere
586 1971 734 2009 volumus,
751 1972 785 2002 &
800 1978 902 2001 extunc
919 1968 1079 2000 remedium
1093 1967 1172 2006 super
1185 1967 1244 1997 hoc

170 2016 229 2047 fieti
256 2015 386 2046 aciemus.

211 2092 300 2124 Teste
314 2091 399 2130 Rege
413 2090 485 2130 apud
502 2088 701 2128 Lincolniam,
719 2087 859 2120 vicesimo
873 2085 978 2117 oetavo
994 2084 1041 2116 die
1057 2084 1206 2117 Februarii.

211 2169 379 2201 Consimiles
393 2169 491 2200 litterae
502 2167 660 2205 diriguntur
674 2165 785 2204 singulis
800 2163 1030 2195 Vicecomitibus
1044 2172 1094 2201 per
1103 2161 1249 2199 Angliam.

432 2295 479 2327 De
504 2289 751 2326 Ordinationibus
775 2287 975 2334 obfirvandis.

27 2377 104 2411 Ann.
120 2376 162 2408 D.

58 2417 142 2457 1316.

28 2461 80 2486 An.
96 2466 123 2490 9.

29 2501 58 2523 E.
79 2504 105 2522 2.

27 2533 116 2569 Claus.
137 2543 164 2568 9.

29 2577 61 2600 Ε.
82 2582 109 2599 2.
126 2581 163 2599 m.

35 2620 78 2647 ¹5·
92 2610 118 2638 d.

182 2381 304 2440 REX
325 2379 501 2412 Vicecomiti
517 2376 694 2414 Lincolniae,
710 2375 830 2406 salutem.

280 2419 361 2451 Cum
378 2429 462 2456 nuper
485 2416 614 2455 quasdam
627 2414 844 2451 Ordinationes,
862 2422 910 2450 per
932 2411 1061 2442 Praelatos
1082 2411 1116 2442 &
1140 2410 1247 2442 Proce-

179 2470 219 2491 res
235 2458 333 2496 Regni
349 2456 435 2488 nostri
448 2456 550 2493 facias,
569 2453 829 2491 approbaverimus,
849 2452 882 2482 δε
897 2461 944 2488 per
966 2451 1054 2481 literas
1074 2449 1182 2481 nostras
1202 2460 1250 2488 pa-

179 2507 266 2530 tentes
280 2496 554 2531 confirmaverimus,
573 2492 692 2530 ipsasque
708 2501 756 2528 per
772 2490 894 2526 singulos
906 2488 1068 2519 Comitatus
1084 2488 1179 2525 Regni
1195 2498 1249 2518 no-

179 2537 225 2567 stri
238 2537 408 2573 miserimus,
429 2532 590 2565 mandantes
598 2530 674 2569 quod
687 2529 797 2560 eaedem
807 2527 1005 2558 Ordinationes
1018 2528 1128 2558 fuissent
1142 2528 1171 2557 in
1184 2537 1250 2558 om-

181 2576 263 2606 nibus
277 2574 449 2611 observatae,
866 2607 870 2611 .
922 2605 926 2610 ι
1128 2604 1133 2609 .

219 2615 262 2645 Ac
275 2614 335 2651 jam
349 2611 565 2643 intellexerimus
583 2607 659 2647 quod
673 2606 782 2638 eaedem
798 2605 996 2636 Ordinationes
1009 2603 1071 2635 sunt
1094 2604 1187 2634 minus
1200 2605 1251 2635 be-

181 2654 220 2684 ne
233 2652 402 2689 observatae,
419 2649 495 2681 unde
513 2648 665 2686 plurimum
680 2645 894 2676 conturbamur:
1088 2682 1092 2686 Ι

216 2691 300 2728 Nos,
318 2690 442 2720 volentes
458 2688 658 2718 Ordinationes
674 2685 730 2714 illas
747 2685 775 2713 in
791 2683 926 2712 omnibus
942 2682 974 2712 &
995 2680 1107 2717 singulis
1128 2681 1250 2712 articulis

179 2739 277 2760 earum
293 2728 408 2758 firmiter
424 2726 581 2763 observari,
595 2725 647 2754 tibi
668 2723 846 2760 praecipimus
862 2720 938 2759 quod
961 2719 1162 2763 Ordinationes
1178 2730 1251 2757 prae-

177 2768 284 2805 dietas,
303 2776 366 2804 quae
380 2775 464 2803 penes
477 2773 505 2795 te
519 2764 650 2799 resident,
669 2762 699 2791 in
714 2760 861 2803 Comitatu
874 2767 939 2797 tuo,
958 2766 1087 2801 quotiens
1105 2767 1176 2801 opus
1191 2757 1251 2788 fue-

181 2808 233 2844 rit,
251 2806 403 2843 publicari,
422 2804 455 2834 δε
471 2813 514 2833 eas
526 2804 555 2832 in
569 2801 719 2837 omnibus,
738 2800 770 2830 &
784 2797 895 2835 lingulis
904 2806 1000 2827 earum
1012 2796 1146 2839 articulis,
1165 2806 1251 2833 quan-

182 2854 245 2876 tum
260 2846 290 2874 in
307 2852 334 2874 te
349 2842 405 2880 est,
423 2851 514 2872 teneas
529 2840 661 2877 firmiter,
678 2839 711 2869 &
730 2837 874 2878 observes,
892 2837 925 2866 &
949 2845 997 2879 per
1018 2834 1085 2864 alios
1100 2844 1130 2864 in
1147 2833 1250 2866 Billiva

181 2882 246 2920 tua,
264 2883 297 2912 ex
310 2890 384 2919 parte
399 2879 507 2917 nostra,
526 2878 670 2917 praecipias
682 2876 804 2906 fimiliter
818 2876 965 2907 observari.

220 2921 299 2952 Scire
320 2919 424 2950 faciens
443 2919 576 2948 omnibus
591 2940 600 2955 ,
625 2915 700 2955 quod
721 2913 921 2954 transgressores
942 2911 1112 2945 eorumdem
1132 2912 1253 2950 graviter

183 2960 276 2999 puniri
291 2958 440 2995 volumus,
458 2964 539 2995 prout
551 2955 640 2986 decet.

220 2997 256 3028 Et
270 2997 327 3027 hoc
344 2996 421 3026 nullo
437 2994 526 3025 modo
539 2995 662 3024 omittas.

219 3035 309 3068 Teste
322 3034 403 3074 Rege
414 3033 487 3072 apud
502 3031 635 3071 Clipston
646 3054 656 3070 ,
672 3030 746 3062 sexto
757 3030 804 3061 die
819 3030 927 3062 Martii.

220 3112 334 3143 Eodem
350 3111 440 3142 modo
457 3109 619 3141 mandatum
635 3107 675 3139 est
690 3107 801 3145 singulis
816 3106 1042 3137 Vicecomitibus
1056 3115 1104 3144 per
1112 3105 1257 3144 Angliam.

59 3264 78 3284 ²*
95 3266 156 3293 111.
218 3252 246 3278 ἢ*
270 3258 319 3290 De
336 3256 495 3288 Amaneno
516 3252 552 3285 de
575 3250 718 3290 Lebreto,
742 3249 786 3283 ad
804 3251 1042 3283 Parliamentum
1063 3249 1218 3283 veniendo.

45 3313 173 3381 All-fl)
191 3340 339 3410 RELXb,
354 3339 459 3408 diled‘jgfflol
474 3338 733 3377 consanguineo&
747 3336 821 3367 fideli
832 3335 897 3375 suo,
918 3335 1068 3366 Amaneno
1084 3334 1258 3366 Dominode

94 3398 104 3408 ἢ
151 3408 158 3415 ,
292 3391 307 3411 e
330 3387 387 3409 reto
461 3386 546 3408 utem.

44 3387 147 3460 Ab&
230 3420 335 3449 Literas
352 3402 453 3448 vestras
470 3426 557 3456 nuper
572 3415 728 3451 recepimus
738 3438 746 3451 ,
763 3414 937 3444 continentes
953 3411 1032 3449 quod
1046 3411 1079 3442 ad
1089 3411 1258 3442 Parliamen-

46 3470 79 3492 E.
100 3474 125 3491 2.
188 3465 250 3486 tum
263 3456 404 3494 nostrum,
423 3454 499 3493 quod
515 3454 589 3492 apud
610 3453 794 3483 Lincolniatn
811 3453 841 3481 in
864 3450 1019 3489 Qiindena
1032 3450 1129 3480 Sanffl
1147 3449 1258 3480 Hillarii

46 3503 135 3536 Claus.
151 3511 177 3535 9.
188 3495 320 3532 proximo
335 3493 472 3531 praeterita
483 3492 603 3523 fecimus
626 3491 796 3522 summoneri
806 3513 815 3527 ,
840 3490 915 3527 juxta
937 3488 1099 3519 mandatum
1115 3487 1255 3527 nostrum,

48 3545 80 3568 E.
97 3551 121 3567 2.
140 3550 176 3568 m,
188 3534 268 3563 vobis
280 3532 344 3562 inde
358 3532 517 3570 directum,
535 3529 667 3562 accedere
684 3540 743 3559 non
759 3527 903 3567 potuistis3
920 3535 980 3557 tum
997 3528 1061 3565 quia
1081 3526 1158 3556 idem
1174 3536 1255 3556 man-

54 3587 95 3613 15,
113 3578 138 3606 J.
188 3571 283 3601 datum
302 3571 381 3599 vobis
395 3572 485 3600 minus
501 3569 577 3600 tarde
593 3568 755 3607 porrestum
770 3568 836 3604 fuit,
852 3566 914 3596 tum
937 3567 1002 3603 quii
1016 3574 1145 3602 tempore
1160 3574 1255 3602 recep-

189 3610 273 3639 tionis
287 3607 405 3638 mandati
421 3609 490 3638 illius
503 3607 592 3638 fuistis
610 3608 760 3646 occupati,
786 3606 840 3636 unit
863 3614 931 3635 curn
947 3604 1054 3634 dilcffis
1076 3604 1109 3634 &
1129 3602 1256 3632 fidelibus

191 3646 308 3684 nostris,
322 3645 448 3684 johanne
463 3647 498 3676 de
514 3646 665 3684 Benstede,
685 3646 716 3676 ὃ(
730 3645 847 3674 Thoma
861 3643 897 3673 de
911 3641 1042 3672 Cantebr.
1059 3642 1134 3671 circa
1147 3642 1258 3680 negotia

194 3684 285 3715 nostra
295 3707 304 3722 ,
323 3685 403 3714 vobis
420 3686 453 3715 &
467 3685 528 3722 ipsis
543 3684 708 3721 cmnmiffa,
726 3685 755 3713 in
771 3682 891 3713 Ducatu'
901 3680 1036 3718 praedie'to
1050 3679 1236 3717 expedienda:

230 3722 272 3752 Ex
287 3722 386 3759 quibus
404 3723 485 3752 causis
503 3723 652 3752 absentiam
668 3722 789 3752 vestram
805 3744 814 3759 ,
830 3722 859 3751 in
876 3720 957 3750 disto
980 3718 1185 3756 parliamento,
1209 3727 1258 3748 ex-

193 3761 313 3791 cusatam
325 3760 424 3789 habere
445 3760 632 3798 supplicastis,
649 3760 758 3790 ulterius
773 3760 952 3797 deprecantes
971 3756 1069 3795 quod,
1095 3756 1174 3787 finito
1190 3755 1258 3785 Par-

194 3798 328 3828 liamento
343 3798 499 3837 praedicto,
524 3798 648 3829 nostram
670 3798 844 3828 voluntatem
868 3797 949 3828 vobis
970 3793 1124 3833 significare
1146 3804 1256 3825 curare-

197 3846 260 3866 mus
276 3858 284 3873 ,
300 3835 376 3878 super
397 3835 449 3865 hiis
479 3847 541 3874 quae
565 3846 647 3874 penes
661 3846 712 3866 vos
733 3835 791 3865 fieri
811 3836 945 3866 vellemus
960 3846 970 3872 ·,
995 3834 1112 3872 quibus,
1128 3842 1158 3864 ut
1175 3832 1259 3863 dictae

198 3873 298 3906 vestrae
313 3873 590 3915 literae'continebant
600 3896 610 3912 ,
629 3873 690 3904 estis
707 3884 758 3911 pro
772 3875 837 3904 totis
850 3875 955 3904 viribus
969 3873 1123 3911 praeparati.

234 3911 325 3942 Unde
339 3911 420 3940 vobis
438 3911 471 3940 ad
494 3920 583 3947 grates
609 3911 774 3948 assurgimus
793 3911 922 3949 speciales
936 3935 946 3950 ‚
970 3912 1053 3942 vobis
1074 3908 1260 3947 significantes

195 3950 293 3989 quod,
312 3951 340 3979 in
354 3947 433 3978 dicio
449 3947 648 3986 parliamento,
666 3949 700 3979 de
713 3949 810 3979 nostro
826 3950 859 3980 &
882 3949 1037 3980 Procerum
1060 3948 1159 3986 Regni
1172 3946 1260 3977 nostri

193 3987 342 4027 consensu,
360 3986 474 4026 quidam
491 3986 617 4025 Praelati,
634 3986 780 4026 Comites,
795 3987 933 4026 Batones,
959 3988 993 4019 ὃς
1009 3987 1054 4019 alii
1074 3988 1110 4018 de
1123 3984 1261 4018 Concilio

595 78 1399 133 coNVENTioNES,

1153 169 1172 188 ²*
1191 167 1224 198 &
1262 164 1359 195 nostro
1372 166 1511 197 nominati
1531 166 1563 197 &
1587 166 1709 205 deputati
1730 167 1841 197 fuerunt
1857 165 1891 197 ad
1906 163 2085 196 &strandum
2101 163 2135 196 δε
2149 162 2340 195 ordinandum
2363 157 2439 189 Ann-
2452 157 2494 190 D-

1455 77 1846 128 LITERAE,

1267 204 1383 234 finaliter
1396 206 1526 243 negotia,
1544 213 1643 236 terram
1656 206 1782 237 nostram
1796 206 1902 236 Scotiae
1915 204 2058 244 tangentia
2069 226 2079 242 ,
2104 203 2138 234 &
2157 203 2209 233 alia
2221 202 2258 233 de
2278 203 2342 241 qui-
2383 200 2468 235 131⁶·

1269 244 1322 273 bus
1336 254 1387 273 vos
1403 243 1536 274 volumus
1551 244 1706 274 informari.
2361 236 2431 264 Ἐάν.
2441 242 2474 264 '2-

1286 321 1291 325 ‘
1309 282 1373 319 Set,
1394 283 1459 319 quia
1475 282 1562 312 iidem
1577 282 1701 321 Praelati,
1721 282 1868 321 Comites,
1886 282 2023 318 Barones,
2040 281 2073 312 ὃς
2089 279 2149 318 alii,
2169 279 2206 309 sic
2228 279 2345 318 deputa·

1270 328 1310 358 ti,
1329 320 1490 350 Londoniis
1499 321 1559 359 jam
1575 321 1737 360 existentes,
1760 330 1793 351 ex
1817 321 1898 352 causa
1917 319 2058 359 praemissa
2076 317 2193 349 finaliter
2213 317 2346 348 nondum

1273 359 1474 395 pertractarunt
1482 369 1487 388 :

1286 436 1290 440 ι
1310 397 1384 435 Vos,
1402 407 1450 435 per
1464 397 1578 428 latorem
1592 398 1789 436 praesentium,
1807 397 1872 428 inde
1887 397 2050 435 adpraesens
2063 406 2123 426 non
2136 395 2347 435 potuimuscer-

1272 444 1390 473 morare,
1408 436 1447 466 set
1462 446 1531 466 curn
1549 438 1661 475 negotia
1674 437 1718 467 illa
1738 437 1841 467 fuerint
1862 435 1977 466 finaliter
1987 435 2164 474 pertraetata,
2189 434 2272 464 vobis
2291 443 2346 463 no-

1274 473 1357 504 stram
1372 474 1560 512 voluntatem,
1580 485 1628 512 per
1642 475 1746 506 nostras
1758 475 1876 514 litteras,
1894 484 1953 504 non
1966 474 2136 504 tardabimus
2151 473 2291 509 intimare.
2400 508 2403 512 ι

1311 512 1460 550 Sperantes
1481 513 1557 551 quod
1572 513 1605 543 ad
1626 513 1713 544 nostri
1735 515 1855 544 honores
1878 513 1912 544 &
1933 512 2067 550 obsequia
2094 522 2145 543 vos
2168 511 2347 541 inveniemus
2381 510 2385 513 '

1274 560 1421 590 promptos
1443 551 1476 582 &
1498 560 1622 590 paratOS,
1648 553 1718 583 ficut
1741 563 1807 590 nos,
1825 552 1859 583 &
1872 574 1882 590 ‚
1908 552 1994 581 bonae
2017 552 2182 590 memoriae,
2201 548 2348 580 Dominus
2393 570 2397 573 -

1275 589 1443 628 Edwardus‚
1464 588 1591 620 Genitor
1607 590 1716 629 noster,
1735 601 1785 621 vos
1797 592 1960 621 invenimus
1972 590 2147 626 temporibus
2160 587 2312 620 retroaetis.

1315 627 1381 658 Dat.
1402 628 1475 665 apud
1491 626 1639 667 Clipston,
1656 629 1772 660 decimo
1786 638 1884 669 quarto
1897 628 1943 660 die
1958 628 2068 659 Martii.

1480 759 1529 790 De
1548 753 1736 799 Willenfibus
1753 755 1798 789 ad
1814 760 1923 790 Pacem
1943 755 2126 804 recipiendis.

1277 839 1405 908 REI}
1425 841 1575 885 omnibus,
1594 841 1628 872 ad
1645 852 1733 886 quos,
1752 842 1952 886 &c.·salutem.
1969 882 1974 887 ι
2000 880 2010 890 Α
2070 883 2075 888 .
2137 884 2143 889 ο
2269 883 2274 888 .
2371 867 2398 898 Α

1320 915 1324 920 ¹
1404 889 1420 922 e
1435 879 1565 924 fidelitate
1578 880 1612 911 &
1627 880 1881 919 Circumspetstione
1894 881 2030 920 prowda,
2048 881 2145 913 dilec‘h
2160 881 2288 913 &fidelis
2296 892 2352 913 no·
2400 877 2449 898 nn·
2463 867 2504 900 D·

1277 914 1344 955 stri,
1362 917 1514 948 Willielmi
1526 918 1562 948 de
1578 917 1683 950 Monte
1692 919 1789 950 Acuto
1798 942 1808 958 ,
1825 919 2015 959 confidentes,
2031 920 2092 957 &c.
2100 928 2183 960 prout
2191 920 2277 960 Jicpra
2290 922 2350 951 dat.
2395 910 2481 946 ¹3¹⁶·

2372 949 2426 973 An.

1280 955 1505 1034 13TgstlgRege
1518 995 1577 1034 pud
1590 994 1722 1027 Oneston
1730 1018 1740 1035 ,
1756 995 1875 1027 decimo
1887 996 1966 1027 sexto
1978 997 2025 1029 die
2038 996 2146 1029 Martii.
2371 955 2471 1058 {fl-”²3

2039 1075 2095 1105 Per
2109 1072 2192 1115 ipfiam
2209 1076 2315 1115 Regem.
2370 1064 2498 1129 {721³ss

1395 1212 1453 1246 Ad
1470 1210 1728 1258 constabularium
1750 1217 1902 1258 franciae,
1930 1213 1966 1249 de
1989 1213 2228 1259 Flandreffibus.

1279 1296 1414 1362 REX
1431 1298 1536 1329 Nobili
1549 1299 1639 1339 Viro,
1658 1300 1795 1332 Domino
1810 1301 1851 1332 G.
1870 1301 1906 1332 de
1915 1299 2223 1340 Castellione,C0miti
2237 1299 2272 1331 de
2279 1300 2353 1332 Por·
2375 1300 2452 1332 Arm.
2466 1300 2510 1337 D}

1361 1347 1425 1367 cien
1441 1337 1705 1383 &constabulario
1718 1340 1861 1379 Franciae,
1878 1340 1987 1371 Amico
1995 1340 2045 1371 suo
2056 1339 2354 1380 kariffimo,salutem,
2402 1343 2486 1381 1316.

1280 1374 1313 1405 &
1328 1374 1441 1418 sincetae
1454 1376 1612 1407 dilectionis
1624 1377 1773 1409 affecitum.
2374 1382 2429 1408 AB·
2448 1389 2477 1415 9·

1316 1412 1467 1452 Scripiistis
1480 1417 1561 1446 nobis
1573 1416 1670 1447 datum
1684 1418 1765 1448 fuiffe
1778 1418 1860 1448 vobis
1872 1416 2006 1457 intelligi,
2025 1417 2105 1456 quod
2118 1417 2153 1448 de
2169 1417 2276 1458 Regno
2297 1427 2353 1448 no-
2374 1422 2407 1445 Ε.
2428 1427 2457 1446 2.

1280 1449 1338 1496 stro
1351 1453 1385 1483 ad
1401 1453 1593 1493 flandrenses,
1611 1455 1644 1486 &
1665 1455 1700 1486 de
1721 1456 1848 1486 Flandria
1868 1457 1899 1485 in
1917 1455 2058 1494 Regnum
2080 1455 2209 1486 nostrum
2224 1456 2355 1487 victualia
2374 1460 2446 1484 Rom.
2460 1453 2495 1489 ό·

1280 1490 1369 1536 indies
1382 1491 1521 1538 ducuntur
1535 1493 1569 1524 &
1587 1495 1740 1525 cariantur:
1761 1496 1794 1526 &
1808 1494 1886 1534 quod
1896 1493 2036 1525 Custodes
2049 1496 2080 1525 in
2094 1494 2233 1525 Portubus
2250 1495 2338 1526 Maris
2347 1517 2358 1534 ,
2379 1496 2404 1523 F
2409 1505 2431 1521 r.
2443 1498 2512 1531 9-Ε·,

1281 1538 1313 1558 ea
1325 1529 1364 1572 *de
1379 1541 1461 1561 causa
1475 1542 1523 1569 per
1536 1541 1588 1561 nos
1609 1532 1749 1572 deputati,
1769 1534 1861 1564 minus
1881 1534 1956 1564 bene
1971 1533 1997 1564 se
2012 1534 2116 1565 habent
2137 1535 2167 1563 in
2187 1532 2355 1564 Commiffis
2380 1541 2490 1568 ²·m-9·

1281 1567 1331 1597 fibi
1346 1568 1425 1606 super
1440 1570 1556 1609 negotio
1571 1571 1732 1611 anteditfim,

1318 1605 1367 1637 De
1383 1609 1486 1653 quibus
1498 1608 1654 1648 plurimum
1675 1610 1858 1641 admiramur:
1877 1610 2028 1648 praesertim
2051 1621 2120 1642 cum
2139 1609 2278 1649 praemiffa
2294 1620 2356 1642 non

1282 1645 1334 1676 sint
1347 1646 1520 1691 verisimilia,
1540 1657 1593 1685 pro
1610 1658 1645 1678 eo
1666 1649 1743 1687 quod
1757 1649 1829 1680 dicti
1853 1649 2027 1680 Flandrenses
2046 1650 2076 1679 in
2097 1651 2228 1680 homines
2246 1648 2356 1680 nostros

1282 1694 1370 1724 nuper
1386 1695 1524 1716 irruerunt
1538 1686 1616 1729 super
1630 1686 1731 1726 Mare,
1748 1688 1781 1718 ὃς
1799 1687 1984 1725 deprehensos
1996 1688 2207 1720 interfecerunt.

1322 1724 1550 1768 Verumptamen
1564 1724 1708 1764 detestas,
1725 1726 1745 1756 fi
1760 1728 1808 1764 qui
1822 1726 1872 1756 sint
1888 1727 1918 1756 in
1936 1726 2075 1757 Custodia
2089 1727 2152 1766 illa,
2170 1728 2199 1757 in
2214 1726 2356 1758 Portubus

1283 1761 1461 1808 supradietis,
1479 1763 1540 1806 illos
1556 1764 1679 1808 corrigi,
1697 1765 1729 1796 ὃς
1743 1764 1951 1802 transgressores
1987 1775 2058 1803 quos
2076 1766 2106 1795 in
2119 1766 2174 1797 hac
2188 1774 2262 1805 parte
2277 1767 2358 1796 inve·

1285 1811 1339 1831 niri
1355 1810 1527 1840 contigerit,
1546 1811 1656 1840 puniri,
1674 1812 1756 1841 prout
1777 1805 1932 1841 convenit,
1962 1805 2093 1835 aciamus.

1323 1839 1411 1871 Teste
1438 1839 1523 1878 Rege
1545 1840 1618 1878 apud
1640 1842 1779 1880 Leghton
1793 1842 1900 1873 Busard.
1917 1843 2034 1874 decimo
2052 1852 2131 1873 nono
2146 1842 2193 1874 die
2209 1841 2318 1873 Martii.

1289 1975 1309 1996 *
1332 1976 1383 2009 De
1399 1974 1558 2008 traHando
1577 1973 1614 2008 de
1632 1974 1788 2009 concordia
1802 2003 1811 2018 ‚
1839 1980 1917 2008 inter
1935 1973 2071 2021 subditos
2099 1977 2267 2022 Regnorum
2292 1977 2361 2008 Am

1679 2026 1746 2071 gliae
1761 2028 1798 2063 &
1820 2026 1990 2072 Norwagiae

1288 2107 1416 2167 REX
1431 2111 1580 2149 omnibus,
1597 2110 1631 2143 ad
1647 2119 1732 2151 quos,
1751 2111 1812 2142 &c.
1825 2109 1948 2144 salutem.
2377 2108 2454 2142 Ann.
2472 2108 2517 2147 D.;

1418 2150 1516 2181 Sciatis
1529 2150 1626 2189 quod,
2406 2152 2492 2189 ¹31⁶·

1326 2186 1409 2218 Ciim
1424 2199 1473 2226 per
1488 2190 1618 2219 homines
1628 2188 1664 2218 de
1675 2187 1747 2218 terra
1760 2187 1929 2224 Norwagiae
1943 2186 2117 2217 Hominibus
2132 2188 2165 2218 &
2187 2184 2356 2216 Mercatori-
2379 2192 2433 2217 An.
2442 2197 2471 2223 9.

1288 2225 1340 2255 bus
1351 2226 1387 2256 de
1405 2226 1514 2264 Regno
1531 2227 1644 2265 nostro,
1661 2227 1695 2256 &
1714 2236 1762 2263 per
1783 2226 1924 2255 Homines
1943 2226 1975 2255 &
1999 2224 2175 2254 Mercatores
2194 2223 2230 2254 de
2253 2223 2357 2254 eodem
2381 2231 2410 2253 Ε.
2422 2236 2446 2254 2.

1288 2262 1400 2301 Regno
1413 2265 1511 2295 nostro
1524 2265 1699 2295 Hominibus
1712 2265 1744 2294 &
1762 2263 1971 2294 Mercatoribus
1983 2261 2018 2292 de
2026 2262 2106 2293 dic‘to
2114 2261 2222 2300 Regno
2231 2262 2359 2293 Nor-wa·
2380 2269 2438 2293 Par.
2446 2267 2478 2300 94

1288 2302 1365 2340 giae,
1384 2302 1506 2341 dampna
1524 2302 1634 2333 fuissent
1647 2302 1708 2332 data
1723 2303 1757 2332 &
1771 2302 1840 2332 illata
1853 2302 1920 2331 hinc
1937 2302 1970 2332 δε
1984 2301 2067 2339 inde,
2085 2310 2119 2330 ex
2135 2301 2234 2340 quibus
2255 2299 2359 2331 disseri·
2380 2307 2409 2330 Ε.
2425 2312 2452 2332 2.

1288 2340 1377 2371 siones
1388 2350 1483 2380 graves
1499 2342 1533 2371 &
1545 2341 1690 2372 discordiae
1705 2340 1763 2370 sunt
1776 2340 1894 2378 secutae,
1911 2339 2018 2370 &dam
2039 2350 2073 2369 na
2086 2341 2213 2377 graviora
2227 2346 2360 2376 poterunt
2380 2347 2405 2378 p.
2415 2350 2440 2369 2.
2456 2345 2498 2375 ηις

1287 2381 1418 2418 evenire,
1436 2380 1484 2410 nili
1498 2380 1569 2410 illata
1585 2380 1675 2410 modo
1690 2378 1786 2410 debito
1800 2379 2000 2417 emendentur,
2063 2378 2163 2409 aliasin
2179 2378 2237 2409 hoc
2245 2376 2308 2409 casu
2316 2387 2360 2408 re-
2383 2380 2429 2408 26.

1289 2418 1415 2449 medium
1428 2427 1598 2458 apponatur,

1324 2456 1406 2495 Nos,
1425 2467 1526 2495 pacem
1541 2466 1669 2488 mutuam
1679 2481 1689 2497 ,
1706 2456 1909 2495 dileffionem,
1926 2465 1960 2486 ac
1973 2455 2214 2486 communionem
2233 2455 2303 2485 inter
2317 2455 2360 2484 in-

1289 2496 1362 2525 colas
1376 2496 1409 2526 &
1422 2496 1546 2527 subditos
1560 2495 1731 2536 Regnorum
1744 2495 1948 2534 praedi&orum
1961 2492 2122 2524 affectantes
2135 2493 2306 2532 confoveri,
2323 2492 2361 2524 ad

1290 2535 1466 2565 tractandum
1480 2545 1550 2565 cum
1562 2535 1630 2574 illis,
1649 2545 1720 2572 quos
1732 2533 1855 2571 ejusdem
1871 2533 1969 2570 Regni
1982 2532 2152 2572 Norwagiae
2173 2531 2237 2562 Rex
2250 2531 2285 2562 ad
2303 2533 2361 2563 hoc

1290 2573 1461 2611 deputaverit
1475 2583 1528 2611 pro
1548 2574 1574 2603 se
1587 2574 1620 2604 &
1633 2573 1700 2611 suis,
1718 2573 1745 2602 su
1767 2582 1795 2602 er
1816 2571 1956 2602 amicabili
1977 2570 2175 2601 reformatione
2189 2571 2223 2602 &
2238 2570 2362 2602 emenda

1291 2612 1480 2650 dampnorum
1494 2612 1532 2642 fic
1547 2612 1676 2642 datorum
1693 2611 1726 2642 &
1739 2613 1744 2616 '
1758 2611 1878 2641 latorum
1888 2633 1897 2649 ,
1915 2620 1946 2640 ac
1963 2608 2044 2640 firma
2052 2609 2209 2640 concordia
2223 2610 2295 2640 inter
2307 2619 2361 2640 no-

1291 2650 1363 2681 stros
1377 2651 1410 2681 &
1424 2650 1502 2688 ipsius
1520 2649 1608 2687 Regis
1623 2649 1793 2687 Norwagiae
1813 2648 1934 2679 subditos
1949 2647 2079 2679 facienda
2101 2649 2154 2686 (ita
2169 2656 2263 2678 tamen
2301 2649 2360 2680 uod

1291 2689 1433 2720 tractanda
1447 2691 1477 2718 in
1491 2689 1548 2719 hoc
1564 2688 1628 2719 casu
1641 2688 1724 2719 nobis
1737 2688 1903 2725 referantur,
1920 2694 2068 2725 antequam
2084 2685 2289 2717 confirmentur
2316 2686 2361 2717 di-

1292 2728 1371 2758 leeris
1385 2728 1484 2765 nobis,
1503 2727 1644 2758 Bernardo
1659 2726 1758 2757 Barran
1767 2750 1777 2766 ,
1794 2725 1912 2762 Siglano
1926 2724 1995 2764 Sus,
2012 2726 2046 2756 ὃ(
2057 2725 2180 2764 Johanni
2192 2725 2229 2756 de
2238 2725 2361 2757 Walton

1292 2766 1520 2804 Mercatoribus,
1537 2765 1608 2796 infra
1628 2765 1767 2802 Regnum
1786 2764 1915 2794 nostrum
1935 2764 2179 2802 conversantibus,
2204 2773 2237 2795 ac
2251 2763 2363 2795 duobus

1290 2815 1389 2836 eorum
1406 2806 1547 2844 (quorum
1570 2804 1680 2835 dietum
1694 2803 1960 2843 Johannem'unum
1983 2801 2039 2833 esse
2061 2801 2210 2841 volumus)
2230 2801 2362 2843 plenam,

1291 2853 1390 2876 tenore
1410 2843 1602 2882 praesentium,
1622 2843 1831 2874 committimus
1846 2840 2020 2881 potestatem.

1330 2882 1365 2913 In
1381 2883 1475 2920 cujus,
1493 2882 1553 2913 &c.

1330 2958 1420 2991 Teste
1431 2958 1511 2999 Rege
1522 2959 1595 3000 apud
1608 2958 1811 2991 Windesoram
1820 2982 1830 2998 ‚
1848 2958 2028 2990 duodecimo
2041 2957 2088 2988 die
2102 2955 2212 2995 Aprilis.

1746 3038 1801 3068 Per
1816 3036 1897 3076 ipfiam
1909 3038 2006 3074 Regem
2025 3032 2064 3068 ὠ
2079 3031 2233 3062 Concilium.

1297 3116 1376 3185 ET
1389 3115 1494 3160 iidem,
1509 3115 1679 3160 Bernardus,
1696 3114 1842 3156 Siglarius,
1859 3113 1892 3143 &
1901 3110 2060 3155 Joliannes,
2075 3107 2363 3155 'Mercatoreshquos

1362 3154 1428 3184 Rex
1443 3162 1527 3184 mittit
1543 3153 1578 3184 ad
1628 3161 1680 3183 rtes
1694 3151 1792 3188 Regni
1806 3151 1971 3188 Norwagiae
1985 3158 2038 3185 pro
2057 3148 2163 3178 eisdem
2183 3157 2304 3186 negotiis
2316 3157 2364 3179 ex-

1299 3193 1460 3232 pediendis,
1478 3193 1579 3222 habent
1624 3193 1700 3221 iteras
1720 3189 1810 3226 Regis
1832 3189 1868 3219 de
1883 3187 1957 3219 salvo
1973 3187 2006 3218 &
2019 3186 2118 3218 securo
2130 3186 2294 3226 conduetu,
2311 3197 2363 3226 per

1300 3241 1387 3263 unum
1401 3240 1506 3260 annum
1519 3230 1664 3260 duraturas.

1333 3269 1422 3301 Teste
1437 3268 1522 3307 Rege
1537 3267 1610 3307 apud
1624 3265 1750 3298 Westm.
1769 3274 1814 3305 17.
1833 3265 1879 3295 die
1894 3263 2004 3302 Aprilis.

1410 3395 1467 3430 Ad
1481 3398 1588 3442 Regem
1603 3395 1768 3442 Norwegiae
1778 3414 1788 3432 ,
1798 3391 1895 3438 super
1918 3391 2067 3425 Traeiam
2082 3388 2238 3424 antediflo.

1371 3481 1503 3522 Agnifico
1516 3480 1658 3518 Principi,
1675 3477 1810 3522 Domino
1830 3476 1871 3508 H.
1888 3476 1947 3508 Dei
1965 3476 2051 3517 gratia
2062 3500 2080 3521 ,ι
2097 3474 2176 3512 Regi
2194 3473 2365 3519 Norwagiae
2383 3469 2459 3502 Ann.
2474 3468 2516 3504 D:

1387 3521 1499 3557 illustri,
1517 3519 1624 3550 Amico
1639 3519 1688 3548 suo
1701 3516 1860 3554 carissimo,
1877 3513 2176 3553 Edwardus‚eJusdem
2185 3513 2364 3552 grana‚Rex
2403 3512 2489 3551 1316.

1296 3560 1423 3599 Angliae,
1440 3559 1585 3590 Dominus
1596 3556 1763 3593 Hiberniae,
1780 3556 1813 3586 &
1829 3555 1899 3586 Dux
1919 3555 2097 3594 Aquitaniae,
2113 3550 2244 3589 salutem,
2262 3552 2296 3583 &
2311 3552 2366 3584 fin.
2383 3552 2436 3577 An.
2449 3557 2479 3583 9·

1301 3608 1375 3628 cerae
1387 3597 1545 3629 dilcciionis
1558 3594 1704 3626 affeci-um.
2383 3591 2415 3615 Ε.
2432 3596 2458 3614 2.

1336 3637 1453 3667 Litteras
1466 3634 1566 3666 vestras
1581 3656 1592 3672 ‚
1617 3632 1696 3671 super
1710 3631 1859 3672 dampnis,
1876 3631 2040 3663 hominibus
2057 3627 2159 3672 nostris
2178 3637 2227 3667 per
2240 3628 2364 3670 vestros,
2383 3625 2469 3664 Claus-
2483 3629 2515 3659 9⁴¹»

1298 3675 1333 3705 &
1347 3674 1442 3704 vestris
1454 3683 1505 3712 per
1519 3671 1646 3710 nostros,
1663 3680 1692 3702 ut
1707 3670 1840 3710 refertur,
1858 3672 1926 3702 hinc
1937 3669 2003 3700 inde
2016 3666 2087 3710 datis
2100 3667 2134 3698 &
2148 3666 2242 3706 illatis,
2259 3669 2364 3699 amica-
2383 3668 2414 3691 Ε·
2423 3671 2496 3691 ²·m·

1299 3713 1393 3742 biliter
1407 3711 1585 3750 pacificandis
1621 3709 1721 3739 nostris
1734 3709 1844 3749 litteris,
1862 3710 1936 3749 prius
1949 3706 2030 3738 vobis
2042 3705 2108 3749 iride
2122 3704 2254 3749 dheffis,
2272 3716 2362 3744 nuper
2386 3710 2431 3731 1²·
2447 3701 2474 3730 l·

1298 3752 1454 3788 recepimus
1469 3748 1584 3790 respons
1603 3758 1648 3787 es,
1664 3748 1836 3779 continentes
1848 3746 1927 3786 quod
1941 3743 2073 3776 affectatis
2085 3751 2116 3774 ut
2131 3743 2231 3782 aliqui,
2247 3743 2362 3783 nostro,

1297 3790 1331 3820 &
1346 3790 1513 3828 hominum,
1532 3797 1566 3818 ac
1581 3786 1777 3817 Mercatorum
1791 3788 1827 3818 de
1843 3787 1951 3822 Regno
1964 3781 2079 3826 nostro,
2095 3780 2254 3820 pervestros
2261 3781 2364 3819 damp-

1297 3838 1333 3858 na
1347 3827 1486 3865 passorum
1496 3851 1506 3867 ,
1523 3826 1641 3857 nomine
1647 3825 1682 3856 ad
1690 3825 1865 3856 tractandum
1876 3822 1959 3860 inde,
1976 3830 2007 3850 in
2018 3819 2152 3859 Regnum
2160 3818 2287 3850 vestrum
2294 3821 2362 3851 mit-

1299 3874 1430 3897 terentur.

1335 3904 1423 3942 Super
1439 3904 1537 3944 quibus
1554 3905 1638 3935 vobis
1652 3904 1781 3935 duximus
1798 3898 2011 3943 intimandum,
2035 3895 2134 3935 quod,
2150 3895 2216 3926 licet
2233 3895 2363 3936 deceret,

1297 3952 1332 3973 ex
1346 3942 1458 3973 diversis
1472 3943 1570 3981 causis,
1586 3942 1662 3981 quod
1678 3942 1763 3974 vestri
1782 3949 1848 3977 erga
1861 3947 1913 3968 nos
1931 3943 2077 3973 venirent,
2092 3934 2128 3966 ad
2134 3934 2309 3979 trafitandum
2317 3935 2363 3966 su-

1299 3991 1348 4020 per
1367 3983 1489 4020 negotiis
1505 3981 1668 4020 antediem
1685 3985 1918 4017 verumptamen,
1935 3984 1988 4014 pro
2000 3974 2081 4005 bono
2098 3982 2190 4012 pacis,
2208 3973 2242 4006 &
2256 3981 2363 4043 migssuae

2335 4020 2364 4043 e.
